320.88188976377955 672.6614173228346
126.70866141732283 19.84251968503937 91.55905511811024 22.393700787401574 SÉLECTIONS
196.7244094488189 19.84251968503937 86.1732283464567 22.393700787401574 RÉGIONALES

185.66929133858267 33.44881889763779 97.22834645669292 17.291338582677167 (CASINOS)

42.23622047244095 106.86614173228347 26.078740157480315 23.244094488188978 Le
55.275590551181104 106.86614173228347 56.69291338582677 23.244094488188978 programme
98.64566929133858 106.86614173228347 26.078740157480315 23.244094488188978 de
111.68503937007874 106.86614173228347 73.98425196850394 23.244094488188978 collaboration
172.62992125984252 106.86614173228347 34.86614173228347 23.244094488188978 avec
194.45669291338584 106.86614173228347 30.614173228346456 23.244094488188978 les
212.03149606299212 106.86614173228347 47.90551181102362 23.244094488188978 Casinos
242.36220472440945 106.86614173228347 21.826771653543307 23.244094488188978 qui

42.51968503937008 116.78740157480316 39.40157480314961 22.393700787401574 n’avait
71.14960629921259 116.78740157480316 24.944881889763778 22.393700787401574 été
85.60629921259843 116.78740157480316 53.574803149606296 22.393700787401574 qu’esquissé
128.40944881889763 116.78740157480316 21.543307086614174 22.393700787401574 il
139.1811023622047 116.78740157480316 17.858267716535433 22.393700787401574 y
146.26771653543307 116.78740157480316 17.858267716535433 22.393700787401574 a
153.35433070866142 116.78740157480316 28.62992125984252 22.393700787401574 deux
171.21259842519686 116.78740157480316 28.62992125984252 22.393700787401574 ans,
189.0708661417323 116.78740157480316 17.858267716535433 22.393700787401574 a
196.15748031496062 116.78740157480316 28.62992125984252 22.393700787401574 pris
214.29921259842519 116.78740157480316 32.031496062992126 22.393700787401574 cette
232.15748031496062 116.78740157480316 32.031496062992126 22.393700787401574 fois

42.51968503937008 129.54330708661416 26.078740157480315 19.559055118110237 une
57.25984251968504 129.54330708661416 40.818897637795274 19.559055118110237 ampleur
87.02362204724409 129.54330708661416 33.44881889763779 19.559055118110237 toute
109.41732283464567 129.54330708661416 63.21259842519685 19.559055118110237 particulière,
161.29133858267716 129.54330708661416 33.44881889763779 19.559055118110237 grâce
183.68503937007873 129.54330708661416 26.078740157480315 19.559055118110237 aux
198.4251968503937 129.54330708661416 40.818897637795274 19.559055118110237 efforts
224.50393700787401 129.54330708661416 40.818897637795274 19.559055118110237 conjugués

42.51968503937008 136.91338582677164 24.094488188976378 20.976377952755904 de
54.425196850393704 136.91338582677164 24.094488188976378 20.976377952755904 M.
66.33070866141732 136.91338582677164 43.93700787401575 20.976377952755904 Maurice
98.36220472440945 136.91338582677164 43.93700787401575 20.976377952755904 Guérin,
130.39370078740157 136.91338582677164 51.874015748031496 20.976377952755904 Président
170.36220472440945 136.91338582677164 24.094488188976378 20.976377952755904 du
182.26771653543307 136.91338582677164 47.90551181102362 20.976377952755904 Syndicat
218.26771653543307 136.91338582677164 28.062992125984252 20.976377952755904 des
230.17322834645668 136.91338582677164 36.0 20.976377952755904 Casinos

41.95275590551181 145.98425196850394 53.85826771653543 22.393700787401574 autorisés
83.62204724409449 145.98425196850394 24.944881889763778 22.393700787401574 de
95.81102362204724 145.98425196850394 45.63779527559055 22.393700787401574 France,
128.9763779527559 145.98425196850394 24.944881889763778 22.393700787401574 et
141.4488188976378 145.98425196850394 28.913385826771652 22.393700787401574 des
158.17322834645668 145.98425196850394 58.110236220472444 22.393700787401574 animateurs
203.81102362204723 145.98425196850394 28.913385826771652 22.393700787401574 des
220.251968503937 145.98425196850394 45.63779527559055 22.393700787401574 casinos
249.4488188976378 145.98425196850394 16.440944881889763 22.393700787401574 de

42.803149606299215 157.60629921259843 106.01574803149606 20.409448818897637 Charbonnières-les-Bains,
137.48031496062993 157.60629921259843 53.00787401574803 20.409448818897637 Deauville,
179.1496062992126 157.60629921259843 22.677165354330707 20.409448818897637 La
190.48818897637796 157.60629921259843 37.98425196850393 20.409448818897637 Baule,
216.8503937007874 157.60629921259843 30.330708661417322 20.409448818897637 Nice
235.84251968503938 157.60629921259843 22.677165354330707 20.409448818897637 et
243.49606299212599 157.60629921259843 22.677165354330707 20.409448818897637 Nie

38.83464566929134 174.89763779527559 41.10236220472441 12.472440944881889 derbronn.

42.803149606299215 181.13385826771653 23.244094488188978 18.4251968503937 En
54.425196850393704 181.13385826771653 38.55118110236221 18.4251968503937 effet,
81.63779527559055 181.13385826771653 38.55118110236221 18.4251968503937 chacun
108.56692913385827 181.13385826771653 23.244094488188978 18.4251968503937 de
120.18897637795276 181.13385826771653 26.929133858267715 18.4251968503937 ces
135.7795275590551 181.13385826771653 42.51968503937008 18.4251968503937 casinos
166.6771653543307 181.13385826771653 19.275590551181104 18.4251968503937 a
174.33070866141733 181.13385826771653 46.488188976377955 18.4251968503937 organisé
209.1968503937008 181.13385826771653 26.929133858267715 18.4251968503937 une
220.53543307086613 181.13385826771653 46.488188976377955 18.4251968503937 exposition

42.51968503937008 189.0708661417323 55.275590551181104 19.559055118110237 d’artistes
85.88976377952756 189.0708661417323 23.52755905511811 19.559055118110237 de
97.79527559055119 189.0708661417323 23.52755905511811 19.559055118110237 sa
109.7007874015748 189.0708661417323 39.40157480314961 19.559055118110237 région
137.1968503937008 189.0708661417323 23.52755905511811 19.559055118110237 et
149.10236220472441 189.0708661417323 43.37007874015748 19.559055118110237 parfois
180.56692913385828 189.0708661417323 31.46456692913386 19.559055118110237 même
200.40944881889763 189.0708661417323 27.496062992125985 19.559055118110237 une
212.03149606299212 189.0708661417323 55.275590551181104 19.559055118110237 présentation

42.51968503937008 198.99212598425197 24.944881889763778 18.4251968503937 de
54.99212598425197 198.99212598425197 54.425196850393704 18.4251968503937 plusieurs
96.94488188976378 198.99212598425197 41.669291338582674 18.4251968503937 jeunes
126.14173228346456 198.99212598425197 62.645669291338585 18.4251968503937 compagnies,
176.31496062992127 198.99212598425197 54.425196850393704 18.4251968503937 également
213.73228346456693 198.99212598425197 54.425196850393704 18.4251968503937 régionales,

42.803149606299215 208.06299212598427 35.1496062992126 20.125984251968504 parmi
66.33070866141732 208.06299212598427 54.70866141732284 20.125984251968504 lesquelles
109.13385826771653 208.06299212598427 23.52755905511811 20.125984251968504 un
120.75590551181102 208.06299212598427 35.1496062992126 20.125984251968504 jury,
144.28346456692913 208.06299212598427 42.803149606299215 20.125984251968504 composé
175.46456692913387 208.06299212598427 23.52755905511811 20.125984251968504 de
187.08661417322836 208.06299212598427 62.36220472440945 20.125984251968504 personnalité
233.85826771653544 208.06299212598427 35.1496062992126 20.125984251968504 locales

42.803149606299215 219.11811023622047 23.811023622047244 19.275590551181104 et
54.70866141732284 219.11811023622047 23.811023622047244 19.275590551181104 de
66.61417322834646 219.11811023622047 67.46456692913385 19.275590551181104 représentants
122.1732283464567 219.11811023622047 23.811023622047244 19.275590551181104 de
134.07874015748033 219.11811023622047 23.811023622047244 19.275590551181104 la
145.98425196850394 219.11811023622047 47.62204724409449 19.275590551181104 Biennale
181.41732283464566 219.11811023622047 23.811023622047244 19.275590551181104 de
193.3228346456693 219.11811023622047 39.68503937007874 19.275590551181104 Paris,
221.10236220472441 219.11811023622047 19.84251968503937 19.275590551181104 a
229.03937007874015 219.11811023622047 39.68503937007874 19.275590551181104 choisi
252.8503937007874 219.11811023622047 15.874015748031496 19.275590551181104 un

43.08661417322835 227.90551181102362 45.354330708661415 17.007874015748033 certain
76.25196850393701 227.90551181102362 41.10236220472441 17.007874015748033 nombre
104.88188976377953 227.90551181102362 57.54330708661417 17.007874015748033 d’artistes
150.23622047244095 227.90551181102362 24.661417322834644 17.007874015748033 et
162.70866141732284 227.90551181102362 24.661417322834644 17.007874015748033 de
174.89763779527559 227.90551181102362 61.79527559055118 17.007874015748033 compagnies.
224.2204724409449 227.90551181102362 41.10236220472441 17.007874015748033 Ainsi,
248.88188976377953 227.90551181102362 20.69291338582677 17.007874015748033 par

43.37007874015748 237.25984251968504 26.929133858267715 18.141732283464567 ces
58.960629921259844 237.25984251968504 57.54330708661417 18.141732283464567 initiatives
104.88188976377953 237.25984251968504 61.511811023622045 18.141732283464567 muitipliées,
154.77165354330708 237.25984251968504 57.54330708661417 18.141732283464567 différentes
200.9763779527559 237.25984251968504 42.23622047244095 18.141732283464567 régions
231.59055118110237 237.25984251968504 22.96062992125984 18.141732283464567 de
239.5275590551181 237.25984251968504 30.614173228346456 18.141732283464567 France

43.653543307086615 246.61417322834646 28.346456692913385 20.125984251968504 ont
59.811023622047244 246.61417322834646 24.37795275590551 20.125984251968504 pu
72.0 246.61417322834646 32.31496062992126 20.125984251968504 être
92.1259842519685 246.61417322834646 52.724409448818896 20.125984251968504 associées
132.66141732283464 246.61417322834646 32.31496062992126 20.125984251968504 plus
153.0708661417323 246.61417322834646 60.661417322834644 20.125984251968504 étroitement
201.54330708661416 246.61417322834646 28.346456692913385 20.125984251968504 que
217.70078740157481 246.61417322834646 28.346456692913385 20.125984251968504 par
233.85826771653544 246.61417322834646 24.37795275590551 20.125984251968504 le
242.07874015748033 246.61417322834646 28.346456692913385 20.125984251968504 passé

43.653543307086615 260.78740157480314 24.944881889763778 13.606299212598426 aux
58.110236220472444 260.78740157480314 46.20472440944882 13.606299212598426 activités
93.54330708661418 260.78740157480314 21.25984251968504 13.606299212598426 de
104.31496062992126 260.78740157480314 21.25984251968504 13.606299212598426 la
111.4015748031496 260.78740157480314 39.118110236220474 13.606299212598426 Biennale.

44.503937007874015 267.0236220472441 25.79527559055118 21.25984251968504 Les
59.24409448818898 267.0236220472441 43.93700787401575 21.25984251968504 artistes
92.1259842519685 267.0236220472441 22.11023622047244 21.25984251968504 de
103.18110236220473 267.0236220472441 22.11023622047244 21.25984251968504 la
114.23622047244095 267.0236220472441 40.25196850393701 21.25984251968504 Section
143.43307086614172 267.0236220472441 29.19685039370079 21.25984251968504 arts
161.85826771653544 267.0236220472441 51.30708661417323 21.25984251968504 plastiques
202.11023622047244 267.0236220472441 32.881889763779526 21.25984251968504 ainsi
220.53543307086613 267.0236220472441 51.30708661417323 21.25984251968504 sélectionnés

43.653543307086615 281.1968503937008 47.90551181102362 17.007874015748033 figurent
79.65354330708661 281.1968503937008 59.811023622047244 17.007874015748033 ci-dessous;
127.55905511811024 281.1968503937008 28.062992125984252 17.007874015748033 les
143.43307086614172 281.1968503937008 55.84251968503937 17.007874015748033 compagnies
187.37007874015748 281.1968503937008 55.84251968503937 17.007874015748033 théâtrales
231.30708661417322 281.1968503937008 32.031496062992126 17.007874015748033 sont
247.1811023622047 281.1968503937008 24.094488188976378 17.007874015748033 men-

43.93700787401575 292.251968503937 45.07086614173228 15.023622047244094 tionnées
77.66929133858268 292.251968503937 30.04724409448819 15.023622047244094 dans
96.37795275590551 292.251968503937 22.677165354330707 15.023622047244094 la
107.71653543307086 292.251968503937 45.07086614173228 15.023622047244094 rubrique
137.76377952755905 292.251968503937 45.07086614173228 15.023622047244094 spectacle.

44.22047244094488 300.4724409448819 24.37795275590551 18.708661417322833 Il
56.40944881889764 300.4724409448819 32.59842519685039 18.708661417322833 faut
76.81889763779527 300.4724409448819 44.78740157480315 18.708661417322833 ajouter
109.41732283464567 300.4724409448819 28.62992125984252 18.708661417322833 que
125.5748031496063 300.4724409448819 56.976377952755904 18.708661417322833 l’activité
170.36220472440945 300.4724409448819 28.62992125984252 18.708661417322833 des
186.8031496062992 300.4724409448819 44.78740157480315 18.708661417322833 Casinos
219.4015748031496 300.4724409448819 24.37795275590551 18.708661417322833 de
231.59055118110237 300.4724409448819 40.818897637795274 18.708661417322833 France
255.96850393700788 300.4724409448819 16.440944881889763 18.708661417322833 ne

44.22047244094488 310.96062992125985 34.86614173228347 17.5748031496063 s’est
67.46456692913385 310.96062992125985 27.212598425196852 17.5748031496063 pas
83.05511811023622 310.96062992125985 42.803149606299215 17.5748031496063 limitée
114.23622047244095 310.96062992125985 19.275590551181104 17.5748031496063 à
121.88976377952756 310.96062992125985 27.212598425196852 17.5748031496063 cet
137.48031496062993 310.96062992125985 38.83464566929134 17.5748031496063 effort
164.69291338582678 310.96062992125985 23.244094488188978 17.5748031496063 de
176.31496062992127 310.96062992125985 66.04724409448819 17.5748031496063 présélection,
230.45669291338584 310.96062992125985 31.181102362204726 17.5748031496063 mais
246.04724409448818 310.96062992125985 27.212598425196852 17.5748031496063 qu’en

44.22047244094488 322.01574803149606 31.748031496062993 14.740157480314961 1964
64.06299212598425 322.01574803149606 47.62204724409449 14.740157480314961 certains
99.77952755905511 322.01574803149606 43.653543307086615 14.740157480314961 d’entre
131.24409448818898 322.01574803149606 31.748031496062993 14.740157480314961 eux,
151.08661417322836 322.01574803149606 35.71653543307087 14.740157480314961 ainsi
174.89763779527559 322.01574803149606 27.77952755905512 14.740157480314961 que
190.77165354330708 322.01574803149606 47.62204724409449 14.740157480314961 certains
226.20472440944883 322.01574803149606 43.653543307086615 14.740157480314961 musées,
253.98425196850394 322.01574803149606 19.84251968503937 14.740157480314961 ont

43.93700787401575 331.37007874015745 59.811023622047244 16.724409448818896 accueilli
89.85826771653544 331.37007874015745 32.31496062992126 16.724409448818896 les
108.28346456692914 331.37007874015745 64.34645669291339 16.724409448818896 SELECTIONS
158.74015748031496 331.37007874015745 27.496062992125985 16.724409448818896 DE
172.62992125984252 331.37007874015745 27.496062992125985 16.724409448818896 LA
186.51968503937007 331.37007874015745 55.275590551181104 16.724409448818896 BIENNALE
227.90551181102362 331.37007874015745 27.496062992125985 16.724409448818896 DE
236.9763779527559 331.37007874015745 36.8503937007874 16.724409448818896 PARIS,

44.503937007874015 341.00787401574803 65.48031496062993 14.740157480314961 c’est-à-dire
97.51181102362204 341.00787401574803 28.62992125984252 14.740157480314961 les
113.95275590551181 341.00787401574803 49.039370078740156 14.740157480314961 lauréats
150.8031496062992 341.00787401574803 24.661417322834644 14.740157480314961 de
163.2755905511811 341.00787401574803 24.661417322834644 14.740157480314961 la
175.46456692913387 341.00787401574803 53.29133858267716 14.740157480314961 Troisième
216.56692913385828 341.00787401574803 53.29133858267716 14.740157480314961 Biennale.
253.41732283464566 341.00787401574803 20.409448818897637 14.740157480314961 Ces

44.22047244094488 351.496062992126 58.39370078740158 15.307086614173228 sélections
90.14173228346456 351.496062992126 66.61417322834646 15.307086614173228 comprenaient
144.28346456692913 351.496062992126 33.16535433070866 15.307086614173228 huit
164.9763779527559 351.496062992126 79.08661417322834 15.307086614173228 manifestations:
231.59055118110237 351.496062992126 29.19685039370079 15.307086614173228 une
244.06299212598427 351.496062992126 29.19685039370079 15.307086614173228 expo-

44.503937007874015 361.4173228346457 43.653543307086615 14.740157480314961 sition-
76.25196850393701 361.4173228346457 23.811023622047244 14.740157480314961 un
88.15748031496064 361.4173228346457 43.653543307086615 14.740157480314961 concert
119.90551181102362 361.4173228346457 23.811023622047244 14.740157480314961 de
131.81102362204723 361.4173228346457 43.653543307086615 14.740157480314961 musique
163.84251968503938 361.4173228346457 59.52755905511811 14.740157480314961 enregistrée
211.46456692913387 361.4173228346457 19.84251968503937 14.740157480314961 -
219.4015748031496 361.4173228346457 23.811023622047244 14.740157480314961 un
231.30708661417322 361.4173228346457 43.653543307086615 14.740157480314961 récital
259.0866141732283 361.4173228346457 15.874015748031496 14.740157480314961 de

45.07086614173228 369.07086614173227 41.10236220472441 17.291338582677167 piano-
73.7007874015748 369.07086614173227 32.881889763779526 17.291338582677167 deux
94.11023622047244 369.07086614173227 57.54330708661417 17.291338582677167 programmes
139.46456692913387 369.07086614173227 24.661417322834644 17.291338582677167 de
151.6535433070866 369.07086614173227 36.8503937007874 17.291338582677167 films
176.31496062992127 369.07086614173227 28.62992125984252 17.291338582677167 sur
192.75590551181102 369.07086614173227 41.10236220472441 17.291338582677167 l’art-
221.66929133858267 369.07086614173227 24.661417322834644 17.291338582677167 un
229.88976377952756 369.07086614173227 45.07086614173228 17.291338582677167 spectacle

44.503937007874015 378.1417322834646 65.48031496062993 15.590551181102363 dramatique-
96.66141732283465 378.1417322834646 26.078740157480315 15.590551181102363 un
109.98425196850394 378.1417322834646 56.69291338582677 15.590551181102363 spectacle
153.63779527559055 378.1417322834646 78.51968503937007 15.590551181102363 chorégraphique
219.11811023622047 378.1417322834646 21.826771653543307 15.590551181102363 -
227.90551181102362 378.1417322834646 26.078740157480315 15.590551181102363 un
236.40944881889763 378.1417322834646 39.40157480314961 15.590551181102363 concert

45.07086614173228 388.62992125984255 24.37795275590551 15.023622047244094 de
57.25984251968504 388.62992125984255 36.56692913385827 15.023622047244094 jazz.
81.35433070866142 388.62992125984255 28.346456692913385 15.023622047244094 Ces
97.79527559055119 388.62992125984255 48.75590551181102 15.023622047244094 diverses
134.07874015748033 388.62992125984255 72.85039370078741 15.023622047244094 manifestations
195.0236220472441 388.62992125984255 28.346456692913385 15.023622047244094 ont
211.1811023622047 388.62992125984255 28.346456692913385 15.023622047244094 été
223.37007874015748 388.62992125984255 52.724409448818896 15.023622047244094 accueillies

45.63779527559055 397.7007874015748 28.913385826771652 16.724409448818896 par
62.36220472440945 397.7007874015748 28.913385826771652 16.724409448818896 les
78.80314960629921 397.7007874015748 45.354330708661415 16.724409448818896 casinos
111.68503937007874 397.7007874015748 24.661417322834644 16.724409448818896 de
124.15748031496064 397.7007874015748 32.881889763779526 16.724409448818896 Nice
144.8503937007874 397.7007874015748 24.661417322834644 16.724409448818896 et
157.03937007874015 397.7007874015748 24.661417322834644 16.724409448818896 de
169.51181102362204 397.7007874015748 74.26771653543307 16.724409448818896 Charbonnières,
231.30708661417322 397.7007874015748 28.913385826771652 16.724409448818896 les
243.7795275590551 397.7007874015748 32.881889763779526 16.724409448818896 Musées

45.63779527559055 409.3228346456693 52.44094488188976 12.755905511811024 d’Annecy,
85.88976377952756 409.3228346456693 36.28346456692913 12.755905511811024 Mâcon
110.26771653543307 409.3228346456693 24.37795275590551 12.755905511811024 et
122.45669291338582 409.3228346456693 24.37795275590551 12.755905511811024 du
134.36220472440945 409.3228346456693 36.28346456692913 12.755905511811024 Havre
158.74015748031496 409.3228346456693 24.37795275590551 12.755905511811024 et
170.9291338582677 409.3228346456693 24.37795275590551 12.755905511811024 la
183.11811023622047 409.3228346456693 36.28346456692913 12.755905511811024 ville
207.21259842519686 409.3228346456693 24.37795275590551 12.755905511811024 de
215.43307086614172 409.3228346456693 36.28346456692913 12.755905511811024 Dieppe.

45.354330708661415 419.244094488189 36.56692913385827 16.724409448818896 Ainsi
69.73228346456693 419.244094488189 20.409448818897637 16.724409448818896 a
77.66929133858268 419.244094488189 24.37795275590551 16.724409448818896 pu
89.85826771653544 419.244094488189 40.53543307086614 16.724409448818896 naître
118.48818897637796 419.244094488189 36.56692913385827 16.724409448818896 entre
142.86614173228347 419.244094488189 28.346456692913385 16.724409448818896 les
159.0236220472441 419.244094488189 52.724409448818896 16.724409448818896 Troisième
199.84251968503938 419.244094488189 24.37795275590551 16.724409448818896 et
212.03149606299212 419.244094488189 52.724409448818896 16.724409448818896 Quatrième
248.5984251968504 419.244094488189 28.346456692913385 16.724409448818896 Bien-

45.92125984251968 429.4488188976378 33.732283464566926 16.440944881889763 nale
66.89763779527559 429.4488188976378 25.228346456692915 16.440944881889763 un
79.65354330708661 429.4488188976378 54.70866141732284 16.440944881889763 véritable
121.60629921259843 429.4488188976378 46.20472440944882 16.440944881889763 courant
155.0551181102362 429.4488188976378 58.67716535433071 16.440944881889763 d’échanges
201.25984251968504 429.4488188976378 37.7007874015748 16.440944881889763 entre
226.48818897637796 429.4488188976378 37.7007874015748 16.440944881889763 Paris
251.71653543307087 429.4488188976378 25.228346456692915 16.440944881889763 et
260.2204724409449 429.4488188976378 16.724409448818896 16.440944881889763 la

45.92125984251968 439.37007874015745 59.24409448818898 16.724409448818896 province,
91.55905511811024 439.37007874015745 31.748031496062993 16.724409448818896 une
109.7007874015748 439.37007874015745 90.99212598425197 16.724409448818896 décentralisation
187.08661417322836 439.37007874015745 63.77952755905512 16.724409448818896 réciproque
232.44094488188978 439.37007874015745 45.63779527559055 16.724409448818896 comprise

46.20472440944882 452.6929133858268 37.13385826771653 11.338582677165354 comme
71.14960629921259 452.6929133858268 28.913385826771652 11.338582677165354 une
87.59055118110236 452.6929133858268 53.574803149606296 11.338582677165354 véritable
124.7244094488189 452.6929133858268 65.76377952755905 11.338582677165354 collaboration.

107.43307086614173 486.1417322834646 63.496062992125985 16.15748031496063 PEINTURE
155.0551181102362 486.1417322834646 31.748031496062993 16.15748031496063 ET
165.82677165354332 486.1417322834646 42.23622047244095 16.15748031496063 DESSIN

47.05511811023622 503.7165354330709 41.95275590551181 14.173228346456693 Jean
77.38582677165354 503.7165354330709 57.25984251968504 14.173228346456693 BATAIL
123.30708661417323 503.7165354330709 22.96062992125984 14.173228346456693 né
134.9291338582677 503.7165354330709 22.96062992125984 14.173228346456693 en
146.26771653543307 503.7165354330709 30.614173228346456 14.173228346456693 1930
165.54330708661416 503.7165354330709 18.992125984251967 14.173228346456693 à
173.1968503937008 503.7165354330709 30.614173228346456 14.173228346456693 Lyon
188.50393700787401 503.7165354330709 41.95275590551181 14.173228346456693 (France).

32.31496062992126 515.6220472440945 49.039370078740156 10.771653543307087 266
70.86614173228347 515.6220472440945 24.37795275590551 10.771653543307087 Les
84.75590551181102 515.6220472440945 35.1496062992126 10.771653543307087 mains,
109.13385826771653 515.6220472440945 28.062992125984252 10.771653543307087 1964
126.70866141732283 515.6220472440945 49.039370078740156 10.771653543307087 (peinture,
165.25984251968504 515.6220472440945 20.976377952755904 10.771653543307087 73
175.748031496063 515.6220472440945 17.5748031496063 10.771653543307087 x
179.43307086614172 515.6220472440945 24.37795275590551 10.771653543307087 100).

31.748031496062993 522.4251968503937 51.59055118110236 14.173228346456693 267
72.28346456692914 522.4251968503937 40.53543307086614 14.173228346456693 Paysage
101.76377952755905 522.4251968503937 22.11023622047244 14.173228346456693 de
112.81889763779527 522.4251968503937 33.16535433070866 14.173228346456693 Lyon,
134.9291338582677 522.4251968503937 29.480314960629922 14.173228346456693 1964
153.0708661417323 522.4251968503937 51.59055118110236 14.173228346456693 (peinture,
193.60629921259843 522.4251968503937 22.11023622047244 14.173228346456693 73
204.66141732283464 522.4251968503937 18.4251968503937 14.173228346456693 x
208.3464566929134 522.4251968503937 25.79527559055118 14.173228346456693 100).

47.338582677165356 536.0314960629921 47.90551181102362 15.590551181102363 Paul
81.92125984251969 536.0314960629921 82.48818897637796 15.590551181102363 BURGHOFFER
151.37007874015748 536.0314960629921 26.078740157480315 15.590551181102363 né
164.40944881889763 536.0314960629921 26.078740157480315 15.590551181102363 en
177.4488188976378 536.0314960629921 34.86614173228347 15.590551181102363 1940
199.2755905511811 536.0314960629921 21.826771653543307 15.590551181102363 à
208.06299212598427 536.0314960629921 43.37007874015748 15.590551181102363 Colmar
233.85826771653544 536.0314960629921 47.90551181102362 15.590551181102363 (France).

32.59842519685039 548.7874015748032 49.32283464566929 12.188976377952756 268
71.43307086614173 548.7874015748032 42.23622047244095 12.188976377952756 Paysage,
103.18110236220473 548.7874015748032 28.346456692913385 12.188976377952756 1965
120.75590551181102 548.7874015748032 49.32283464566929 12.188976377952756 (peinture,
159.59055118110237 548.7874015748032 24.661417322834644 12.188976377952756 100
173.76377952755905 548.7874015748032 17.5748031496063 12.188976377952756 x
177.16535433070865 548.7874015748032 21.25984251968504 12.188976377952756 81).

33.16535433070866 558.4251968503937 45.07086614173228 12.755905511811024 269
67.74803149606299 558.4251968503937 20.69291338582677 12.755905511811024 La
77.95275590551181 558.4251968503937 31.181102362204726 12.755905511811024 Cité,
98.92913385826772 558.4251968503937 27.77952755905512 12.755905511811024 1965
116.22047244094489 558.4251968503937 48.47244094488189 12.755905511811024 (peinture,
154.20472440944883 558.4251968503937 20.69291338582677 12.755905511811024 70
164.69291338582678 558.4251968503937 17.291338582677167 12.755905511811024 x
168.09448818897638 558.4251968503937 20.69291338582677 12.755905511811024 50).

32.31496062992126 568.3464566929134 58.110236220472444 14.740157480314961 Robert
77.10236220472441 568.3464566929134 67.18110236220473 14.740157480314961 DURAND
130.96062992125985 568.3464566929134 26.929133858267715 14.740157480314961 né
144.28346456692913 568.3464566929134 26.929133858267715 14.740157480314961 en
157.60629921259843 568.3464566929134 35.71653543307087 14.740157480314961 1931
180.0 568.3464566929134 22.393700787401574 14.740157480314961 à
189.0708661417323 568.3464566929134 53.85826771653543 14.740157480314961 Charlieu
224.78740157480314 568.3464566929134 49.32283464566929 14.740157480314961 (France).

33.44881889763779 583.3700787401575 48.188976377952756 10.771653543307087 270
71.14960629921259 583.3700787401575 20.69291338582677 10.771653543307087 Un
81.63779527559055 583.3700787401575 37.98425196850393 10.771653543307087 certain
109.13385826771653 583.3700787401575 30.89763779527559 10.771653543307087 soir,
129.82677165354332 583.3700787401575 27.496062992125985 10.771653543307087 1964
146.83464566929135 583.3700787401575 37.98425196850393 10.771653543307087 (huile,
174.33070866141733 583.3700787401575 24.094488188976378 10.771653543307087 116
188.2204724409449 583.3700787401575 17.291338582677167 10.771653543307087 x
191.6220472440945 583.3700787401575 20.69291338582677 10.771653543307087 89).

33.44881889763779 590.4566929133858 47.338582677165356 15.874015748031496 271
70.58267716535433 590.4566929133858 20.409448818897637 15.874015748031496 Il
80.78740157480316 590.4566929133858 23.811023622047244 15.874015748031496 n’y
94.39370078740157 590.4566929133858 17.007874015748033 15.874015748031496 a
101.19685039370079 590.4566929133858 27.212598425196852 15.874015748031496 rien
118.20472440944881 590.4566929133858 40.53543307086614 15.874015748031496 d’autre,
148.53543307086613 590.4566929133858 27.212598425196852 15.874015748031496 1964
165.54330708661416 590.4566929133858 37.13385826771653 15.874015748031496 (huile,
192.75590551181102 590.4566929133858 23.811023622047244 15.874015748031496 116
206.07874015748033 590.4566929133858 17.007874015748033 15.874015748031496 x
209.48031496062993 590.4566929133858 20.409448818897637 15.874015748031496 81).

48.47244094488189 603.496062992126 54.70866141732284 16.15748031496063 Jeanne
90.4251968503937 603.496062992126 71.43307086614173 16.15748031496063 GERARDIN
149.38582677165354 603.496062992126 29.480314960629922 16.15748031496063 née
166.11023622047244 603.496062992126 25.228346456692915 16.15748031496063 en
178.86614173228347 603.496062992126 33.732283464566926 16.15748031496063 1930
199.84251968503938 603.496062992126 20.976377952755904 16.15748031496063 à
208.3464566929134 603.496062992126 37.7007874015748 16.15748031496063 Nimes
229.3228346456693 603.496062992126 46.20472440944882 16.15748031496063 (France).

49.60629921259842 615.4015748031496 44.78740157480315 14.456692913385826 Fenêtre
82.20472440944881 615.4015748031496 49.039370078740156 14.456692913385826 ouverte,
118.77165354330708 615.4015748031496 32.59842519685039 14.456692913385826 1963
139.1811023622047 615.4015748031496 44.78740157480315 14.456692913385826 (huile,
171.7795275590551 615.4015748031496 24.37795275590551 14.456692913385826 92
183.96850393700788 615.4015748031496 20.409448818897637 14.456692913385826 x
188.2204724409449 615.4015748031496 24.37795275590551 14.456692913385826 65).

33.44881889763779 627.3070866141733 46.20472440944882 12.188976377952756 273
69.16535433070867 627.3070866141733 39.118110236220474 12.188976377952756 Atelier
97.51181102362204 627.3070866141733 21.25984251968504 12.188976377952756 de
108.0 627.3070866141733 32.031496062992126 12.188976377952756 nuit,
129.25984251968504 627.3070866141733 28.346456692913385 12.188976377952756 1964
147.11811023622047 627.3070866141733 39.118110236220474 12.188976377952756 (huile,
175.46456692913387 627.3070866141733 24.944881889763778 12.188976377952756 114
189.63779527559055 627.3070866141733 17.858267716535433 12.188976377952756 x
193.03937007874015 627.3070866141733 24.944881889763778 12.188976377952756 146).

261.9212598425197 637.2283464566929 23.52755905511811 11.905511811023622 145
