320.88188976377955 672.6614173228346
115.65354330708661 17.007874015748033 98.07874015748031 24.094488188976378 TRAVAUX
185.66929133858267 17.007874015748033 98.07874015748031 24.094488188976378 D'ÉQUIPE

32.31496062992126 58.67716535433071 33.732283464566926 19.559055118110237 324
52.44094488188976 58.67716535433071 43.93700787401575 19.559055118110237 REQUIEM

33.16535433070866 75.11811023622047 45.63779527559055 20.69291338582677 Présenté
67.18110236220473 75.11811023622047 30.330708661417322 20.69291338582677 sous
86.1732283464567 75.11811023622047 34.01574803149607 20.69291338582677 forme
108.85039370078741 75.11811023622047 22.677165354330707 20.69291338582677 de
116.50393700787401 75.11811023622047 41.669291338582674 20.69291338582677 maquette.

32.59842519685039 80.50393700787401 23.52755905511811 27.496062992125985 Ce
44.503937007874015 80.50393700787401 43.08661417322835 27.496062992125985 Requiem
75.68503937007874 80.50393700787401 43.08661417322835 27.496062992125985 célèbre
107.14960629921259 80.50393700787401 31.46456692913386 27.496062992125985 ceux
126.70866141732283 80.50393700787401 31.46456692913386 27.496062992125985 qui,
146.26771653543307 80.50393700787401 27.496062992125985 27.496062992125985 par
162.14173228346456 80.50393700787401 35.43307086614173 27.496062992125985 leurs
185.66929133858267 80.50393700787401 54.99212598425197 27.496062992125985 créations,
228.75590551181102 80.50393700787401 27.496062992125985 27.496062992125985 ont
240.3779527559055 80.50393700787401 35.43307086614173 27.496062992125985 apporté

32.881889763779526 92.69291338582677 47.05511811023622 25.228346456692915 quelque
66.89763779527559 92.69291338582677 38.55118110236221 25.228346456692915 chose
92.69291338582677 92.69291338582677 25.511811023622048 25.228346456692915 de
105.44881889763779 92.69291338582677 47.05511811023622 25.228346456692915 positif
139.748031496063 92.69291338582677 21.25984251968504 25.228346456692915 à
148.251968503937 92.69291338582677 64.06299212598425 25.228346456692915 l’humanité,
199.55905511811022 92.69291338582677 51.30708661417323 25.228346456692915 condamne
237.82677165354332 92.69291338582677 25.511811023622048 25.228346456692915 la
246.61417322834646 92.69291338582677 30.04724409448819 25.228346456692915 force

33.44881889763779 101.19685039370079 42.51968503937008 25.79527559055118 brutale
64.34645669291339 101.19685039370079 23.244094488188978 25.79527559055118 et
75.96850393700787 101.19685039370079 30.89763779527559 25.79527559055118 rend
95.24409448818898 101.19685039370079 42.51968503937008 25.79527559055118 hommage
126.14173228346456 101.19685039370079 19.275590551181104 25.79527559055118 à
133.79527559055117 101.19685039370079 46.20472440944882 25.79527559055118 l’esprit
168.66141732283464 101.19685039370079 23.244094488188978 25.79527559055118 de
180.28346456692913 101.19685039370079 30.89763779527559 25.79527559055118 tous
199.55905511811022 101.19685039370079 30.89763779527559 25.79527559055118 ceux
218.83464566929135 101.19685039370079 19.275590551181104 25.79527559055118 à
226.48818897637796 101.19685039370079 26.929133858267715 25.79527559055118 qui
241.79527559055117 101.19685039370079 23.244094488188978 25.79527559055118 il
253.41732283464566 101.19685039370079 19.275590551181104 25.79527559055118 a
257.38582677165357 101.19685039370079 19.275590551181104 25.79527559055118 été

33.732283464566926 111.68503937007874 30.330708661417322 24.094488188976378 fait
52.724409448818896 111.68503937007874 49.32283464566929 24.094488188976378 violence.
90.4251968503937 111.68503937007874 26.64566929133858 24.094488188976378 Par
105.73228346456693 111.68503937007874 53.00787401574803 24.094488188976378 conséquent
147.4015748031496 111.68503937007874 22.677165354330707 24.094488188976378 il
158.74015748031496 111.68503937007874 22.677165354330707 24.094488188976378 ne
170.07874015748033 111.68503937007874 49.32283464566929 24.094488188976378 s’adresse
208.06299212598427 111.68503937007874 26.64566929133858 24.094488188976378 pas
223.37007874015748 111.68503937007874 18.992125984251967 24.094488188976378 à
230.74015748031496 111.68503937007874 22.677165354330707 24.094488188976378 la
238.39370078740157 111.68503937007874 37.98425196850393 24.094488188976378 personne

33.732283464566926 125.5748031496063 43.93700787401575 19.559055118110237 charnelle
67.46456692913385 125.5748031496063 26.929133858267715 19.559055118110237 mais
84.4724409448819 125.5748031496063 17.007874015748033 19.559055118110237 à
90.99212598425197 125.5748031496063 40.53543307086614 19.559055118110237 l’esprit
121.60629921259843 125.5748031496063 23.52755905511811 19.559055118110237 qui
131.5275590551181 125.5748031496063 40.53543307086614 19.559055118110237 l’animait.

34.01574803149607 132.3779527559055 31.748031496062993 27.77952755905512 Nous
53.85826771653543 132.3779527559055 35.71653543307087 27.77952755905512 avons
77.95275590551181 132.3779527559055 39.968503937007874 27.77952755905512 choisi
105.73228346456693 132.3779527559055 23.811023622047244 27.77952755905512 ce
117.63779527559055 132.3779527559055 35.71653543307087 27.77952755905512 sujet
141.4488188976378 132.3779527559055 19.84251968503937 27.77952755905512 à
149.38582677165354 132.3779527559055 35.71653543307087 27.77952755905512 cause
173.48031496062993 132.3779527559055 23.811023622047244 27.77952755905512 de
185.38582677165354 132.3779527559055 23.811023622047244 27.77952755905512 sa
197.29133858267716 132.3779527559055 39.968503937007874 27.77952755905512 poésie
225.0708661417323 132.3779527559055 27.77952755905512 27.77952755905512 qui
241.22834645669292 132.3779527559055 35.71653543307087 27.77952755905512 ouvre
261.07086614173227 132.3779527559055 15.874015748031496 27.77952755905512 la

34.58267716535433 142.29921259842519 32.881889763779526 26.929133858267715 porte
56.40944881889764 142.29921259842519 18.141732283464567 26.929133858267715 à
63.77952755905512 142.29921259842519 29.19685039370079 26.929133858267715 tous
81.92125984251969 142.29921259842519 25.511811023622048 26.929133858267715 les
96.66141732283465 142.29921259842519 43.653543307086615 26.929133858267715 domaines
129.25984251968504 142.29921259842519 21.826771653543307 26.929133858267715 de
140.31496062992127 142.29921259842519 36.28346456692913 26.929133858267715 l’art,
165.82677165354332 142.29921259842519 21.826771653543307 26.929133858267715 et
176.5984251968504 142.29921259842519 18.141732283464567 26.929133858267715 à
183.96850393700788 142.29921259842519 32.881889763779526 26.929133858267715 cause
205.79527559055117 142.29921259842519 21.826771653543307 26.929133858267715 de
216.8503937007874 142.29921259842519 21.826771653543307 26.929133858267715 sa
227.6220472440945 142.29921259842519 36.28346456692913 26.929133858267715 nature
249.4488188976378 142.29921259842519 29.19685039370079 26.929133858267715 neutre

34.2992125984252 152.78740157480314 24.094488188976378 25.228346456692915 et
46.20472440944882 152.78740157480314 64.06299212598425 25.228346456692915 indépendante
98.36220472440945 152.78740157480314 24.094488188976378 25.228346456692915 de
110.55118110236221 152.78740157480314 40.25196850393701 25.228346456692915 toutes
138.61417322834646 152.78740157480314 72.28346456692914 25.228346456692915 préoccupations
198.70866141732284 152.78740157480314 56.125984251968504 25.228346456692915 politiques
242.9291338582677 152.78740157480314 24.094488188976378 25.228346456692915 ou
250.86614173228347 152.78740157480314 28.062992125984252 25.228346456692915 reli

30.330708661417322 175.748031496063 36.28346456692913 13.32283464566929 gieuses.

34.86614173228347 175.46456692913387 29.19685039370079 24.094488188976378 Dans
53.29133858267716 175.46456692913387 25.511811023622048 24.094488188976378 cet
67.74803149606299 175.46456692913387 36.56692913385827 24.094488188976378 espace
93.25984251968504 175.46456692913387 40.25196850393701 24.094488188976378 doivent
122.45669291338582 175.46456692913387 21.826771653543307 24.094488188976378 se
133.51181102362204 175.46456692913387 36.56692913385827 24.094488188976378 réunir
159.0236220472441 175.46456692913387 18.141732283464567 24.094488188976378 à
166.39370078740157 175.46456692913387 21.826771653543307 24.094488188976378 la
177.16535433070865 175.46456692913387 29.19685039370079 24.094488188976378 fois
195.59055118110237 175.46456692913387 21.826771653543307 24.094488188976378 ou
206.36220472440945 175.46456692913387 29.19685039370079 24.094488188976378 l’un
224.78740157480314 175.46456692913387 32.881889763779526 24.094488188976378 après
242.9291338582677 175.46456692913387 36.56692913385827 24.094488188976378 l’autre.

34.2992125984252 185.38582677165354 39.118110236220474 22.677165354330707 divers
61.79527559055118 185.38582677165354 47.05511811023622 22.677165354330707 domaines
96.94488188976378 185.38582677165354 23.52755905511811 22.677165354330707 de
108.85039370078741 185.38582677165354 39.118110236220474 22.677165354330707 l’art;
136.06299212598427 185.38582677165354 31.181102362204726 22.677165354330707 nous
155.6220472440945 185.38582677165354 35.1496062992126 22.677165354330707 avons
179.1496062992126 185.38582677165354 31.181102362204726 22.677165354330707 donc
198.70866141732284 185.38582677165354 39.118110236220474 22.677165354330707 essayé
226.20472440944883 185.38582677165354 23.52755905511811 22.677165354330707 de
237.82677165354332 185.38582677165354 27.496062992125985 22.677165354330707 lui
249.73228346456693 185.38582677165354 31.181102362204726 22.677165354330707 donner

34.86614173228347 200.1259842519685 22.96062992125984 17.007874015748033 un
46.20472440944882 200.1259842519685 49.60629921259842 17.007874015748033 caractère
84.4724409448819 200.1259842519685 26.64566929133858 17.007874015748033 qui
99.49606299212599 200.1259842519685 49.60629921259842 17.007874015748033 permettra
137.76377952755905 200.1259842519685 26.64566929133858 17.007874015748033 une
153.0708661417323 200.1259842519685 38.267716535433074 17.007874015748033 grande
176.03149606299212 200.1259842519685 45.92125984251968 17.007874015748033 variation.

35.1496062992126 203.24409448818898 22.677165354330707 24.37795275590551 La
46.488188976377955 203.24409448818898 49.039370078740156 24.37795275590551 structure
84.18897637795276 203.24409448818898 52.724409448818896 24.37795275590551 intérieure
125.5748031496063 203.24409448818898 22.677165354330707 24.37795275590551 du
136.91338582677164 203.24409448818898 45.354330708661415 24.37795275590551 bâtiment
170.9291338582677 203.24409448818898 26.362204724409448 24.37795275590551 est
185.95275590551182 203.24409448818898 34.01574803149607 24.37795275590551 fixe,
208.62992125984252 203.24409448818898 26.362204724409448 24.37795275590551 les
223.6535433070866 203.24409448818898 45.354330708661415 24.37795275590551 éléments
253.98425196850394 203.24409448818898 26.362204724409448 24.37795275590551 exté-

35.1496062992126 214.86614173228347 40.53543307086614 21.543307086614174 rieurs
63.496062992125985 214.86614173228347 28.346456692913385 21.543307086614174 qui
79.65354330708661 214.86614173228347 24.37795275590551 21.543307086614174 la
91.84251968503936 214.86614173228347 56.69291338582677 21.543307086614174 complètent
136.3464566929134 214.86614173228347 32.31496062992126 21.543307086614174 sont
156.4724409448819 214.86614173228347 44.503937007874015 21.543307086614174 mobiles
188.78740157480314 214.86614173228347 24.37795275590551 21.543307086614174 de
200.9763779527559 214.86614173228347 36.56692913385827 21.543307086614174 façon
225.35433070866142 214.86614173228347 20.125984251968504 21.543307086614174 à
233.5748031496063 214.86614173228347 44.503937007874015 21.543307086614174 tourner
261.9212598425197 214.86614173228347 20.125984251968504 21.543307086614174 sur

36.0 232.7244094488189 22.393700787401574 14.740157480314961 un
47.05511811023622 232.7244094488189 26.078740157480315 14.740157480314961 axe
62.07874015748032 232.7244094488189 30.04724409448819 14.740157480314961 fixe
80.78740157480316 232.7244094488189 22.393700787401574 14.740157480314961 de
88.44094488188976 232.7244094488189 22.393700787401574 14.740157480314961 3600

-17.007874015748033 255.96850393700788 106.58267716535433 18.4251968503937 Responsable:

36.56692913385827 264.18897637795277 46.20472440944882 24.37795275590551 Ervin
71.43307086614173 264.18897637795277 57.826771653543304 24.37795275590551 PATKAI
117.63779527559055 264.18897637795277 23.244094488188978 24.37795275590551 né
129.25984251968504 264.18897637795277 23.244094488188978 24.37795275590551 en
140.88188976377953 264.18897637795277 30.89763779527559 24.37795275590551 1937
160.15748031496062 264.18897637795277 19.275590551181104 24.37795275590551 à
167.81102362204723 264.18897637795277 57.826771653543304 24.37795275590551 Bebekscsaba
214.01574803149606 264.18897637795277 53.85826771653543 24.37795275590551 (Hongrie).
252.56692913385828 264.18897637795277 30.89763779527559 24.37795275590551 Sculp

-24.094488188976378 283.748031496063 81.35433070866142 13.88976377952756 teur.

36.28346456692913 280.34645669291336 54.99212598425197 27.212598425196852 Bernard
79.65354330708661 280.34645669291336 62.92913385826772 27.212598425196852 COLETTE
130.6771653543307 280.34645669291336 23.52755905511811 27.212598425196852 né
142.58267716535434 280.34645669291336 23.52755905511811 27.212598425196852 en
154.20472440944883 280.34645669291336 31.46456692913386 27.212598425196852 1932
174.04724409448818 280.34645669291336 19.559055118110237 27.212598425196852 à
181.70078740157481 280.34645669291336 47.05511811023622 27.212598425196852 Asnières
217.13385826771653 280.34645669291336 51.023622047244096 27.212598425196852 (France).
252.56692913385828 280.34645669291336 31.46456692913386 27.212598425196852 Archi

-23.244094488188978 306.4251968503937 83.90551181102362 15.023622047244094 tecte.

37.41732283464567 311.244094488189 48.75590551181102 18.141732283464567 Tamas
73.98425196850394 311.244094488189 56.976377952755904 18.141732283464567 KONOK
118.48818897637796 311.244094488189 24.37795275590551 18.141732283464567 né
130.6771653543307 311.244094488189 24.37795275590551 18.141732283464567 en
142.86614173228347 311.244094488189 32.59842519685039 18.141732283464567 1930
163.2755905511811 311.244094488189 20.409448818897637 18.141732283464567 à
171.49606299212599 311.244094488189 48.75590551181102 18.141732283464567 Budapest
208.06299212598427 311.244094488189 56.976377952755904 18.141732283464567 (Hongrie).
248.5984251968504 311.244094488189 36.56692913385827 18.141732283464567 Peintre

-6.519685039370079 322.2992125984252 60.37795275590551 19.84251968503937 Thomas
39.68503937007874 322.2992125984252 64.91338582677166 19.84251968503937 ZANKO
90.99212598425197 322.2992125984252 27.77952755905512 19.84251968503937 né
104.88188976377953 322.2992125984252 27.77952755905512 19.84251968503937 en
118.77165354330708 322.2992125984252 37.13385826771653 19.84251968503937 1937
142.01574803149606 322.2992125984252 23.244094488188978 19.84251968503937 à
151.37007874015748 322.2992125984252 55.84251968503937 19.84251968503937 Budapest
193.03937007874015 322.2992125984252 64.91338582677166 19.84251968503937 (Hongrie).
239.5275590551181 322.2992125984252 46.488188976377955 19.84251968503937 Peintre.
