307.84251968503935 672.6614173228346
14.173228346456693 29.480314960629922 49.039370078740156 17.007874015748033 IRAN

58.960629921259844 134.36220472440945 76.53543307086615 17.858267716535433 Commissaire
120.18897637795276 134.36220472440945 61.22834645669291 17.858267716535433 général:
165.82677165354332 134.36220472440945 45.92125984251968 17.858267716535433 Akbar
191.33858267716536 134.36220472440945 51.023622047244096 17.858267716535433 Tadjvidi

60.661417322834644 150.51968503937007 48.188976377952756 13.606299212598426 Directeur
97.79527559055119 150.51968503937007 40.818897637795274 13.606299212598426 adjoint
127.2755905511811 150.51968503937007 18.4251968503937 13.606299212598426 à
134.64566929133858 150.51968503937007 40.818897637795274 13.606299212598426 l’Ecole
164.40944881889763 150.51968503937007 51.874015748031496 13.606299212598426 Supérieure
205.22834645669292 150.51968503937007 25.79527559055118 13.606299212598426 des
219.96850393700788 150.51968503937007 29.763779527559056 13.606299212598426 Arts
234.70866141732284 150.51968503937007 40.818897637795274 13.606299212598426 Décoratis

59.24409448818898 161.00787401574803 26.078740157480315 13.039370078740157 de
67.74803149606299 161.00787401574803 43.653543307086615 13.039370078740157 Téhéran.

44.22047244094488 192.18897637795277 45.354330708661415 14.740157480314961 Depuis
75.96850393700787 192.18897637795277 40.818897637795274 14.740157480314961 notre
103.18110236220473 192.18897637795277 54.425196850393704 14.740157480314961 première
144.0 192.18897637795277 77.10236220472441 14.740157480314961 participation
207.21259842519686 192.18897637795277 22.677165354330707 14.740157480314961 à
216.28346456692913 192.18897637795277 40.818897637795274 14.740157480314961 cette
238.96062992125985 192.18897637795277 36.28346456692913 14.740157480314961 grande

32.031496062992126 205.79527559055117 81.07086614173228 12.188976377952756 manifestation
98.92913385826772 205.79527559055117 71.71653543307086 12.188976377952756 artistique,
156.18897637795277 205.79527559055117 66.89763779527559 12.188976377952756 différents
208.62992125984252 205.79527559055117 66.89763779527559 12.188976377952756 mouvements
256.53543307086613 205.79527559055117 18.992125984251967 12.188976377952756 se

32.31496062992126 218.26771653543307 34.58267716535433 10.204724409448819 sont
53.85826771653543 218.26771653543307 47.62204724409449 10.204724409448819 révélés
88.7244094488189 218.26771653543307 34.58267716535433 10.204724409448819 chez
110.26771653543307 218.26771653543307 30.330708661417322 10.204724409448819 nos
127.55905511811024 218.26771653543307 43.37007874015748 10.204724409448819 jeunes
158.17322834645668 218.26771653543307 56.40944881889764 10.204724409448819 artistes,
201.54330708661416 218.26771653543307 30.330708661417322 10.204724409448819 les
218.83464566929135 218.26771653543307 30.330708661417322 10.204724409448819 uns
231.8740157480315 218.26771653543307 43.37007874015748 10.204724409448819 laissant

31.748031496062993 227.0551181102362 34.01574803149607 10.488188976377952 des
51.023622047244096 227.0551181102362 48.75590551181102 10.488188976377952 traces
85.32283464566929 227.0551181102362 68.03149606299213 10.488188976377952 profondes,
138.61417322834646 227.0551181102362 34.01574803149607 10.488188976377952 les
158.17322834645668 227.0551181102362 48.75590551181102 10.488188976377952 autres
192.18897637795277 227.0551181102362 58.39370078740158 10.488188976377952 marquant
236.1259842519685 227.0551181102362 34.01574803149607 10.488188976377952 des
250.58267716535434 227.0551181102362 24.37795275590551 10.488188976377952 in-

31.46456692913386 237.82677165354332 60.94488188976378 13.039370078740157 fluences
77.10236220472441 237.82677165354332 30.330708661417322 13.039370078740157 et
92.40944881889764 237.82677165354332 35.43307086614173 13.039370078740157 des
112.53543307086615 237.82677165354332 55.84251968503937 13.039370078740157 sources
153.35433070866142 237.82677165354332 55.84251968503937 13.039370078740157 souvent
193.88976377952756 237.82677165354332 81.07086614173228 13.039370078740157 hétérogènes.
254.5511811023622 237.82677165354332 20.409448818897637 13.039370078740157 En

32.881889763779526 248.31496062992127 68.03149606299213 12.188976377952756 naîtra-t-il,
88.15748031496064 248.31496062992127 25.511811023622048 12.188976377952756 en
100.91338582677166 248.31496062992127 29.763779527559056 12.188976377952756 fin
117.92125984251969 248.31496062992127 25.511811023622048 12.188976377952756 de
130.6771653543307 248.31496062992127 46.77165354330709 12.188976377952756 compte,
164.69291338582678 248.31496062992127 25.511811023622048 12.188976377952756 un
177.4488188976378 248.31496062992127 29.763779527559056 12.188976377952756 art
194.45669291338584 248.31496062992127 34.01574803149607 12.188976377952756 issu
215.71653543307087 248.31496062992127 34.01574803149607 12.188976377952756 d’un
232.7244094488189 248.31496062992127 42.51968503937008 12.188976377952756 héritage

32.031496062992126 259.0866141732283 58.39370078740158 12.472440944881889 culturel
75.68503937007874 259.0866141732283 58.39370078740158 12.472440944881889 national
119.62204724409449 259.0866141732283 29.19685039370079 12.472440944881889 et
134.36220472440945 259.0866141732283 68.31496062992126 12.472440944881889 s’imposant
187.93700787401573 259.0866141732283 43.93700787401575 12.472440944881889 comme
212.31496062992127 259.0866141732283 63.21259842519685 12.472440944881889 antagoniste

32.59842519685039 270.99212598425197 29.763779527559056 11.905511811023622 aux
49.60629921259842 270.99212598425197 42.803149606299215 11.905511811023622 grands
79.65354330708661 270.99212598425197 51.30708661417323 11.905511811023622 courants
117.92125984251969 270.99212598425197 81.07086614173228 11.905511811023622 internationaux,
186.23622047244095 270.99212598425197 25.511811023622048 11.905511811023622 il
198.99212598425197 270.99212598425197 29.763779527559056 11.905511811023622 est
216.0 270.99212598425197 34.01574803149607 11.905511811023622 trop
237.54330708661416 270.99212598425197 29.763779527559056 11.905511811023622 tôt
250.29921259842519 270.99212598425197 25.511811023622048 11.905511811023622 pour

32.31496062992126 278.6456692913386 28.62992125984252 13.039370078740157 le
46.77165354330709 278.6456692913386 43.08661417322835 13.039370078740157 dire.
75.4015748031496 278.6456692913386 28.62992125984252 13.039370078740157 On
89.5748031496063 278.6456692913386 28.62992125984252 13.039370078740157 ne
104.03149606299213 278.6456692913386 38.267716535433074 13.039370078740157 peut
127.84251968503936 278.6456692913386 66.89763779527559 13.039370078740157 s’empêcher
180.56692913385828 278.6456692913386 38.267716535433074 13.039370078740157 d’en
199.55905511811022 278.6456692913386 43.08661417322835 13.039370078740157 douter!

43.653543307086615 292.81889763779526 44.22047244094488 13.32283464566929 Nous
71.14960629921259 292.81889763779526 44.22047244094488 13.32283464566929 nous
98.64566929133858 292.81889763779526 77.38582677165354 13.32283464566929 contentons
159.59055118110237 292.81889763779526 82.77165354330708 13.32283464566929 aujourd’hui
225.92125984251967 292.81889763779526 33.16535433070866 13.32283464566929 de
236.9763779527559 292.81889763779526 38.55118110236221 13.32283464566929 mette

32.881889763779526 303.59055118110234 53.85826771653543 13.606299212598426 l’accent
73.41732283464567 303.59055118110234 31.46456692913386 13.606299212598426 sur
91.2755905511811 303.59055118110234 31.46456692913386 13.606299212598426 cet
109.13385826771653 303.59055118110234 36.0 13.606299212598426 état
131.5275590551181 303.59055118110234 26.929133858267715 13.606299212598426 de
145.13385826771653 303.59055118110234 58.39370078740158 13.606299212598426 recherche
189.92125984251967 303.59055118110234 53.85826771653543 13.606299212598426 féconde,
230.45669291338584 303.59055118110234 31.46456692913386 13.606299212598426 ces
243.7795275590551 303.59055118110234 31.46456692913386 13.606299212598426 hési-

32.031496062992126 316.9133858267717 48.75590551181102 11.05511811023622 tations
67.46456692913385 316.9133858267717 61.79527559055118 11.05511811023622 apparentes
116.22047244094489 316.9133858267717 30.89763779527559 11.05511811023622 qui
133.79527559055117 316.9133858267717 75.11811023622047 11.05511811023622 caractérisent
195.59055118110237 316.9133858267717 39.68503937007874 11.05511811023622 notre
222.23622047244095 316.9133858267717 30.89763779527559 11.05511811023622 art
235.55905511811022 316.9133858267717 39.68503937007874 11.05511811023622 contem-

32.59842519685039 326.8346456692913 45.07086614173228 12.472440944881889 porain
64.06299212598425 326.8346456692913 53.85826771653543 12.472440944881889 iranien.
104.5984251968504 326.8346456692913 31.46456692913386 12.472440944881889 Une
122.45669291338582 326.8346456692913 49.60629921259842 12.472440944881889 dualité
158.45669291338584 326.8346456692913 36.0 12.472440944881889 bien
181.13385826771653 326.8346456692913 49.60629921259842 12.472440944881889 définie
217.13385826771653 326.8346456692913 49.60629921259842 12.472440944881889 s’avère
248.5984251968504 326.8346456692913 26.929133858267715 12.472440944881889 com-

32.881889763779526 337.8897637795276 28.062992125984252 12.188976377952756 me
46.77165354330709 337.8897637795276 84.18897637795276 12.188976377952756 prépondérante:
116.78740157480316 337.8897637795276 41.95275590551181 12.188976377952756 d’une
144.8503937007874 337.8897637795276 41.95275590551181 12.188976377952756 part,
172.91338582677164 337.8897637795276 56.125984251968504 12.188976377952756 l’Orient
215.1496062992126 337.8897637795276 28.062992125984252 12.188976377952756 et
229.03937007874015 337.8897637795276 28.062992125984252 12.188976377952756 sa
238.39370078740157 337.8897637795276 37.41732283464567 12.188976377952756 cultue

33.44881889763779 349.51181102362204 63.77952755905512 11.338582677165354 millénaire,
84.4724409448819 349.51181102362204 46.77165354330709 11.338582677165354 d’autre
118.48818897637796 349.51181102362204 38.267716535433074 11.338582677165354 part,
144.0 349.51181102362204 59.52755905511811 11.338582677165354 l’Occident
190.48818897637796 349.51181102362204 25.511811023622048 11.338582677165354 et
203.24409448818898 349.51181102362204 29.763779527559056 11.338582677165354 ses
216.0 349.51181102362204 59.52755905511811 11.338582677165354 innovations.

33.16535433070866 358.86614173228344 34.01574803149607 11.338582677165354 Nos
52.44094488188976 358.86614173228344 58.110236220472444 11.338582677165354 artistes
96.09448818897638 358.86614173228344 62.92913385826772 11.338582677165354 regardent
144.56692913385828 358.86614173228344 48.47244094488189 11.338582677165354 certes
178.58267716535434 358.86614173228344 29.19685039370079 11.338582677165354 de
193.03937007874015 358.86614173228344 29.19685039370079 11.338582677165354 ce
207.7795275590551 358.86614173228344 43.653543307086615 11.338582677165354 côté,
236.69291338582678 358.86614173228344 38.83464566929134 11.338582677165354 mais
256.251968503937 358.86614173228344 19.275590551181104 11.338582677165354 is

32.59842519685039 369.9212598425197 71.43307086614173 12.472440944881889 contemplent
89.85826771653544 369.9212598425197 47.62204724409449 12.472440944881889 aussi,
123.02362204724409 369.9212598425197 37.98425196850393 12.472440944881889 avec
146.83464566929135 369.9212598425197 33.44881889763779 12.472440944881889 une
166.11023622047244 369.9212598425197 57.25984251968504 12.472440944881889 certaine
208.91338582677164 369.9212598425197 66.61417322834646 12.472440944881889 nostalgie,
256.53543307086613 369.9212598425197 18.992125984251967 12.472440944881889 un

33.16535433070866 379.84251968503935 53.00787401574803 11.05511811023622 héritage
72.85039370078741 379.84251968503935 53.00787401574803 11.05511811023622 culturel
112.53543307086615 379.84251968503935 48.47244094488189 11.05511811023622 capable
147.96850393700788 379.84251968503935 44.22047244094488 11.05511811023622 encore
178.86614173228347 379.84251968503935 61.79527559055118 11.05511811023622 d’enrichir
227.33858267716536 379.84251968503935 26.362204724409448 11.05511811023622 le
240.66141732283464 379.84251968503935 35.1496062992126 11.05511811023622 fond
258.23622047244095 379.84251968503935 17.5748031496063 11.05511811023622 de

33.44881889763779 390.8976377952756 38.83464566929134 10.771653543307087 leurs
59.24409448818898 390.8976377952756 64.91338582677166 10.771653543307087 recherches.
111.11811023622047 390.8976377952756 26.078740157480315 10.771653543307087 Et
124.15748031496064 390.8976377952756 38.83464566929134 10.771653543307087 c’est
150.23622047244095 390.8976377952756 56.125984251968504 10.771653543307087 peut-être
193.3228346456693 390.8976377952756 26.078740157480315 10.771653543307087 de
206.36220472440945 390.8976377952756 26.078740157480315 10.771653543307087 là
219.4015748031496 390.8976377952756 30.330708661417322 10.771653543307087 que
232.15748031496062 390.8976377952756 43.37007874015748 10.771653543307087 provient

32.881889763779526 401.38582677165357 60.661417322834644 11.905511811023622 l’aspect
78.51968503937007 401.38582677165357 30.330708661417322 11.905511811023622 un
93.54330708661418 401.38582677165357 35.43307086614173 11.905511811023622 peu
113.95275590551181 401.38582677165357 65.76377952755905 11.905511811023622 somptueux
164.40944881889763 401.38582677165357 30.330708661417322 11.905511811023622 de
179.71653543307087 401.38582677165357 45.63779527559055 11.905511811023622 leurs
210.04724409448818 401.38582677165357 55.55905511811024 11.905511811023622 œuvres,
245.48031496062993 401.38582677165357 30.330708661417322 11.905511811023622 alié

33.44881889763779 412.4409448818898 50.173228346456696 11.622047244094489 parfois
70.01574803149606 412.4409448818898 22.96062992125984 11.622047244094489 à
79.08661417322834 412.4409448818898 27.496062992125985 11.622047244094489 la
92.97637795275591 412.4409448818898 59.52755905511811 11.622047244094489 recherche
138.61417322834646 412.4409448818898 36.56692913385827 11.622047244094489 d’un
161.5748031496063 412.4409448818898 45.63779527559055 11.622047244094489 nouvel
193.60629921259843 412.4409448818898 45.63779527559055 11.622047244094489 espace
225.63779527559055 412.4409448818898 32.031496062992126 11.622047244094489 qui
243.7795275590551 412.4409448818898 32.031496062992126 11.622047244094489 est
257.38582677165357 412.4409448818898 18.4251968503937 11.622047244094489 le

32.881889763779526 422.92913385826773 43.653543307086615 11.622047244094489 signe
62.07874015748032 422.92913385826773 43.653543307086615 11.622047244094489 d’une
91.2755905511811 422.92913385826773 58.39370078740158 11.622047244094489 profonde
134.9291338582677 422.92913385826773 63.21259842519685 11.622047244094489 attention
183.4015748031496 422.92913385826773 24.37795275590551 11.622047244094489 à
193.3228346456693 422.92913385826773 43.653543307086615 11.622047244094489 notre
222.23622047244095 422.92913385826773 43.653543307086615 11.622047244094489 monde
246.61417322834646 422.92913385826773 29.19685039370079 11.622047244094489 con-

33.44881889763779 433.7007874015748 62.645669291338585 11.622047244094489 temporain.
82.77165354330708 433.7007874015748 35.71653543307087 11.622047244094489 Dans
105.16535433070867 433.7007874015748 26.929133858267715 11.622047244094489 la
118.77165354330708 433.7007874015748 49.32283464566929 11.622047244094489 plupart
154.48818897637796 433.7007874015748 31.46456692913386 11.622047244094489 des
172.3464566929134 433.7007874015748 35.71653543307087 11.622047244094489 cas,
194.74015748031496 433.7007874015748 40.25196850393701 11.622047244094489 c’est
221.66929133858267 433.7007874015748 26.929133858267715 11.622047244094489 la
230.74015748031496 433.7007874015748 44.78740157480315 11.622047244094489 transpo-

33.732283464566926 445.03937007874015 42.51968503937008 11.905511811023622 sition
63.496062992125985 445.03937007874015 25.511811023622048 11.905511811023622 et
76.25196850393701 445.03937007874015 25.511811023622048 11.905511811023622 la
89.00787401574803 445.03937007874015 76.53543307086615 11.905511811023622 revalorisation
152.78740157480314 445.03937007874015 29.763779527559056 11.905511811023622 des
169.79527559055117 445.03937007874015 42.51968503937008 11.905511811023622 signes
199.55905511811022 445.03937007874015 72.28346456692914 11.905511811023622 traditionnels
254.83464566929135 445.03937007874015 21.25984251968504 11.905511811023622 qui

33.732283464566926 454.96062992125985 75.4015748031496 13.039370078740157 prédominent
94.11023622047244 454.96062992125985 40.25196850393701 13.039370078740157 dans
119.33858267716535 454.96062992125985 55.275590551181104 13.039370078740157 l’œuvre
159.59055118110237 454.96062992125985 30.330708661417322 13.039370078740157 de
174.89763779527559 454.96062992125985 30.330708661417322 13.039370078740157 la
189.92125984251967 454.96062992125985 45.354330708661415 13.039370078740157 jeune
215.1496062992126 454.96062992125985 60.37795275590551 13.039370078740157 génération

34.2992125984252 467.1496062992126 60.37795275590551 11.338582677165354 artistique
81.63779527559055 467.1496062992126 25.79527559055118 11.338582677165354 en
94.67716535433071 467.1496062992126 38.83464566929134 11.338582677165354 Iran,
120.4724409448819 467.1496062992126 38.83464566929134 11.338582677165354 ainsi
146.26771653543307 467.1496062992126 30.330708661417322 11.338582677165354 que
163.55905511811022 467.1496062992126 30.330708661417322 11.338582677165354 l’a
180.8503937007874 467.1496062992126 47.338582677165356 11.338582677165354 observé
215.43307086614172 467.1496062992126 34.58267716535433 11.338582677165354 l’an
232.7244094488189 467.1496062992126 43.08661417322835 11.338582677165354 derniet,

34.58267716535433 475.93700787401576 35.1496062992126 11.905511811023622 lors
56.40944881889764 475.93700787401576 39.40157480314961 11.905511811023622 d’une
82.77165354330708 475.93700787401576 61.511811023622045 11.905511811023622 exposition
130.96062992125985 475.93700787401576 61.511811023622045 11.905511811023622 nationale,
179.1496062992126 475.93700787401576 26.362204724409448 11.905511811023622 un
192.4724409448819 475.93700787401576 35.1496062992126 11.905511811023622 jury
210.04724409448818 475.93700787401576 65.76377952755905 11.905511811023622 international

34.01574803149607 487.2755905511811 30.89763779527559 13.606299212598426 qui
51.874015748031496 487.2755905511811 22.11023622047244 13.606299212598426 a
60.661417322834644 487.2755905511811 52.724409448818896 13.606299212598426 consacré
100.06299212598425 487.2755905511811 26.362204724409448 13.606299212598426 la
113.38582677165354 487.2755905511811 48.47244094488189 13.606299212598426 plupart
148.53543307086613 487.2755905511811 30.89763779527559 13.606299212598426 des
166.11023622047244 487.2755905511811 52.724409448818896 13.606299212598426 artistes
205.79527559055117 487.2755905511811 35.1496062992126 13.606299212598426 dont
227.6220472440945 487.2755905511811 30.89763779527559 13.606299212598426 les
240.9448818897638 487.2755905511811 35.1496062992126 13.606299212598426 œuvres

34.2992125984252 499.18110236220474 53.85826771653543 14.173228346456693 récentes
74.55118110236221 499.18110236220474 53.85826771653543 14.173228346456693 figurent
115.08661417322834 499.18110236220474 22.393700787401574 14.173228346456693 à
123.8740157480315 499.18110236220474 40.25196850393701 14.173228346456693 cette
146.26771653543307 499.18110236220474 53.85826771653543 14.173228346456693 sélection.

46.488188976377955 511.0866141732283 57.25984251968504 12.472440944881889 L’intérêt
90.70866141732283 511.0866141732283 39.68503937007874 12.472440944881889 porté
117.35433070866142 511.0866141732283 30.89763779527559 12.472440944881889 ces
134.9291338582677 511.0866141732283 57.25984251968504 12.472440944881889 dernières
178.86614173228347 511.0866141732283 44.22047244094488 12.472440944881889 années
209.76377952755905 511.0866141732283 22.11023622047244 12.472440944881889 à
218.83464566929135 511.0866141732283 39.68503937007874 12.472440944881889 l’art
240.66141732283464 511.0866141732283 35.43307086614173 12.472440944881889 drama-

34.58267716535433 520.7244094488188 39.68503937007874 13.32283464566929 tique
60.94488188976378 520.7244094488188 26.362204724409448 13.32283464566929 en
73.98425196850394 520.7244094488188 35.1496062992126 13.32283464566929 Iran
95.81102362204724 520.7244094488188 35.1496062992126 13.32283464566929 nous
117.92125984251969 520.7244094488188 22.11023622047244 13.32283464566929 a
126.70866141732283 520.7244094488188 57.25984251968504 13.32283464566929 encouragé
170.64566929133858 520.7244094488188 22.11023622047244 13.32283464566929 à
179.43307086614172 520.7244094488188 61.511811023622045 13.32283464566929 participer
227.90551181102362 520.7244094488188 39.68503937007874 13.32283464566929 aussi
254.26771653543307 520.7244094488188 22.11023622047244 13.32283464566929 à
258.5196850393701 520.7244094488188 17.5748031496063 13.32283464566929 la

34.01574803149607 533.7637795275591 52.44094488188976 11.622047244094489 section
72.0 533.7637795275591 28.62992125984252 11.622047244094489 de
86.45669291338582 533.7637795275591 66.61417322834646 11.622047244094489 décoration
138.61417322834646 533.7637795275591 61.79527559055118 11.622047244094489 théâtrale
186.23622047244095 533.7637795275591 37.98425196850393 11.622047244094489 avec
210.04724409448818 533.7637795275591 33.16535433070866 11.622047244094489 les
229.03937007874015 533.7637795275591 47.62204724409449 11.622047244094489 œuvres
257.6692913385827 533.7637795275591 18.992125984251967 11.622047244094489 de

34.86614173228347 544.5354330708661 37.13385826771653 11.05511811023622 deux
58.110236220472444 544.5354330708661 46.488188976377955 11.05511811023622 jeunes
90.70866141732283 544.5354330708661 55.84251968503937 11.05511811023622 artistes
132.3779527559055 544.5354330708661 65.19685039370079 11.05511811023622 iraniennes
183.68503937007873 544.5354330708661 32.59842519685039 11.05511811023622 qui
202.11023622047244 544.5354330708661 32.59842519685039 11.05511811023622 ont
220.8188976377953 544.5354330708661 51.30708661417323 11.05511811023622 réalisé
253.41732283464566 544.5354330708661 23.244094488188978 11.05511811023622 pou

35.1496062992126 555.3070866141733 44.22047244094488 10.488188976377952 notre
64.62992125984252 555.3070866141733 54.14173228346457 10.488188976377952 Théâtre
104.03149606299213 555.3070866141733 59.24409448818898 10.488188976377952 National
148.251968503937 555.3070866141733 34.58267716535433 10.488188976377952 des
168.09448818897638 555.3070866141733 49.32283464566929 10.488188976377952 décors
202.39370078740157 555.3070866141733 49.32283464566929 10.488188976377952 conçus
236.9763779527559 555.3070866141733 39.40157480314961 10.488188976377952 pour
256.81889763779526 555.3070866141733 19.84251968503937 10.488188976377952 un

35.43307086614173 565.2283464566929 62.645669291338585 15.590551181102363 répertoire
84.75590551181102 565.2283464566929 80.50393700787401 15.590551181102363 international,
151.6535433070866 565.2283464566929 35.71653543307087 15.590551181102363 avec
174.04724409448818 565.2283464566929 31.181102362204726 15.590551181102363 une
191.90551181102362 565.2283464566929 67.18110236220473 15.590551181102363 imagination
241.22834645669292 565.2283464566929 35.71653543307087 15.590551181102363 nourie

35.1496062992126 576.0 34.58267716535433 11.05511811023622 des
54.70866141732284 576.0 59.24409448818898 11.05511811023622 légendes
99.21259842519684 576.0 64.06299212598425 11.05511811023622 d’Orient.
148.251968503937 576.0 29.480314960629922 11.05511811023622 Le
162.99212598425197 576.0 44.22047244094488 11.05511811023622 thème
192.75590551181102 576.0 49.32283464566929 11.05511811023622 choisi
227.0551181102362 576.0 49.32283464566929 11.05511811023622 (Noces
256.81889763779526 576.0 19.84251968503937 11.05511811023622 de

36.0 585.0708661417323 40.818897637795274 16.440944881889763 Sang)
63.21259842519685 585.0708661417323 27.212598425196852 16.440944881889763 ne
76.81889763779527 585.0708661417323 31.748031496062993 16.440944881889763 les
94.96062992125984 585.0708661417323 22.677165354330707 16.440944881889763 a
104.03149606299213 585.0708661417323 27.212598425196852 16.440944881889763 en
117.63779527559055 585.0708661417323 36.28346456692913 16.440944881889763 rien
140.31496062992127 585.0708661417323 49.889763779527556 16.440944881889763 empêché
176.5984251968504 585.0708661417323 27.212598425196852 16.440944881889763 de
190.20472440944883 585.0708661417323 45.354330708661415 16.440944881889763 donner
221.95275590551182 585.0708661417323 40.818897637795274 16.440944881889763 libre
244.62992125984252 585.0708661417323 31.748031496062993 16.440944881889763 cours

36.0 596.6929133858267 23.244094488188978 11.622047244094489 à
45.07086614173228 596.6929133858267 46.20472440944882 11.622047244094489 toutes
77.66929133858268 596.6929133858267 46.20472440944882 11.622047244094489 sortes
109.98425196850394 596.6929133858267 73.98425196850394 11.622047244094489 d’inventions
170.07874015748033 596.6929133858267 64.62992125984252 11.622047244094489 fabuleuses
216.28346456692913 596.6929133858267 60.09448818897638 11.622047244094489 caractéris-

35.71653543307087 606.8976377952756 46.488188976377955 17.5748031496063 tiques
68.03149606299213 606.8976377952756 27.77952755905512 17.5748031496063 de
81.92125984251969 606.8976377952756 41.669291338582674 17.5748031496063 l’Art
109.7007874015748 606.8976377952756 46.488188976377955 17.5748031496063 Persan
142.29921259842519 606.8976377952756 46.488188976377955 17.5748031496063 depuis
174.61417322834646 606.8976377952756 32.31496062992126 17.5748031496063 des
193.3228346456693 606.8976377952756 41.669291338582674 17.5748031496063 temps
216.28346456692913 606.8976377952756 60.37795275590551 17.5748031496063 immémoriaux

211.748031496063 626.4566929133858 39.118110236220474 15.590551181102363 Akbar
233.29133858267716 626.4566929133858 43.653543307086615 15.590551181102363 Tadjvidi

32.031496062992126 641.4803149606299 19.84251968503937 14.740157480314961 68
