300.755905511811 645.1653543307086
218.83464566929135 12.755905511811024 70.86614173228347 20.125984251968504 BRÉSIL

9.637795275590552 50.173228346456696 31.748031496062993 15.307086614173228 le
25.511811023622048 50.173228346456696 47.338582677165356 15.307086614173228 stade
57.25984251968504 50.173228346456696 31.748031496062993 15.307086614173228 du
73.13385826771653 50.173228346456696 63.21259842519685 15.307086614173228 réalisme
120.4724409448819 50.173228346456696 63.21259842519685 15.307086614173228 excessif
168.09448818897638 50.173228346456696 47.338582677165356 15.307086614173228 d’une
194.45669291338584 50.173228346456696 73.7007874015748 15.307086614173228 civilisation

9.070866141732283 62.36220472440945 79.08661417322834 13.039370078740157 compressive
72.56692913385827 62.36220472440945 47.62204724409449 13.039370078740157 qu’il
104.31496062992126 62.36220472440945 52.724409448818896 13.039370078740157 ramène
141.16535433070865 62.36220472440945 26.362204724409448 13.039370078740157 à
151.6535433070866 62.36220472440945 36.8503937007874 13.039370078740157 une
172.91338582677164 62.36220472440945 73.98425196850394 13.039370078740157 conception
225.63779527559055 62.36220472440945 42.23622047244095 13.039370078740157 esthé

2.8346456692913384 74.83464566929133 39.40157480314961 15.023622047244094 tique.

22.11023622047244 86.1732283464567 58.960629921259844 13.32283464566929 Caciporé
66.33070866141732 86.1732283464567 34.58267716535433 13.32283464566929 est
85.88976377952756 86.1732283464567 29.480314960629922 13.32283464566929 un
100.91338582677166 86.1732283464567 64.06299212598425 13.32283464566929 sculpteur
149.95275590551182 86.1732283464567 88.7244094488189 13.32283464566929 métallurgique,
223.93700787401573 86.1732283464567 29.480314960629922 13.32283464566929 en
233.5748031496063 86.1732283464567 34.58267716535433 13.32283464566929 d’au-

8.78740157480315 99.21259842519684 39.968503937007874 11.622047244094489 tres
33.732283464566926 99.21259842519684 44.78740157480315 11.622047244094489 mots,
63.77952755905512 99.21259842519684 30.04724409448819 11.622047244094489 un
78.80314960629921 99.21259842519684 64.91338582677166 11.622047244094489 sculpteur
128.69291338582678 99.21259842519684 30.04724409448819 11.622047244094489 de
143.71653543307087 99.21259842519684 49.889763779527556 11.622047244094489 forge,
178.58267716535434 99.21259842519684 30.04724409448819 11.622047244094489 de
193.60629921259843 99.21259842519684 49.889763779527556 11.622047244094489 fonte,
228.4724409448819 99.21259842519684 34.86614173228347 11.622047244094489 qui
243.49606299212599 99.21259842519684 24.944881889763778 11.622047244094489 re-

9.354330708661417 108.56692913385827 53.85826771653543 12.472440944881889 cherche
48.47244094488189 108.56692913385827 58.67716535433071 12.472440944881889 toujours
92.69291338582677 108.56692913385827 34.2992125984252 12.472440944881889 une
112.25196850393701 108.56692913385827 92.97637795275591 12.472440944881889 intériorisation
190.48818897637796 108.56692913385827 39.118110236220474 12.472440944881889 dans
215.1496062992126 108.56692913385827 29.480314960629922 12.472440944881889 la
224.78740157480314 108.56692913385827 44.22047244094488 12.472440944881889 matière

9.070866141732283 119.90551181102362 28.062992125984252 14.173228346456693 et
22.96062992125984 119.90551181102362 28.062992125984252 14.173228346456693 la
32.31496062992126 119.90551181102362 37.13385826771653 14.173228346456693 forme.

21.826771653543307 131.81102362204723 73.7007874015748 13.606299212598426 L’ensemble
79.65354330708661 131.81102362204723 68.31496062992126 13.606299212598426 brésilien
132.3779527559055 131.81102362204723 36.8503937007874 13.606299212598426 est
153.35433070866142 131.81102362204723 78.80314960629921 13.606299212598426 hétérogène,
211.1811023622047 131.81102362204723 57.826771653543304 13.606299212598426 cependant

9.070866141732283 144.28346456692913 77.66929133858268 12.755905511811024 représentatif
72.85039370078741 144.28346456692913 27.496062992125985 12.755905511811024 de
86.74015748031496 144.28346456692913 64.06299212598425 12.755905511811024 l’actuelle
136.91338582677164 144.28346456692913 68.5984251968504 12.755905511811024 versatilité
191.6220472440945 144.28346456692913 32.031496062992126 12.755905511811024 des
210.04724409448818 144.28346456692913 59.24409448818898 12.755905511811024 tendances
251.1496062992126 144.28346456692913 18.141732283464567 12.755905511811024 et

9.637795275590552 155.6220472440945 52.15748031496063 12.755905511811024 moyens
45.92125984251968 155.6220472440945 88.44094488188976 12.755905511811024 d’expressions
118.77165354330708 155.6220472440945 41.669291338582674 12.755905511811024 dans
144.8503937007874 155.6220472440945 46.77165354330709 12.755905511811024 notre
170.9291338582677 155.6220472440945 36.28346456692913 12.755905511811024 pays.

21.826771653543307 168.09448818897638 43.653543307086615 12.472440944881889 Notre
51.023622047244096 168.09448818897638 48.47244094488189 12.472440944881889 propos
84.75590551181102 168.09448818897638 38.83464566929134 12.472440944881889 est,
109.13385826771653 168.09448818897638 77.66929133858268 12.472440944881889 précisément,
172.3464566929134 168.09448818897638 29.19685039370079 12.472440944881889 de
186.8031496062992 168.09448818897638 53.29133858267716 12.472440944881889 montrer
220.8188976377953 168.09448818897638 48.47244094488189 12.472440944881889 l’esprit

8.78740157480315 178.86614173228347 30.614173228346456 11.622047244094489 de
24.094488188976378 178.86614173228347 66.33070866141732 11.622047244094489 l’artiste
75.11811023622047 178.86614173228347 51.023622047244096 11.622047244094489 jeune,
110.83464566929133 178.86614173228347 45.92125984251968 11.622047244094489 comme
141.73228346456693 178.86614173228347 30.614173228346456 11.622047244094489 il
157.03937007874015 178.86614173228347 45.92125984251968 11.622047244094489 l’est
187.6535433070866 178.86614173228347 81.63779527559055 11.622047244094489 actuellement
248.88188976377953 178.86614173228347 20.409448818897637 11.622047244094489 et

9.354330708661417 188.50393700787401 42.51968503937008 13.32283464566929 comme
37.7007874015748 188.50393700787401 28.346456692913385 13.32283464566929 il
51.874015748031496 188.50393700787401 33.16535433070866 13.32283464566929 l’a
70.86614173228347 188.50393700787401 37.7007874015748 13.32283464566929 été,
94.39370078740157 188.50393700787401 28.346456692913385 13.32283464566929 on
108.56692913385827 188.50393700787401 56.69291338582677 13.32283464566929 pourrait
151.08661417322836 188.50393700787401 37.7007874015748 13.32283464566929 dire
169.79527559055117 188.50393700787401 99.21259842519684 13.32283464566929 traditionnellement,

9.637795275590552 199.55905511811022 39.118110236220474 14.456692913385826 dans
34.01574803149607 199.55905511811022 29.480314960629922 14.456692913385826 le
48.75590551181102 199.55905511811022 53.85826771653543 14.456692913385826 mélange
87.8740157480315 199.55905511811022 34.2992125984252 14.456692913385826 des
107.43307086614173 199.55905511811022 43.93700787401575 14.456692913385826 races
136.91338582677164 199.55905511811022 29.480314960629922 14.456692913385826 au
151.6535433070866 199.55905511811022 53.85826771653543 14.456692913385826 Brésil,
190.77165354330708 199.55905511811022 34.2992125984252 14.456692913385826 qui
205.51181102362204 199.55905511811022 63.77952755905512 14.456692913385826 historique-

9.637795275590552 211.748031496063 39.968503937007874 10.204724409448819 ment
34.86614173228347 211.748031496063 34.86614173228347 10.204724409448819 est
54.70866141732284 211.748031496063 45.07086614173228 10.204724409448819 formé
84.75590551181102 211.748031496063 30.04724409448819 10.204724409448819 de
99.77952755905511 211.748031496063 64.91338582677166 10.204724409448819 plusieurs
149.66929133858267 211.748031496063 60.09448818897638 10.204724409448819 cultures
194.74015748031496 211.748031496063 30.04724409448819 10.204724409448819 et
209.48031496062993 211.748031496063 34.86614173228347 10.204724409448819 qui
229.60629921259843 211.748031496063 30.04724409448819 10.204724409448819 va
239.5275590551181 211.748031496063 30.04724409448819 10.204724409448819 vers

9.921259842519685 221.95275590551182 33.732283464566926 13.039370078740157 une
29.19685039370079 221.95275590551182 76.81889763779527 13.039370078740157 universalité
91.55905511811024 221.95275590551182 38.55118110236221 13.039370078740157 avec
115.65354330708661 221.95275590551182 33.732283464566926 13.039370078740157 des
134.9291338582677 221.95275590551182 96.09448818897638 13.039370078740157 caractéristiques
211.748031496063 221.95275590551182 57.54330708661417 13.039370078740157 identiques

9.070866141732283 233.00787401574803 34.86614173228347 13.039370078740157 aux
29.19685039370079 233.00787401574803 49.60629921259842 13.039370078740157 autres
58.960629921259844 233.00787401574803 49.60629921259842 13.039370078740157 peuples.

125.5748031496063 254.5511811023622 57.54330708661417 13.039370078740157 Clarival
168.66141732283464 254.5511811023622 28.62992125984252 13.039370078740157 do
183.11811023622047 254.5511811023622 43.08661417322835 13.039370078740157 Prado
206.9291338582677 254.5511811023622 62.36220472440945 13.039370078740157 Valladares.

96.09448818897638 346.6771653543307 63.77952755905512 15.307086614173228 PEINTURE
144.0 346.6771653543307 32.031496062992126 15.307086614173228 ET
154.77165354330708 346.6771653543307 42.51968503937008 15.307086614173228 DESSIN

24.944881889763778 364.53543307086613 51.874015748031496 13.039370078740157 José
62.645669291338585 364.53543307086613 51.874015748031496 13.039370078740157 Roberto
100.34645669291339 364.53543307086613 75.4015748031496 13.039370078740157 AGUILAR
161.5748031496063 364.53543307086613 28.346456692913385 13.039370078740157 né
175.748031496063 364.53543307086613 28.346456692913385 13.039370078740157 en
189.92125984251967 364.53543307086613 37.7007874015748 13.039370078740157 1941
213.4488188976378 364.53543307086613 23.52755905511811 13.039370078740157 à
217.98425196850394 364.53543307086613 51.874015748031496 13.039370078740157 Sao

22.96062992125984 375.87401574803147 43.653543307086615 11.905511811023622 (Brésil).

15.307086614173228 384.09448818897636 47.05511811023622 11.622047244094489 1
50.74015748031496 384.09448818897636 58.67716535433071 11.622047244094489 Composition
97.51181102362204 384.09448818897636 31.46456692913386 11.622047244094489 avec
117.07086614173228 384.09448818897636 54.70866141732284 11.622047244094489 personnage
160.15748031496062 384.09448818897636 23.52755905511811 11.622047244094489 I,
172.06299212598427 384.09448818897636 31.46456692913386 11.622047244094489 1965
191.6220472440945 384.09448818897636 43.08661417322835 11.622047244094489 (huile,
222.8031496062992 384.09448818897636 27.496062992125985 11.622047244094489 140
238.6771653543307 384.09448818897636 19.559055118110237 11.622047244094489 x
242.36220472440945 384.09448818897636 27.496062992125985 11.622047244094489 120).

15.874015748031496 394.01574803149606 46.20472440944882 11.05511811023622 2
50.74015748031496 394.01574803149606 57.826771653543304 11.05511811023622 Composition
96.66141732283465 394.01574803149606 30.89763779527559 11.05511811023622 avec
115.93700787401575 394.01574803149606 53.85826771653543 11.05511811023622 personnage
158.17322834645668 394.01574803149606 26.929133858267715 11.05511811023622 II,
173.76377952755905 394.01574803149606 30.89763779527559 11.05511811023622 1965
193.03937007874015 394.01574803149606 42.23622047244095 11.05511811023622 (huile,
223.6535433070866 394.01574803149606 26.929133858267715 11.05511811023622 140
238.96062992125985 394.01574803149606 19.275590551181104 11.05511811023622 x
242.9291338582677 394.01574803149606 26.929133858267715 11.05511811023622 120).

15.590551181102363 403.37007874015745 45.63779527559055 11.622047244094489 3
49.60629921259842 403.37007874015745 56.976377952755904 11.622047244094489 Composition
95.24409448818898 403.37007874015745 30.330708661417322 11.622047244094489 avec
113.95275590551181 403.37007874015745 53.00787401574803 11.622047244094489 personnage
155.90551181102362 403.37007874015745 30.330708661417322 11.622047244094489 III,
174.89763779527559 403.37007874015745 30.330708661417322 11.622047244094489 1965
193.60629921259843 403.37007874015745 41.669291338582674 11.622047244094489 (huile,
223.93700787401573 403.37007874015745 26.64566929133858 11.622047244094489 140
239.24409448818898 403.37007874015745 18.992125984251967 11.622047244094489 x
242.9291338582677 403.37007874015745 26.64566929133858 11.622047244094489 120).

26.078740157480315 418.1102362204724 56.69291338582677 11.905511811023622 Sergio
69.44881889763779 418.1102362204724 43.653543307086615 11.905511811023622 CAMPOS
100.06299212598425 418.1102362204724 60.94488188976378 11.905511811023622 MELLO
147.96850393700788 418.1102362204724 26.078740157480315 11.905511811023622 né
161.00787401574803 418.1102362204724 26.078740157480315 11.905511811023622 en
174.04724409448818 418.1102362204724 34.86614173228347 11.905511811023622 1932
195.8740157480315 418.1102362204724 21.826771653543307 11.905511811023622 à
204.66141732283464 418.1102362204724 30.614173228346456 11.905511811023622 Rio
221.95275590551182 418.1102362204724 26.078740157480315 11.905511811023622 de
230.74015748031496 418.1102362204724 39.118110236220474 11.905511811023622 Janeiro

23.244094488188978 428.88188976377955 43.93700787401575 11.338582677165354 (Brésil).

16.15748031496063 437.1023622047244 44.78740157480315 11.622047244094489 4
49.60629921259842 437.1023622047244 44.78740157480315 11.622047244094489 Peinture
83.05511811023622 437.1023622047244 22.393700787401574 11.622047244094489 I,
94.39370078740157 437.1023622047244 29.763779527559056 11.622047244094489 1965
112.81889763779527 437.1023622047244 40.818897637795274 11.622047244094489 (huile,
142.58267716535434 437.1023622047244 26.078740157480315 11.622047244094489 114
157.60629921259843 437.1023622047244 18.708661417322833 11.622047244094489 x
161.29133858267716 437.1023622047244 26.078740157480315 11.622047244094489 146).

16.15748031496063 446.74015748031496 43.653543307086615 10.771653543307087 5
48.75590551181102 446.74015748031496 43.653543307086615 10.771653543307087 Peinture
81.63779527559055 446.74015748031496 25.511811023622048 10.771653543307087 II,
96.09448818897638 446.74015748031496 28.913385826771652 10.771653543307087 1965
114.23622047244095 446.74015748031496 39.968503937007874 10.771653543307087 (huile,
143.1496062992126 446.74015748031496 25.511811023622048 10.771653543307087 114
157.88976377952756 446.74015748031496 18.141732283464567 10.771653543307087 x
161.29133858267716 446.74015748031496 25.511811023622048 10.771653543307087 146).

16.440944881889763 455.81102362204723 42.51968503937008 15.023622047244094 6
48.47244094488189 455.81102362204723 42.51968503937008 15.023622047244094 Peinture
80.50393700787401 455.81102362204723 28.346456692913385 15.023622047244094 III,
98.36220472440945 455.81102362204723 28.346456692913385 15.023622047244094 1965
115.93700787401575 455.81102362204723 39.118110236220474 15.023622047244094 (huile,
144.56692913385828 455.81102362204723 24.944881889763778 15.023622047244094 114
158.74015748031496 455.81102362204723 17.858267716535433 15.023622047244094 x
162.14173228346456 455.81102362204723 24.944881889763778 15.023622047244094 146).

26.929133858267715 468.8503937007874 56.69291338582677 15.023622047244094 Antonio
71.43307086614173 468.8503937007874 48.75590551181102 15.023622047244094 DIAS
108.0 468.8503937007874 24.37795275590551 15.023622047244094 né
120.18897637795276 468.8503937007874 24.37795275590551 15.023622047244094 en
132.09448818897638 468.8503937007874 32.31496062992126 15.023622047244094 1944
152.50393700787401 468.8503937007874 20.125984251968504 15.023622047244094 à
160.7244094488189 468.8503937007874 44.503937007874015 15.023622047244094 Campina
193.03937007874015 468.8503937007874 40.53543307086614 15.023622047244094 Grande
217.41732283464566 468.8503937007874 44.503937007874015 15.023622047244094 (Brésil).

15.874015748031496 479.90551181102364 45.92125984251968 14.456692913385826 7
50.45669291338583 479.90551181102364 65.19685039370079 14.456692913385826 Programmation
104.31496062992126 479.90551181102364 30.614173228346456 14.456692913385826 pour
123.30708661417323 479.90551181102364 22.96062992125984 14.456692913385826 un
134.9291338582677 479.90551181102364 57.54330708661417 14.456692913385826 assassinat,
180.8503937007874 479.90551181102364 30.614173228346456 14.456692913385826 1965
200.1259842519685 479.90551181102364 38.267716535433074 14.456692913385826 (objet
223.08661417322836 479.90551181102364 45.92125984251968 14.456692913385826 construit.

26.64566929133858 490.3937007874016 53.29133858267716 12.188976377952756 peinture,
67.46456692913385 490.3937007874016 41.10236220472441 12.188976377952756 dessin
96.09448818897638 490.3937007874016 24.661417322834644 12.188976377952756 et
108.56692913385827 490.3937007874016 49.039370078740156 12.188976377952756 collage,
145.41732283464566 490.3937007874016 28.62992125984252 12.188976377952756 122
161.5748031496063 490.3937007874016 20.409448818897637 12.188976377952756 x
165.82677165354332 490.3937007874016 28.62992125984252 12.188976377952756 122).

16.440944881889763 499.748031496063 48.47244094488189 11.622047244094489 8
56.69291338582677 499.748031496063 48.47244094488189 11.622047244094489 Général,
92.97637795275591 499.748031496063 24.094488188976378 11.622047244094489 le
104.88188976377953 499.748031496063 36.28346456692913 11.622047244094489 poing
129.25984251968504 499.748031496063 24.094488188976378 11.622047244094489 se
141.16535433070865 499.748031496063 40.25196850393701 11.622047244094489 cassel
169.51181102362204 499.748031496063 20.125984251968504 11.622047244094489 .
177.4488188976378 499.748031496063 32.31496062992126 11.622047244094489 1965
197.5748031496063 499.748031496063 40.25196850393701 11.622047244094489 (objet
221.66929133858267 499.748031496063 48.47244094488189 11.622047244094489 construit,

26.64566929133858 509.38582677165357 53.29133858267716 13.606299212598426 peinture,
67.46456692913385 509.38582677165357 40.818897637795274 13.606299212598426 dessin
96.09448818897638 509.38582677165357 24.661417322834644 13.606299212598426 et
108.28346456692914 509.38582677165357 49.039370078740156 13.606299212598426 collage,
145.13385826771653 509.38582677165357 28.62992125984252 13.606299212598426 122
161.5748031496063 509.38582677165357 20.409448818897637 13.606299212598426 x
165.54330708661416 509.38582677165357 32.881889763779526 13.606299212598426 122).*

16.15748031496063 518.7401574803149 47.62204724409449 11.905511811023622 9
55.84251968503937 518.7401574803149 47.62204724409449 11.905511811023622 Innominé
91.55905511811024 518.7401574803149 19.84251968503937 11.905511811023622 ,
99.49606299212599 518.7401574803149 31.748031496062993 11.905511811023622 1965
119.33858267716535 518.7401574803149 39.68503937007874 11.905511811023622 (objet
147.11811023622047 518.7401574803149 55.55905511811024 11.905511811023622 construit,
190.77165354330708 518.7401574803149 51.59055118110236 11.905511811023622 peinture,
230.45669291338584 518.7401574803149 39.68503937007874 11.905511811023622 dessin
254.26771653543307 518.7401574803149 15.874015748031496 11.905511811023622 et

26.362204724409448 528.9448818897638 52.15748031496063 14.173228346456693 collage,
65.19685039370079 528.9448818897638 30.330708661417322 14.173228346456693 122
82.77165354330708 528.9448818897638 21.826771653543307 14.173228346456693 x
87.02362204724409 528.9448818897638 30.330708661417322 14.173228346456693 122).

28.346456692913385 541.1338582677165 39.40157480314961 13.32283464566929 Bin
55.84251968503937 541.1338582677165 55.275590551181104 13.32283464566929 KONDO
99.21259842519684 541.1338582677165 23.52755905511811 13.32283464566929 né
111.11811023622047 541.1338582677165 23.52755905511811 13.32283464566929 en
123.02362204724409 541.1338582677165 31.46456692913386 13.32283464566929 1937
142.58267716535434 541.1338582677165 23.52755905511811 13.32283464566929 en
150.51968503937007 541.1338582677165 31.46456692913386 13.32283464566929 Chine.

12.472440944881889 552.1889763779527 49.60629921259842 11.622047244094489 10
50.45669291338583 552.1889763779527 45.63779527559055 11.622047244094489 Peinture
84.75590551181102 552.1889763779527 22.96062992125984 11.622047244094489 I,
96.09448818897638 552.1889763779527 30.614173228346456 11.622047244094489 1965
115.37007874015748 552.1889763779527 37.98425196850393 11.622047244094489 (huile
142.01574803149606 552.1889763779527 26.64566929133858 11.622047244094489 sur
157.3228346456693 552.1889763779527 30.614173228346456 11.622047244094489 bois
176.31496062992127 552.1889763779527 22.96062992125984 11.622047244094489 et
187.6535433070866 552.1889763779527 45.63779527559055 11.622047244094489 collage,
221.95275590551182 552.1889763779527 26.64566929133858 11.622047244094489 120
237.25984251968504 552.1889763779527 18.992125984251967 11.622047244094489 x
240.9448818897638 552.1889763779527 22.96062992125984 11.622047244094489 80).

11.905511811023622 559.5590551181102 49.889763779527556 13.039370078740157 11
50.45669291338583 559.5590551181102 46.20472440944882 13.039370078740157 Peinture
85.03937007874016 559.5590551181102 26.929133858267715 13.039370078740157 II,
100.34645669291339 559.5590551181102 30.614173228346456 13.039370078740157 1965
119.62204724409449 559.5590551181102 38.55118110236221 13.039370078740157 (huile
146.5511811023622 559.5590551181102 26.929133858267715 13.039370078740157 sur
161.85826771653544 559.5590551181102 30.614173228346456 13.039370078740157 bois
181.13385826771653 559.5590551181102 22.96062992125984 13.039370078740157 et
192.75590551181102 559.5590551181102 46.20472440944882 13.039370078740157 collage,
227.33858267716536 559.5590551181102 26.929133858267715 13.039370078740157 120
242.64566929133858 559.5590551181102 19.275590551181104 13.039370078740157 x
246.61417322834646 559.5590551181102 22.96062992125984 13.039370078740157 80).

12.188976377952756 570.6141732283464 49.32283464566929 12.188976377952756 12
49.889763779527556 570.6141732283464 45.354330708661415 12.188976377952756 Peinture
83.90551181102362 570.6141732283464 30.330708661417322 12.188976377952756 III,
102.89763779527559 570.6141732283464 30.330708661417322 12.188976377952756 1965
121.88976377952756 570.6141732283464 37.98425196850393 12.188976377952756 (huile
148.53543307086613 570.6141732283464 26.64566929133858 12.188976377952756 sur
163.55905511811022 570.6141732283464 30.330708661417322 12.188976377952756 bois
182.5511811023622 570.6141732283464 22.677165354330707 12.188976377952756 et
193.88976377952756 570.6141732283464 45.354330708661415 12.188976377952756 collage,
227.90551181102362 570.6141732283464 26.64566929133858 12.188976377952756 120
242.9291338582677 570.6141732283464 18.992125984251967 12.188976377952756 x
246.89763779527559 570.6141732283464 22.677165354330707 12.188976377952756 80).

26.929133858267715 587.0551181102362 68.03149606299213 11.338582677165354 Tomoshige
82.20472440944881 587.0551181102362 63.77952755905512 11.338582677165354 KUSUNO
133.22834645669292 587.0551181102362 25.511811023622048 11.338582677165354 né
145.98425196850394 587.0551181102362 25.511811023622048 11.338582677165354 en
158.74015748031496 587.0551181102362 34.01574803149607 11.338582677165354 1935
180.0 587.0551181102362 21.25984251968504 11.338582677165354 à
188.50393700787401 587.0551181102362 42.51968503937008 11.338582677165354 Vubari
214.01574803149606 587.0551181102362 42.51968503937008 11.338582677165354 (Japon).

12.188976377952756 595.2755905511812 51.30708661417323 11.338582677165354 13
51.59055118110236 595.2755905511812 51.30708661417323 11.338582677165354 Minuscule
91.2755905511811 595.2755905511812 23.811023622047244 11.338582677165354 et
103.18110236220473 595.2755905511812 55.275590551181104 11.338582677165354 majuscule,
146.5511811023622 595.2755905511812 31.748031496062993 11.338582677165354 1965
166.39370078740157 595.2755905511812 47.338582677165356 11.338582677165354 (dessin,
201.82677165354332 595.2755905511812 35.43307086614173 11.338582677165354 objet
221.66929133858267 595.2755905511812 47.338582677165356 11.338582677165354 construit.

27.496062992125985 605.1968503937007 34.01574803149607 11.338582677165354 cube
48.75590551181102 605.1968503937007 21.25984251968504 11.338582677165354 à
57.25984251968504 605.1968503937007 21.25984251968504 11.338582677165354 5
65.76377952755905 605.1968503937007 38.267716535433074 11.338582677165354 faces
90.99212598425197 605.1968503937007 34.01574803149607 11.338582677165354 plus
112.25196850393701 605.1968503937007 21.25984251968504 11.338582677165354 4
120.75590551181102 605.1968503937007 63.496062992125985 11.338582677165354 conjuguées,
171.7795275590551 605.1968503937007 25.511811023622048 11.338582677165354 70
184.251968503937 605.1968503937007 21.25984251968504 11.338582677165354 x
188.50393700787401 605.1968503937007 29.763779527559056 11.338582677165354 160).

246.33070866141733 620.503937007874 21.543307086614174 11.622047244094489 33
