287.1496062992126 672.6614173228346
165.82677165354332 13.88976377952756 99.49606299212599 21.543307086614174 TURQUIE

29.480314960629922 119.33858267716535 72.85039370078741 22.677165354330707 Commissaire
87.8740157480315 119.33858267716535 58.39370078740158 22.677165354330707 général:
131.5275590551181 119.33858267716535 58.39370078740158 22.677165354330707 Nurullah
170.36220472440945 119.33858267716535 29.19685039370079 22.677165354330707 Berk

30.04724409448819 131.24409448818898 57.54330708661417 24.094488188976378 Professeur
75.4015748031496 131.24409448818898 20.69291338582677 24.094488188976378 à
83.62204724409449 131.24409448818898 57.54330708661417 24.094488188976378 l’Académie
128.9763779527559 131.24409448818898 28.913385826771652 24.094488188976378 des
145.41732283464566 131.24409448818898 57.54330708661417 24.094488188976378 Beaux-Arts
186.51968503937007 131.24409448818898 53.574803149606296 24.094488188976378 d’Istanbul.

19.559055118110237 166.96062992125985 29.480314960629922 22.677165354330707 En
34.2992125984252 166.96062992125985 34.58267716535433 22.677165354330707 une
53.85826771653543 166.96062992125985 54.14173228346457 22.677165354330707 période
93.25984251968504 166.96062992125985 29.480314960629922 22.677165354330707 où
108.0 166.96062992125985 29.480314960629922 22.677165354330707 le
122.74015748031496 166.96062992125985 44.22047244094488 22.677165354330707 monde
152.50393700787401 166.96062992125985 34.58267716535433 22.677165354330707 des
172.06299212598427 166.96062992125985 39.40157480314961 22.677165354330707 arts
191.90551181102362 166.96062992125985 58.960629921259844 22.677165354330707 plastiques

11.622047244094489 180.0 51.023622047244096 21.543307086614174 semble
47.338582677165356 180.0 56.125984251968504 21.543307086614174 accuser
88.15748031496064 180.0 35.71653543307087 21.543307086614174 une
108.56692913385827 180.0 61.22834645669291 21.543307086614174 certaine
154.20472440944883 180.0 66.33070866141732 21.543307086614174 lassitude
205.22834645669292 180.0 45.92125984251968 21.543307086614174 mêlée
230.74015748031496 180.0 20.409448818897637 21.543307086614174 de

12.472440944881889 192.4724409448819 55.275590551181104 18.141732283464567 confusion
54.99212598425197 192.4724409448819 21.25984251968504 18.141732283464567 à
63.496062992125985 192.4724409448819 46.77165354330709 18.141732283464567 l’égard
97.51181102362204 192.4724409448819 25.511811023622048 18.141732283464567 de
110.26771653543307 192.4724409448819 25.511811023622048 18.141732283464567 la
123.02362204724409 192.4724409448819 80.78740157480316 18.141732283464567 non-figuration,
191.33858267716536 192.4724409448819 25.511811023622048 18.141732283464567 de
199.84251968503938 192.4724409448819 51.023622047244096 18.141732283464567 l’abstrac-

12.472440944881889 199.2755905511811 41.669291338582674 20.976377952755904 fion,
39.968503937007874 199.2755905511811 27.77952755905512 20.976377952755904 il
53.85826771653543 199.2755905511811 36.8503937007874 20.976377952755904 nous
77.10236220472441 199.2755905511811 22.96062992125984 20.976377952755904 a
86.1732283464567 199.2755905511811 46.20472440944882 20.976377952755904 semblé
118.48818897637796 199.2755905511811 69.16535433070867 20.976377952755904 intéressant
174.04724409448818 199.2755905511811 27.77952755905512 20.976377952755904 de
187.93700787401573 199.2755905511811 60.09448818897638 20.976377952755904 présenter
229.60629921259843 199.2755905511811 22.96062992125984 20.976377952755904 des

12.188976377952756 212.5984251968504 42.23622047244095 20.125984251968504 jeunes
41.669291338582674 212.5984251968504 50.45669291338583 20.125984251968504 artistes
79.65354330708661 212.5984251968504 33.732283464566926 20.125984251968504 dont
100.62992125984252 212.5984251968504 29.480314960629922 20.125984251968504 les
117.63779527559055 212.5984251968504 46.20472440944882 20.125984251968504 travaux
151.08661417322836 212.5984251968504 50.45669291338583 20.125984251968504 révèlent
189.0708661417323 212.5984251968504 25.228346456692915 20.125984251968504 le
201.82677165354332 212.5984251968504 37.98425196850393 20.125984251968504 désir
222.8031496062992 212.5984251968504 29.480314960629922 20.125984251968504 d’at-

12.755905511811024 221.10236220472441 49.039370078740156 20.409448818897637 teindre
48.47244094488189 221.10236220472441 22.11023622047244 20.409448818897637 à
57.25984251968504 221.10236220472441 31.181102362204726 20.409448818897637 une
75.11811023622047 221.10236220472441 71.14960629921259 20.409448818897637 expressivité
132.9448818897638 221.10236220472441 53.29133858267716 20.409448818897637 sensible
172.91338582677164 221.10236220472441 26.64566929133858 20.409448818897637 et
186.51968503937007 221.10236220472441 53.29133858267716 20.409448818897637 humaine,
221.95275590551182 221.10236220472441 31.181102362204726 20.409448818897637 voire

12.472440944881889 232.7244094488189 24.661417322834644 20.125984251968504 à
22.11023622047244 232.7244094488189 59.24409448818898 20.125984251968504 certains
66.61417322834646 232.7244094488189 59.24409448818898 20.125984251968504 moments,
110.83464566929133 232.7244094488189 73.98425196850394 20.125984251968504 dramatique.
170.07874015748033 232.7244094488189 34.58267716535433 20.125984251968504 Ici
189.63779527559055 232.7244094488189 29.480314960629922 20.125984251968504 le
204.3779527559055 232.7244094488189 49.32283464566929 20.125984251968504 retour
234.14173228346456 232.7244094488189 19.84251968503937 20.125984251968504 au

12.755905511811024 243.7795275590551 47.338582677165356 19.275590551181104 sujet,
45.92125984251968 243.7795275590551 28.346456692913385 19.275590551181104 au
60.09448818897638 243.7795275590551 47.338582677165356 19.275590551181104 thème,
93.25984251968504 243.7795275590551 51.874015748031496 19.275590551181104 s’opère
130.96062992125985 243.7795275590551 37.7007874015748 19.275590551181104 sans
154.77165354330708 243.7795275590551 61.511811023622045 19.275590551181104 préjudice
202.11023622047244 243.7795275590551 42.51968503937008 19.275590551181104 aucun
230.45669291338584 243.7795275590551 23.52755905511811 19.275590551181104 à
234.99212598425197 243.7795275590551 18.992125984251967 19.275590551181104 la

13.32283464566929 253.70078740157481 50.173228346456696 21.826771653543307 qualité
49.60629921259842 253.70078740157481 27.212598425196852 21.826771653543307 du
63.496062992125985 253.70078740157481 45.63779527559055 21.826771653543307 dessin
95.24409448818898 253.70078740157481 27.212598425196852 21.826771653543307 et
108.85039370078741 253.70078740157481 27.212598425196852 21.826771653543307 de
122.45669291338582 253.70078740157481 27.212598425196852 21.826771653543307 la
136.3464566929134 253.70078740157481 54.70866141732284 21.826771653543307 couleur,
177.16535433070865 253.70078740157481 22.677165354330707 21.826771653543307 à
186.23622047244095 253.70078740157481 54.70866141732284 21.826771653543307 l’esprit
227.33858267716536 253.70078740157481 27.212598425196852 21.826771653543307 de
236.40944881889763 253.70078740157481 18.141732283464567 21.826771653543307 la

9.921259842519685 272.40944881889766 40.25196850393701 13.88976377952756 peinture.

21.543307086614174 277.79527559055117 41.38582677165354 20.976377952755904 C’est
49.039370078740156 277.79527559055117 36.8503937007874 20.976377952755904 dans
72.0 277.79527559055117 32.031496062992126 20.976377952755904 cet
90.4251968503937 277.79527559055117 45.92125984251968 20.976377952755904 esprit
122.45669291338582 277.79527559055117 32.031496062992126 20.976377952755904 que
140.88188976377953 277.79527559055117 36.8503937007874 20.976377952755904 sont
163.84251968503938 277.79527559055117 50.45669291338583 20.976377952755904 réunis,
200.69291338582678 277.79527559055117 36.8503937007874 20.976377952755904 pour
218.83464566929135 277.79527559055117 36.8503937007874 20.976377952755904 repré-

13.88976377952756 289.13385826771656 46.77165354330709 20.409448818897637 senter
46.488188976377955 289.13385826771656 28.062992125984252 20.409448818897637 la
60.37795275590551 289.13385826771656 51.30708661417323 20.409448818897637 Turquie
97.79527559055119 289.13385826771656 23.244094488188978 20.409448818897637 à
107.14960629921259 289.13385826771656 28.062992125984252 20.409448818897637 la
121.03937007874016 289.13385826771656 60.661417322834644 20.409448818897637 Quatrième
167.81102362204723 289.13385826771656 56.125984251968504 20.409448818897637 Biennale
209.76377952755905 289.13385826771656 28.062992125984252 20.409448818897637 de
219.11811023622047 289.13385826771656 37.41732283464567 20.409448818897637 Paris,

13.039370078740157 303.59055118110234 38.267716535433074 16.440944881889763 deux
36.8503937007874 303.59055118110234 57.25984251968504 16.440944881889763 peintres
79.93700787401575 303.59055118110234 28.62992125984252 16.440944881889763 et
94.39370078740157 303.59055118110234 38.267716535433074 16.440944881889763 deux
118.20472440944881 303.59055118110234 62.07874015748032 16.440944881889763 graveurs:
166.11023622047244 303.59055118110234 38.267716535433074 16.440944881889763 Nese
189.92125984251967 303.59055118110234 43.08661417322835 16.440944881889763 Erdok
218.5511811023622 303.59055118110234 28.62992125984252 16.440944881889763 et
228.18897637795277 303.59055118110234 28.62992125984252 16.440944881889763 Suna

14.173228346456693 313.2283464566929 58.67716535433071 18.141732283464567 Gôkpinar,
59.24409448818898 313.2283464566929 49.60629921259842 18.141732283464567 Ozdemir
95.24409448818898 313.2283464566929 40.53543307086614 18.141732283464567 Altan
122.45669291338582 313.2283464566929 26.929133858267715 18.141732283464567 et
135.7795275590551 313.2283464566929 36.0 18.141732283464567 Utku
153.92125984251967 313.2283464566929 40.53543307086614 18.141732283464567 Varlik.

21.543307086614174 323.7165354330709 75.4015748031496 20.125984251968504 Fraichement
81.92125984251969 323.7165354330709 65.48031496062993 20.125984251968504 diplômées
132.3779527559055 323.7165354330709 30.330708661417322 20.125984251968504 de
147.4015748031496 323.7165354330709 70.58267716535433 20.125984251968504 l’Académie
202.96062992125985 323.7165354330709 35.1496062992126 20.125984251968504 des
217.98425196850394 323.7165354330709 40.25196850393701 20.125984251968504 Beaux-

13.606299212598426 336.755905511811 37.7007874015748 17.291338582677167 Arts
37.13385826771653 336.755905511811 70.58267716535433 17.291338582677167 d’istanbul,
93.8267716535433 336.755905511811 37.7007874015748 17.291338582677167 Nese
117.35433070866142 336.755905511811 42.23622047244095 17.291338582677167 Erdok
145.41732283464566 336.755905511811 28.346456692913385 17.291338582677167 et
159.59055118110237 336.755905511811 37.7007874015748 17.291338582677167 Suna
183.11811023622047 336.755905511811 56.40944881889764 17.291338582677167 Gôkpinar
220.8188976377953 336.755905511811 37.7007874015748 17.291338582677167 affir-

13.88976377952756 347.81102362204723 39.118110236220474 17.5748031496063 ment
38.267716535433074 347.81102362204723 39.118110236220474 17.5748031496063 dans
62.92913385826772 347.81102362204723 44.22047244094488 17.5748031496063 leurs
92.40944881889764 347.81102362204723 49.039370078740156 17.5748031496063 œuvres
126.70866141732283 347.81102362204723 34.2992125984252 17.5748031496063 des
146.26771653543307 347.81102362204723 39.118110236220474 17.5748031496063 deux
170.64566929133858 347.81102362204723 63.77952755905512 17.5748031496063 dernières
214.86614173228347 347.81102362204723 44.22047244094488 17.5748031496063 années,

14.456692913385826 360.56692913385825 31.748031496062993 14.740157480314961 une
32.59842519685039 360.56692913385825 72.85039370078741 14.740157480314961 personnalité
91.84251968503936 360.56692913385825 31.748031496062993 14.740157480314961 qui
109.98425196850394 360.56692913385825 50.173228346456696 14.740157480314961 s’était
146.5511811023622 360.56692913385825 72.85039370078741 14.740157480314961 curieusement
205.51181102362204 360.56692913385825 50.173228346456696 14.740157480314961 révélée
237.54330708661416 360.56692913385825 22.677165354330707 14.740157480314961 dès

14.740157480314961 369.9212598425197 27.212598425196852 16.440944881889763 le
28.346456692913385 369.9212598425197 40.818897637795274 16.440944881889763 début
55.55905511811024 369.9212598425197 27.212598425196852 16.440944881889763 de
69.16535433070867 369.9212598425197 40.818897637795274 16.440944881889763 leurs
96.66141732283465 369.9212598425197 49.889763779527556 16.440944881889763 études.
132.9448818897638 369.9212598425197 63.77952755905512 16.440944881889763 S’écartant
182.83464566929135 369.9212598425197 72.85039370078741 16.440944881889763 délibérément
237.54330708661416 369.9212598425197 22.677165354330707 16.440944881889763 des

14.173228346456693 380.12598425196853 44.503937007874015 15.590551181102363 voies
43.653543307086615 380.12598425196853 64.34645669291339 15.590551181102363 courantes
93.25984251968504 380.12598425196853 29.763779527559056 15.590551181102363 de
108.0 380.12598425196853 29.763779527559056 15.590551181102363 la
122.74015748031496 380.12598425196853 59.24409448818898 15.590551181102363 peinture
167.24409448818898 380.12598425196853 64.34645669291339 15.590551181102363 actuelle,
216.8503937007874 380.12598425196853 34.58267716535433 15.590551181102363 ces
231.59055118110237 380.12598425196853 29.763779527559056 15.590551181102363 deux

14.173228346456693 394.01574803149606 46.488188976377955 14.173228346456693 jeunes
46.488188976377955 394.01574803149606 46.488188976377955 14.173228346456693 filles
79.08661417322834 394.01574803149606 51.023622047244096 14.173228346456693 avaient
116.22047244094489 394.01574803149606 37.13385826771653 14.173228346456693 tout
139.748031496063 394.01574803149606 27.77952755905512 14.173228346456693 de
153.63779527559055 394.01574803149606 41.95275590551181 14.173228346456693 suite
181.41732283464566 394.01574803149606 46.488188976377955 14.173228346456693 marqué
214.01574803149606 394.01574803149606 37.13385826771653 14.173228346456693 leur
232.7244094488189 394.01574803149606 27.77952755905512 14.173228346456693 pro-

14.456692913385826 400.81889763779526 37.98425196850393 15.874015748031496 fond
38.267716535433074 400.81889763779526 71.43307086614173 15.874015748031496 attachement
95.5275590551181 400.81889763779526 47.62204724409449 15.874015748031496 envers
128.69291338582678 400.81889763779526 28.62992125984252 15.874015748031496 le
142.86614173228347 400.81889763779526 47.62204724409449 15.874015748031496 milieu
176.31496062992127 400.81889763779526 37.98425196850393 15.874015748031496 dans
200.1259842519685 400.81889763779526 47.62204724409449 15.874015748031496 lequel
228.75590551181102 400.81889763779526 33.16535433070866 15.874015748031496 elles

14.456692913385826 411.87401574803147 63.21259842519685 16.15748031496063 vivaient,
62.92913385826772 411.87401574803147 43.653543307086615 16.15748031496063 osant
92.1259842519685 411.87401574803147 58.39370078740158 16.15748031496063 traduire
136.06299212598427 411.87401574803147 29.19685039370079 16.15748031496063 un
150.51968503937007 411.87401574803147 43.653543307086615 16.15748031496063 thème
179.71653543307087 411.87401574803147 43.653543307086615 16.15748031496063 donné
208.91338582677164 411.87401574803147 34.01574803149607 16.15748031496063 qui
223.6535433070866 411.87401574803147 38.83464566929134 16.15748031496063 vivait

15.307086614173228 423.496062992126 31.46456692913386 15.307086614173228 non
33.44881889763779 423.496062992126 31.46456692913386 15.307086614173228 par
51.30708661417323 423.496062992126 80.78740157480316 15.307086614173228 l’illustration
118.77165354330708 423.496062992126 62.92913385826772 15.307086614173228 épisodique
168.09448818897638 423.496062992126 26.929133858267715 15.307086614173228 de
181.70078740157481 423.496062992126 26.929133858267715 15.307086614173228 la
195.0236220472441 423.496062992126 40.53543307086614 15.307086614173228 scène
221.95275590551182 423.496062992126 22.393700787401574 15.307086614173228 à
226.48818897637796 423.496062992126 36.0 15.307086614173228 repro-

14.740157480314961 436.81889763779526 48.47244094488189 12.472440944881889 duire,
48.75590551181102 436.81889763779526 38.83464566929134 12.472440944881889 mais
73.13385826771653 436.81889763779526 34.01574803149607 12.472440944881889 par
92.40944881889764 436.81889763779526 29.19685039370079 12.472440944881889 le
107.14960629921259 436.81889763779526 63.21259842519685 12.472440944881889 sentiment
155.6220472440945 436.81889763779526 48.47244094488189 12.472440944881889 humain
189.63779527559055 436.81889763779526 34.01574803149607 12.472440944881889 qui
208.91338582677164 436.81889763779526 38.83464566929134 12.472440944881889 s’en
228.4724409448819 436.81889763779526 34.01574803149607 12.472440944881889 déga-

14.456692913385826 443.0551181102362 52.15748031496063 17.5748031496063 geait.
50.74015748031496 443.0551181102362 52.15748031496063 17.5748031496063 Ainsi,
87.30708661417323 443.0551181102362 26.078740157480315 17.5748031496063 «
97.51181102362204 443.0551181102362 57.25984251968504 17.5748031496063 Figures
139.1811023622047 443.0551181102362 31.181102362204726 17.5748031496063 et
154.77165354330708 443.0551181102362 67.74803149606299 17.5748031496063 Fantoches
206.9291338582677 443.0551181102362 26.078740157480315 17.5748031496063 ,
222.51968503937007 443.0551181102362 41.669291338582674 17.5748031496063 Mère
243.49606299212599 443.0551181102362 20.69291338582677 17.5748031496063 et

15.307086614173228 457.51181102362204 51.874015748031496 12.755905511811024 Enfant
51.59055118110236 457.51181102362204 31.181102362204726 12.755905511811024 de
67.18110236220473 457.51181102362204 41.669291338582674 12.755905511811024 Nese
93.25984251968504 457.51181102362204 46.77165354330709 12.755905511811024 Erdok
124.44094488188976 457.51181102362204 72.85039370078741 12.755905511811024 traduisent
181.70078740157481 457.51181102362204 36.28346456692913 12.755905511811024 une
202.39370078740157 457.51181102362204 57.25984251968504 12.755905511811024 intense
238.6771653543307 457.51181102362204 26.078740157480315 12.755905511811024 vie

15.023622047244094 467.7165354330709 66.89763779527559 13.32283464566929 intérieure
67.74803149606299 467.7165354330709 38.267716535433074 13.32283464566929 dans
91.55905511811024 467.7165354330709 28.62992125984252 13.32283464566929 un
106.01574803149606 467.7165354330709 43.08661417322835 13.32283464566929 style
134.64566929133858 467.7165354330709 66.89763779527559 13.32283464566929 atteignant
187.37007874015748 467.7165354330709 52.724409448818896 13.32283464566929 parfois
225.63779527559055 467.7165354330709 28.62992125984252 13.32283464566929 un
235.2755905511811 467.7165354330709 28.62992125984252 13.32283464566929 bur-

15.590551181102363 475.93700787401576 46.20472440944882 15.874015748031496 lesque
47.90551181102362 475.93700787401576 60.09448818897638 15.874015748031496 tragique,
94.11023622047244 475.93700787401576 36.8503937007874 15.874015748031496 mais
117.07086614173228 475.93700787401576 73.98425196850394 15.874015748031496 complètement
177.16535433070865 475.93700787401576 41.669291338582674 15.874015748031496 dénué
200.40944881889763 475.93700787401576 64.62992125984252 15.874015748031496 d’artifices.

15.874015748031496 488.12598425196853 28.913385826771652 14.456692913385826 Le
30.330708661417322 488.12598425196853 48.188976377952756 14.456692913385826 dessin
64.06299212598425 488.12598425196853 33.732283464566926 14.456692913385826 est
83.05511811023622 488.12598425196853 72.0 14.456692913385826 monumental,
140.88188976377953 488.12598425196853 67.18110236220473 14.456692913385826 dépouillé,
193.88976377952756 488.12598425196853 28.913385826771652 14.456692913385826 la
208.06299212598427 488.12598425196853 53.00787401574803 14.456692913385826 couleur
241.79527559055117 488.12598425196853 24.094488188976378 14.456692913385826 est

15.590551181102363 496.62992125984255 48.188976377952756 15.590551181102363 sobre,
49.32283464566929 496.62992125984255 53.00787401574803 15.590551181102363 limitée
87.8740157480315 496.62992125984255 24.094488188976378 15.590551181102363 à
97.51181102362204 496.62992125984255 33.732283464566926 15.590551181102363 une
116.78740157480316 496.62992125984255 43.37007874015748 15.590551181102363 gamme
145.98425196850394 496.62992125984255 72.28346456692914 15.590551181102363 restreinte.
203.81102362204723 496.62992125984255 28.913385826771652 15.590551181102363 La
218.26771653543307 496.62992125984255 48.188976377952756 15.590551181102363 vision
247.1811023622047 496.62992125984255 19.275590551181104 15.590551181102363 de

15.590551181102363 509.1023622047244 41.95275590551181 15.307086614173228 Suna
41.669291338582674 509.1023622047244 62.92913385826772 15.307086614173228 Gôkpinar
88.7244094488189 509.1023622047244 36.56692913385827 15.307086614173228 est
109.7007874015748 509.1023622047244 52.44094488188976 15.307086614173228 proche
146.5511811023622 509.1023622047244 31.46456692913386 15.307086614173228 de
162.14173228346456 509.1023622047244 47.05511811023622 15.307086614173228 celle
193.60629921259843 509.1023622047244 31.46456692913386 15.307086614173228 de
209.48031496062993 509.1023622047244 41.95275590551181 15.307086614173228 Nese
230.45669291338584 509.1023622047244 36.56692913385827 15.307086614173228 Erdok

15.590551181102363 517.8897637795276 30.89763779527559 16.724409448818896 au
30.89763779527559 517.8897637795276 46.20472440944882 16.724409448818896 point
61.79527559055118 517.8897637795276 36.0 16.724409448818896 que
82.20472440944881 517.8897637795276 46.20472440944882 16.724409448818896 l’une
112.81889763779527 517.8897637795276 51.30708661417323 16.724409448818896 semble
148.8188976377953 517.8897637795276 66.61417322834646 16.724409448818896 compléter
200.1259842519685 517.8897637795276 61.511811023622045 16.724409448818896 l’autre.
241.22834645669292 517.8897637795276 25.511811023622048 16.724409448818896 Ici

15.874015748031496 528.0944881889764 47.05511811023622 16.440944881889763 aussi
47.05511811023622 528.0944881889764 47.05511811023622 16.440944881889763 opère
78.51968503937007 528.0944881889764 31.46456692913386 16.440944881889763 la
94.39370078740157 528.0944881889764 41.95275590551181 16.440944881889763 même
120.4724409448819 528.0944881889764 73.41732283464567 16.440944881889763 atmosphère
178.01574803149606 528.0944881889764 83.62204724409449 16.440944881889763 angoissante,
240.9448818897638 528.0944881889764 26.078740157480315 16.440944881889763 dé-

15.307086614173228 539.4330708661417 48.47244094488189 17.291338582677167 crite
47.62204724409449 539.4330708661417 37.7007874015748 17.291338582677167 par
69.16535433070867 539.4330708661417 32.31496062992126 17.291338582677167 un
85.03937007874016 539.4330708661417 53.85826771653543 17.291338582677167 dessin
122.74015748031496 539.4330708661417 75.11811023622047 17.291338582677167 monumental
181.98425196850394 539.4330708661417 32.31496062992126 17.291338582677167 et
198.14173228346456 539.4330708661417 37.7007874015748 17.291338582677167 une
219.4015748031496 539.4330708661417 48.47244094488189 17.291338582677167 gamme
246.33070866141733 539.4330708661417 21.543307086614174 17.291338582677167 de

16.724409448818896 556.1574803149606 55.55905511811024 11.338582677165354 couleurs
58.39370078740158 556.1574803149606 69.44881889763779 11.338582677165354 extrêmement
109.13385826771653 556.1574803149606 60.09448818897638 11.338582677165354 restreinte.

25.511811023622048 565.7952755905512 39.68503937007874 16.15748031496063 Deux
50.45669291338583 565.7952755905512 64.62992125984252 16.15748031496063 graveurs,
100.06299212598425 565.7952755905512 54.70866141732284 16.15748031496063 Ozdemir
139.748031496063 565.7952755905512 44.78740157480315 16.15748031496063 Altan
169.79527559055117 565.7952755905512 29.763779527559056 16.15748031496063 et
184.53543307086613 565.7952755905512 39.68503937007874 16.15748031496063 Utku
209.48031496062993 565.7952755905512 49.60629921259842 16.15748031496063 Varlik
239.24409448818898 565.7952755905512 29.763779527559056 16.15748031496063 pré-

16.724409448818896 574.2992125984252 49.889763779527556 18.708661417322833 sentent
53.00787401574803 574.2992125984252 31.748031496062993 18.708661417322833 des
71.14960629921259 574.2992125984252 90.4251968503937 18.708661417322833 caractéristiques
147.96850393700788 574.2992125984252 40.818897637795274 18.708661417322833 assez
175.1811023622047 574.2992125984252 58.960629921259844 18.708661417322833 voisines,
220.251968503937 574.2992125984252 27.212598425196852 18.708661417322833 en
233.85826771653544 574.2992125984252 27.212598425196852 18.708661417322833 ce
242.9291338582677 574.2992125984252 27.212598425196852 18.708661417322833 sens

17.007874015748033 585.0708661417323 46.20472440944882 15.874015748031496 qu’ils
49.32283464566929 585.0708661417323 64.62992125984252 15.874015748031496 s’écartent
99.77952755905511 585.0708661417323 27.77952755905512 15.874015748031496 de
113.66929133858268 585.0708661417323 27.77952755905512 15.874015748031496 la
127.55905511811024 585.0708661417323 83.05511811023622 15.874015748031496 non-figuration
196.7244094488189 585.0708661417323 27.77952755905512 15.874015748031496 et
210.61417322834646 585.0708661417323 50.74015748031496 15.874015748031496 aiment,
242.64566929133858 585.0708661417323 27.77952755905512 15.874015748031496 dans

16.724409448818896 594.992125984252 84.75590551181102 16.724409448818896 l’agencement
85.60629921259843 594.992125984252 31.748031496062993 16.724409448818896 de
101.48031496062993 594.992125984252 47.62204724409449 16.724409448818896 leurs
133.22834645669292 594.992125984252 90.14173228346456 16.724409448818896 compositions,
207.49606299212599 594.992125984252 58.110236220472444 16.724409448818896 traiter
244.62992125984252 594.992125984252 26.362204724409448 16.724409448818896 des

16.724409448818896 605.4803149606299 47.90551181102362 19.559055118110237 thèmes
50.173228346456696 605.4803149606299 28.62992125984252 19.559055118110237 où
64.62992125984252 605.4803149606299 38.267716535433074 19.559055118110237 leur
88.7244094488189 605.4803149606299 72.0 19.559055118110237 tempérament
146.26771653543307 605.4803149606299 38.267716535433074 19.559055118110237 peut
170.07874015748033 605.4803149606299 67.18110236220473 19.559055118110237 s’affirmer
222.8031496062992 605.4803149606299 38.267716535433074 19.559055118110237 avec
242.07874015748033 605.4803149606299 28.62992125984252 19.559055118110237 plus

18.141732283464567 622.2047244094488 24.661417322834644 13.32283464566929 de
26.078740157480315 622.2047244094488 41.10236220472441 13.32283464566929 netteté.

246.33070866141733 630.992125984252 24.661417322834644 14.740157480314961 117
