334.7716535433071 660.7559055118111
135.49606299212599 10.204724409448819 91.2755905511811 19.275590551181104 EMISSIONS
209.76377952755905 10.204724409448819 74.26771653543307 19.275590551181104 PUBLIQUES
261.07086614173227 10.204724409448819 45.63779527559055 19.275590551181104 DE

216.8503937007874 23.811023622047244 49.889763779527556 17.858267716535433 L'O.
253.13385826771653 23.811023622047244 27.212598425196852 17.858267716535433 R.
262.20472440944883 23.811023622047244 45.354330708661415 17.858267716535433 T.F.

39.68503937007874 53.85826771653543 59.52755905511811 18.4251968503937 SERVICE
86.45669291338582 53.85826771653543 25.511811023622048 18.4251968503937 DE
99.21259842519684 53.85826771653543 25.511811023622048 18.4251968503937 LA
112.25196850393701 53.85826771653543 72.56692913385827 18.4251968503937 RECHERCHE
171.7795275590551 53.85826771653543 72.56692913385827 18.4251968503937 (responsable:
227.0551181102362 53.85826771653543 64.06299212598425 18.4251968503937 Pierre

38.83464566929134 69.44881889763779 52.15748031496063 13.039370078740157 Schaeffer).

38.55118110236221 83.05511811023622 44.22047244094488 16.724409448818896 jeudi
68.03149606299213 83.05511811023622 29.480314960629922 16.724409448818896 30
82.77165354330708 83.05511811023622 44.22047244094488 16.724409448818896 sept.
112.25196850393701 83.05511811023622 54.14173228346457 16.724409448818896 Langage
151.37007874015748 83.05511811023622 29.480314960629922 16.724409448818896 de
166.11023622047244 83.05511811023622 29.480314960629922 16.724409448818896 la
180.8503937007874 83.05511811023622 54.14173228346457 16.724409448818896 Musique
215.1496062992126 83.05511811023622 54.14173228346457 16.724409448818896 d’Orient.

37.41732283464567 95.81102362204724 45.63779527559055 17.007874015748033 jeudi
68.03149606299213 95.81102362204724 25.511811023622048 17.007874015748033 7
77.95275590551181 95.81102362204724 40.53543307086614 17.007874015748033 oct.
103.46456692913385 95.81102362204724 45.63779527559055 17.007874015748033 Essai
133.79527559055117 95.81102362204724 35.43307086614173 17.007874015748033 sur
154.20472440944883 95.81102362204724 30.330708661417322 17.007874015748033 la
169.51181102362204 95.81102362204724 66.04724409448819 17.007874015748033 Recherche
215.1496062992126 95.81102362204724 40.53543307086614 17.007874015748033 Image.

39.40157480314961 106.01574803149606 46.20472440944882 17.5748031496063 jeudi
70.01574803149606 106.01574803149606 30.614173228346456 17.5748031496063 14
85.60629921259843 106.01574803149606 41.10236220472441 17.5748031496063 oct.
111.11811023622047 106.01574803149606 66.61417322834646 17.5748031496063 Recherche
162.4251968503937 106.01574803149606 30.614173228346456 17.5748031496063 de
177.73228346456693 106.01574803149606 66.61417322834646 17.5748031496063 Programme
229.03937007874015 106.01574803149606 25.511811023622048 17.5748031496063 -
239.24409448818898 106.01574803149606 30.614173228346456 17.5748031496063 De
249.4488188976378 106.01574803149606 41.10236220472441 17.5748031496063 l’ani-

123.30708661417323 116.50393700787401 70.86614173228347 14.456692913385826 mation-Vers
180.0 116.50393700787401 33.16535433070866 14.456692913385826 une
194.45669291338584 116.50393700787401 66.33070866141732 14.456692913385826 dramaturgie.

38.267716535433074 128.40944881889763 45.92125984251968 19.559055118110237 jeudi
68.88188976377953 128.40944881889763 30.614173228346456 19.559055118110237 21
84.18897637795276 128.40944881889763 40.818897637795274 19.559055118110237 oct.
109.41732283464567 128.40944881889763 56.125984251968504 19.559055118110237 Concert
150.23622047244095 128.40944881889763 35.71653543307087 19.559055118110237 par
170.64566929133858 128.40944881889763 71.14960629921259 19.559055118110237 l’Ensemble
221.66929133858267 128.40944881889763 71.14960629921259 19.559055118110237 Instrumental

126.14173228346456 140.03149606299212 29.480314960629922 11.905511811023622 de
140.88188976377953 140.03149606299212 54.14173228346457 11.905511811023622 Musique
180.28346456692913 140.03149606299212 83.90551181102362 11.905511811023622 Contemporaine
249.16535433070865 140.03149606299212 29.480314960629922 11.905511811023622 de
259.0866141732283 140.03149606299212 34.58267716535433 11.905511811023622 Paris

126.14173228346456 150.8031496062992 58.960629921259844 9.921259842519685 (direction:
173.1968503937008 150.8031496062992 66.89763779527559 9.921259842519685 Constantin
224.2204724409449 150.8031496062992 66.89763779527559 9.921259842519685 Simonovic)

38.267716535433074 160.15748031496062 45.92125984251968 18.4251968503937 jeudi
68.88188976377953 160.15748031496062 30.614173228346456 18.4251968503937 28
84.18897637795276 160.15748031496062 40.818897637795274 18.4251968503937 oct.
109.7007874015748 160.15748031496062 61.22834645669291 18.4251968503937 Panorama
155.6220472440945 160.15748031496062 30.614173228346456 18.4251968503937 de
170.64566929133858 160.15748031496062 56.125984251968504 18.4251968503937 musique
206.36220472440945 160.15748031496062 81.63779527559055 18.4251968503937 expérimentale.

40.25196850393701 198.14173228346456 58.39370078740158 12.472440944881889 LECTURES
87.02362204724409 198.14173228346456 19.559055118110237 12.472440944881889 A
94.67716535433071 198.14173228346456 27.212598425196852 12.472440944881889 UNE
110.26771653543307 198.14173228346456 46.77165354330709 12.472440944881889 VOIX
145.13385826771653 198.14173228346456 66.04724409448819 12.472440944881889 (responsable:
199.55905511811022 198.14173228346456 50.45669291338583 12.472440944881889 Michel
234.70866141732284 198.14173228346456 50.45669291338583 12.472440944881889 Polac).

39.40157480314961 216.28346456692913 56.69291338582677 17.5748031496063 vendredi
82.20472440944881 216.28346456692913 33.16535433070866 17.5748031496063 1er
100.91338582677166 216.28346456692913 37.98425196850393 17.5748031496063 oct.
124.7244094488189 216.28346456692913 61.511811023622045 17.5748031496063 Armand
172.06299212598427 216.28346456692913 61.511811023622045 17.5748031496063 Gatti
219.4015748031496 216.28346456692913 23.52755905511811 17.5748031496063 -
228.75590551181102 216.28346456692913 28.346456692913385 17.5748031496063 Un
242.9291338582677 216.28346456692913 42.51968503937008 17.5748031496063 homme
266.74015748031496 216.28346456692913 28.346456692913385 17.5748031496063 seul

127.2755905511811 227.0551181102362 40.53543307086614 13.88976377952756 (pièce
155.6220472440945 227.0551181102362 44.78740157480315 13.88976377952756 inédite
188.2204724409449 227.0551181102362 28.346456692913385 13.88976377952756 lue
204.3779527559055 227.0551181102362 28.346456692913385 13.88976377952756 par
216.56692913385828 227.0551181102362 48.75590551181102 13.88976377952756 l’auteur).

38.83464566929134 238.6771653543307 54.99212598425197 12.755905511811024 vendredi
79.93700787401575 238.6771653543307 22.96062992125984 12.755905511811024 8
89.00787401574803 238.6771653543307 36.56692913385827 12.755905511811024 oct.
111.96850393700787 238.6771653543307 64.06299212598425 12.755905511811024 Georges
162.14173228346456 238.6771653543307 64.06299212598425 12.755905511811024 Michel
212.5984251968504 238.6771653543307 22.96062992125984 12.755905511811024 -
221.66929133858267 238.6771653543307 27.496062992125985 12.755905511811024 La
235.2755905511811 238.6771653543307 59.52755905511811 12.755905511811024 Promenade
276.37795275590554 238.6771653543307 18.4251968503937 12.755905511811024 du

126.14173228346456 249.4488188976378 53.574803149606296 13.039370078740157 Dimanche
166.39370078740157 249.4488188976378 44.503937007874015 13.039370078740157 (pièce
197.5748031496063 249.4488188976378 49.039370078740156 13.039370078740157 inédite
233.29133858267716 249.4488188976378 31.181102362204726 13.039370078740157 lue
251.1496062992126 249.4488188976378 31.181102362204726 13.039370078740157 par
264.4724409448819 249.4488188976378 31.181102362204726 13.039370078740157 l’au

119.05511811023622 260.78740157480314 41.10236220472441 13.039370078740157 teur).

39.968503937007874 272.6929133858268 50.45669291338583 15.590551181102363 vendredi
77.66929133858268 272.6929133858268 25.228346456692915 15.590551181102363 15
90.4251968503937 272.6929133858268 33.44881889763779 15.590551181102363 oct.
111.4015748031496 272.6929133858268 46.20472440944882 15.590551181102363 Jean
144.8503937007874 272.6929133858268 67.18110236220473 15.590551181102363 Vauthier
199.55905511811022 272.6929133858268 20.976377952755904 15.590551181102363 -
207.7795275590551 272.6929133858268 50.45669291338583 15.590551181102363 Prodiges
245.48031496062993 272.6929133858268 41.95275590551181 15.590551181102363 (pièce
270.70866141732284 272.6929133858268 25.228346456692915 15.590551181102363 iné

127.2755905511811 282.0472440944882 32.31496062992126 13.88976377952756 dite
147.4015748031496 282.0472440944882 28.346456692913385 13.88976377952756 lue
163.55905511811022 282.0472440944882 28.346456692913385 13.88976377952756 par
175.46456692913387 282.0472440944882 48.47244094488189 13.88976377952756 l’auteur).

39.40157480314961 294.23622047244095 52.724409448818896 15.590551181102363 vendredi
78.80314960629921 294.23622047244095 26.362204724409448 15.590551181102363 22
91.84251968503936 294.23622047244095 35.1496062992126 15.590551181102363 oct.
113.95275590551181 294.23622047244095 48.188976377952756 15.590551181102363 Jean
149.10236220472441 294.23622047244095 61.511811023622045 15.590551181102363 Cau-Le
197.29133858267716 294.23622047244095 43.93700787401575 15.590551181102363 Maître
227.90551181102362 294.23622047244095 26.362204724409448 15.590551181102363 du
241.22834645669292 294.23622047244095 39.40157480314961 15.590551181102363 Monde
263.0551181102362 294.23622047244095 35.1496062992126 15.590551181102363 (pièce

125.85826771653544 305.00787401574803 29.19685039370079 14.173228346456693 lue
142.58267716535434 305.00787401574803 29.19685039370079 14.173228346456693 par
155.0551181102362 305.00787401574803 50.173228346456696 14.173228346456693 l’auteur).

39.968503937007874 314.6456692913386 51.30708661417323 18.141732283464567 vendredi
78.51968503937007 314.6456692913386 25.511811023622048 18.141732283464567 29
91.2755905511811 314.6456692913386 34.2992125984252 18.141732283464567 oct.
112.53543307086615 314.6456692913386 51.30708661417323 18.141732283464567 Henri
151.08661417322836 314.6456692913386 85.32283464566929 18.141732283464567 Pichette-Les
223.6535433070866 314.6456692913386 59.811023622047244 18.141732283464567 Epiphanies
266.45669291338584 314.6456692913386 29.763779527559056 18.141732283464567 (nou

128.1259842519685 326.8346456692913 36.0 13.606299212598426 velle
152.2204724409449 326.8346456692913 43.93700787401575 13.606299212598426 version
184.251968503937 326.8346456692913 43.93700787401575 13.606299212598426 inédite
216.28346456692913 326.8346456692913 28.062992125984252 13.606299212598426 lue
232.15748031496062 326.8346456692913 28.062992125984252 13.606299212598426 par
244.3464566929134 326.8346456692913 48.188976377952756 13.606299212598426 l’auteur).

273.8267716535433 622.2047244094488 22.677165354330707 14.173228346456693 185
