334.7716535433071 660.7559055118111
64.06299212598425 11.905511811023622 171.21259842519686 20.69291338582677 MANIFESTATIONS
202.6771653543307 11.905511811023622 106.01574803149606 20.69291338582677 ANNEXES

110.55118110236221 63.77952755905512 57.54330708661417 15.590551181102363 GALERIE
155.6220472440945 63.77952755905512 24.661417322834644 15.590551181102363 R.
163.84251968503938 63.77952755905512 49.32283464566929 15.590551181102363 CREUZE

130.39370078740157 75.96850393700787 42.51968503937008 11.905511811023622 (Salle
155.90551181102362 75.96850393700787 38.267716535433074 11.905511811023622 Balzac)

73.7007874015748 84.75590551181102 30.04724409448819 14.456692913385826 12,
90.99212598425197 84.75590551181102 30.04724409448819 14.456692913385826 rue
108.0 84.75590551181102 51.59055118110236 14.456692913385826 Beaujon,
146.83464566929135 84.75590551181102 38.83464566929134 14.456692913385826 Paris
172.62992125984252 84.75590551181102 34.2992125984252 14.456692913385826 (8e)
194.17322834645668 84.75590551181102 21.543307086614174 14.456692913385826 -
202.6771653543307 84.75590551181102 34.2992125984252 14.456692913385826 WAG.
219.96850393700788 84.75590551181102 30.04724409448819 14.456692913385826 42

62.36220472440945 96.09448818897638 60.37795275590551 16.15748031496063 Exposition
109.7007874015748 96.09448818897638 25.79527559055118 16.15748031496063 du
122.74015748031496 96.09448818897638 25.79527559055118 16.15748031496063 30
135.49606299212599 96.09448818897638 56.125984251968504 16.15748031496063 septembre
178.58267716535434 96.09448818897638 25.79527559055118 16.15748031496063 au
191.6220472440945 96.09448818897638 25.79527559055118 16.15748031496063 29
204.3779527559055 96.09448818897638 47.338582677165356 16.15748031496063 octobre
234.70866141732284 96.09448818897638 30.04724409448819 16.15748031496063 1965.

69.16535433070867 107.14960629921259 58.110236220472444 15.590551181102363 Vernissage
115.08661417322834 107.14960629921259 24.944881889763778 15.590551181102363 le
127.55905511811024 107.14960629921259 37.41732283464567 15.590551181102363 jeudi
152.50393700787401 107.14960629921259 24.944881889763778 15.590551181102363 30
164.9763779527559 107.14960629921259 54.14173228346457 15.590551181102363 septembre
206.64566929133858 107.14960629921259 20.69291338582677 15.590551181102363 à
214.86614173228347 107.14960629921259 24.944881889763778 15.590551181102363 21
223.08661417322836 107.14960629921259 16.724409448818896 15.590551181102363 h.

66.61417322834646 118.77165354330708 32.031496062992126 13.606299212598426 Tous
86.74015748031496 118.77165354330708 28.062992125984252 13.606299212598426 les
102.61417322834646 118.77165354330708 36.0 13.606299212598426 jours
126.70866141732283 118.77165354330708 32.031496062992126 13.606299212598426 sauf
146.83464566929135 118.77165354330708 24.094488188976378 13.606299212598426 le
158.74015748031496 118.77165354330708 48.188976377952756 13.606299212598426 dimanche
194.74015748031496 118.77165354330708 24.094488188976378 13.606299212598426 et
206.9291338582677 118.77165354330708 24.094488188976378 13.606299212598426 le
214.86614173228347 118.77165354330708 28.062992125984252 13.606299212598426 lundi

91.84251968503936 131.24409448818898 25.228346456692915 13.88976377952756 de
104.5984251968504 131.24409448818898 25.228346456692915 13.88976377952756 10
117.07086614173228 131.24409448818898 20.976377952755904 13.88976377952756 h
125.5748031496063 131.24409448818898 20.976377952755904 13.88976377952756 à
134.07874015748033 131.24409448818898 25.228346456692915 13.88976377952756 12
146.5511811023622 131.24409448818898 20.976377952755904 13.88976377952756 h
155.0551181102362 131.24409448818898 25.228346456692915 13.88976377952756 et
167.5275590551181 131.24409448818898 25.228346456692915 13.88976377952756 de
180.28346456692913 131.24409448818898 25.228346456692915 13.88976377952756 14
193.03937007874015 131.24409448818898 20.976377952755904 13.88976377952756 h
201.25984251968504 131.24409448818898 20.976377952755904 13.88976377952756 à
209.76377952755905 131.24409448818898 25.228346456692915 13.88976377952756 18
218.26771653543307 131.24409448818898 16.724409448818896 13.88976377952756 h.

91.55905511811024 151.37007874015748 41.669291338582674 14.456692913385826 LA
119.33858267716535 151.37007874015748 64.91338582677166 14.456692913385826 FIGURATION
165.54330708661416 151.37007874015748 69.44881889763779 14.456692913385826 NARRATIVE

88.15748031496064 164.69291338582678 53.29133858267716 13.606299212598426 DANS
126.99212598425197 164.69291338582678 43.653543307086615 13.606299212598426 L’ART
151.08661417322836 164.69291338582678 87.30708661417323 13.606299212598426 CONTEMPORAIN

40.25196850393701 182.5511811023622 37.98425196850393 12.188976377952756 Cette
65.76377952755905 182.5511811023622 59.24409448818898 12.188976377952756 exposition
112.25196850393701 182.5511811023622 54.99212598425197 12.188976377952756 organisée
154.48818897637796 182.5511811023622 29.480314960629922 12.188976377952756 par
171.21259842519686 182.5511811023622 42.23622047244095 12.188976377952756 Gérald
200.9763779527559 182.5511811023622 84.4724409448819 12.188976377952756 Gassiot-Talabot.
268.7244094488189 182.5511811023622 25.228346456692915 12.188976377952756 sous

40.53543307086614 191.6220472440945 44.22047244094488 12.755905511811024 l’égide
72.56692913385827 191.6220472440945 28.062992125984252 12.755905511811024 des
88.7244094488189 191.6220472440945 48.188976377952756 12.755905511811024 Galeries
124.7244094488189 191.6220472440945 39.968503937007874 12.755905511811024 Europe
152.78740157480314 191.6220472440945 24.094488188976378 12.755905511811024 et
164.69291338582678 191.6220472440945 44.22047244094488 12.755905511811024 Creuze,
197.00787401574803 191.6220472440945 24.094488188976378 12.755905511811024 se
208.91338582677164 191.6220472440945 44.22047244094488 12.755905511811024 propose
240.9448818897638 191.6220472440945 24.094488188976378 12.755905511811024 de
253.13385826771653 191.6220472440945 39.968503937007874 12.755905511811024 donner
276.9448818897638 191.6220472440945 16.15748031496063 12.755905511811024 un

40.53543307086614 199.55905511811022 40.818897637795274 15.023622047244094 aperçu
68.88188976377953 199.55905511811022 57.25984251968504 15.023622047244094 provisoire
113.95275590551181 199.55905511811022 28.62992125984252 15.023622047244094 sur
130.39370078740157 199.55905511811022 65.48031496062993 15.023622047244094 l’expression
183.4015748031496 199.55905511811022 53.00787401574803 15.023622047244094 narrative
224.2204724409449 199.55905511811022 32.59842519685039 15.023622047244094 dans
244.62992125984252 199.55905511811022 24.37795275590551 15.023622047244094 la
252.8503937007874 199.55905511811022 40.818897637795274 15.023622047244094 peinture

40.818897637795274 210.33070866141733 23.811023622047244 16.440944881889763 et
52.724409448818896 210.33070866141733 23.811023622047244 16.440944881889763 la
64.62992125984252 210.33070866141733 51.59055118110236 16.440944881889763 sculpture
100.34645669291339 210.33070866141733 67.46456692913385 16.440944881889763 contemporaines.

40.818897637795274 219.96850393700788 32.31496062992126 17.007874015748033 Par
59.24409448818898 219.96850393700788 27.77952755905512 17.007874015748033 un
73.13385826771653 219.96850393700788 60.09448818897638 17.007874015748033 phénomène
119.05511811023622 219.96850393700788 73.7007874015748 17.007874015748033 remarquable,
179.1496062992126 219.96850393700788 69.16535433070867 17.007874015748033 constituant
234.4251968503937 219.96850393700788 32.31496062992126 17.007874015748033 une
248.31496062992127 219.96850393700788 46.20472440944882 17.007874015748033 réaction

40.818897637795274 232.15748031496062 40.25196850393701 13.606299212598426 contre
68.88188976377953 232.15748031496062 48.47244094488189 13.606299212598426 l'esprit
105.44881889763779 232.15748031496062 56.40944881889764 13.606299212598426 a-temporel
149.66929133858267 232.15748031496062 24.094488188976378 13.606299212598426 de
161.85826771653544 232.15748031496062 24.094488188976378 13.606299212598426 la
174.04724409448818 232.15748031496062 44.503937007874015 13.606299212598426 plupart
206.36220472440945 232.15748031496062 28.346456692913385 13.606299212598426 des
222.51968503937007 232.15748031496062 40.25196850393701 13.606299212598426 grands
246.61417322834646 232.15748031496062 48.47244094488189 13.606299212598426 mouvements

41.38582677165354 240.66141732283464 55.55905511811024 16.15748031496063 plastiques
85.03937007874016 240.66141732283464 23.811023622047244 16.15748031496063 du
96.94488188976378 240.66141732283464 27.77952755905512 16.15748031496063 XXe
112.53543307086615 240.66141732283464 43.653543307086615 16.15748031496063 siècle,
144.28346456692913 240.66141732283464 39.68503937007874 16.15748031496063 nombre
172.06299212598427 240.66141732283464 55.55905511811024 16.15748031496063 d’artistes
215.71653543307087 240.66141732283464 71.14960629921259 16.15748031496063 d’aujourd’hui,
270.99212598425197 240.66141732283464 23.811023622047244 16.15748031496063 sou-

41.38582677165354 251.1496062992126 29.763779527559056 13.32283464566929 vent
60.09448818897638 251.1496062992126 33.732283464566926 13.32283464566929 parmi
82.48818897637796 251.1496062992126 26.078740157480315 13.32283464566929 les
97.51181102362204 251.1496062992126 29.763779527559056 13.32283464566929 plus
115.93700787401575 251.1496062992126 44.78740157480315 13.32283464566929 avancés,
149.66929133858267 251.1496062992126 26.078740157480315 13.32283464566929 ont
164.69291338582678 251.1496062992126 33.732283464566926 13.32283464566929 senti
187.08661417322836 251.1496062992126 22.393700787401574 13.32283464566929 la
198.14173228346456 251.1496062992126 48.47244094488189 13.32283464566929 nécessité
235.55905511811022 251.1496062992126 22.393700787401574 13.32283464566929 de
242.9291338582677 251.1496062992126 52.44094488188976 13.32283464566929 réintroduire

41.38582677165354 262.7716535433071 30.89763779527559 11.622047244094489 dans
60.661417322834644 262.7716535433071 34.58267716535433 11.622047244094489 leurs
83.90551181102362 262.7716535433071 46.20472440944882 11.622047244094489 travaux,
118.48818897637796 262.7716535433071 22.96062992125984 11.622047244094489 la
130.11023622047244 262.7716535433071 38.55118110236221 11.622047244094489 notion
157.03937007874015 262.7716535433071 22.96062992125984 11.622047244094489 de
168.3779527559055 262.7716535433071 34.58267716535433 11.622047244094489 récit
191.6220472440945 262.7716535433071 46.20472440944882 11.622047244094489 continu,
226.20472440944883 262.7716535433071 53.85826771653543 11.622047244094489 d’épisodes
264.4724409448819 262.7716535433071 30.89763779527559 11.622047244094489 narra-

41.10236220472441 270.70866141732284 35.1496062992126 16.15748031496063 tifs,
64.62992125984252 270.70866141732284 23.52755905511811 16.15748031496063 de
76.53543307086615 270.70866141732284 58.67716535433071 16.15748031496063 déroulement
123.59055118110236 270.70866141732284 31.46456692913386 16.15748031496063 dans
143.1496062992126 270.70866141732284 23.52755905511811 16.15748031496063 la
150.8031496062992 270.70866141732284 31.46456692913386 16.15748031496063 durée.

41.669291338582674 285.4488188976378 36.8503937007874 9.637795275590552 Cette
66.04724409448819 285.4488188976378 57.25984251968504 9.637795275590552 exposition
111.11811023622047 285.4488188976378 24.661417322834644 9.637795275590552 de
123.59055118110236 285.4488188976378 49.32283464566929 9.637795275590552 synthèse
160.44094488188978 285.4488188976378 24.661417322834644 9.637795275590552 se
172.62992125984252 285.4488188976378 36.8503937007874 9.637795275590552 place
197.29133858267716 285.4488188976378 32.881889763779526 9.637795275590552 donc
217.70078740157481 285.4488188976378 73.7007874015748 9.637795275590552 nécessairement
275.244094488189 285.4488188976378 20.409448818897637 9.637795275590552 au-

40.818897637795274 291.68503937007875 44.22047244094488 13.606299212598426 dessus
71.71653543307086 291.68503937007875 30.89763779527559 13.606299212598426 des
89.5748031496063 291.68503937007875 79.37007874015748 13.606299212598426 cloisonnements
155.6220472440945 291.68503937007875 30.89763779527559 13.606299212598426 des
173.1968503937008 291.68503937007875 61.79527559055118 13.606299212598426 mouvements
221.66929133858267 291.68503937007875 26.362204724409448 13.606299212598426 et
234.99212598425197 291.68503937007875 30.89763779527559 13.606299212598426 des
248.31496062992127 291.68503937007875 48.47244094488189 13.606299212598426 chapelles

41.10236220472441 301.3228346456693 64.06299212598425 15.023622047244094 picturales,
92.40944881889764 301.3228346456693 34.01574803149607 15.023622047244094 pour
113.66929133858268 301.3228346456693 47.05511811023622 15.023622047244094 aborder
147.68503937007873 301.3228346456693 25.511811023622048 15.023622047244094 le
160.44094488188978 301.3228346456693 34.01574803149607 15.023622047244094 plus
181.98425196850394 301.3228346456693 72.56692913385827 15.023622047244094 objectivement
241.51181102362204 301.3228346456693 51.30708661417323 15.023622047244094 possible
275.81102362204723 301.3228346456693 21.25984251968504 15.023622047244094 une

41.38582677165354 310.1102362204724 48.75590551181102 14.456692913385826 question
77.95275590551181 310.1102362204724 48.75590551181102 14.456692913385826 actuelle
114.23622047244095 310.1102362204724 28.346456692913385 14.456692913385826 qui
130.6771653543307 310.1102362204724 48.75590551181102 14.456692913385826 dépasse,
167.24409448818898 310.1102362204724 28.346456692913385 14.456692913385826 par
183.4015748031496 310.1102362204724 24.37795275590551 14.456692913385826 sa
195.59055118110237 310.1102362204724 40.53543307086614 14.456692913385826 nature
223.93700787401573 310.1102362204724 36.56692913385827 14.456692913385826 même,
248.31496062992127 310.1102362204724 24.37795275590551 14.456692913385826 le
256.53543307086613 310.1102362204724 40.53543307086614 14.456692913385826 problème

41.38582677165354 320.31496062992125 28.62992125984252 12.472440944881889 des
57.54330708661417 320.31496062992125 61.22834645669291 12.472440944881889 engagements
106.58267716535433 320.31496062992125 56.976377952755904 12.472440944881889 plastiques
151.37007874015748 320.31496062992125 56.976377952755904 12.472440944881889 déterminés
196.15748031496062 320.31496062992125 24.37795275590551 12.472440944881889 et
204.09448818897638 320.31496062992125 40.818897637795274 12.472440944881889 limités.

102.04724409448819 361.13385826771656 65.48031496062993 16.15748031496063 GALERIE
148.53543307086613 361.13385826771656 84.18897637795276 16.15748031496063 L’ENTREMONDE

76.25196850393701 373.3228346456693 30.04724409448819 12.472440944881889 50,
93.25984251968504 373.3228346456693 30.04724409448819 12.472440944881889 rue
110.55118110236221 373.3228346456693 55.55905511811024 12.472440944881889 Mazarine,
153.35433070866142 373.3228346456693 38.55118110236221 12.472440944881889 Paris
178.86614173228347 373.3228346456693 34.2992125984252 12.472440944881889 (6e)
200.40944881889763 373.3228346456693 21.25984251968504 12.472440944881889 —
208.91338582677164 373.3228346456693 34.2992125984252 12.472440944881889 ODE.
225.92125984251967 373.3228346456693 34.2992125984252 12.472440944881889 80

63.21259842519685 382.1102362204724 62.645669291338585 17.5748031496063 Exposition
112.53543307086615 382.1102362204724 26.929133858267715 17.5748031496063 du
125.85826771653544 382.1102362204724 26.929133858267715 17.5748031496063 28
139.46456692913387 382.1102362204724 58.110236220472444 17.5748031496063 septembre
184.251968503937 382.1102362204724 26.929133858267715 17.5748031496063 au
197.5748031496063 382.1102362204724 22.393700787401574 17.5748031496063 3
206.64566929133858 382.1102362204724 53.85826771653543 17.5748031496063 novembre
242.36220472440945 382.1102362204724 31.46456692913386 17.5748031496063 1965.

67.18110236220473 398.5511811023622 60.09448818897638 12.755905511811024 Vernissage
114.51968503937007 398.5511811023622 25.79527559055118 12.755905511811024 le
127.2755905511811 398.5511811023622 38.55118110236221 12.755905511811024 mardi
153.0708661417323 398.5511811023622 25.79527559055118 12.755905511811024 28
165.82677165354332 398.5511811023622 55.84251968503937 12.755905511811024 septembre
208.91338582677164 398.5511811023622 25.79527559055118 12.755905511811024 de
221.66929133858267 398.5511811023622 25.79527559055118 12.755905511811024 16
234.70866141732284 398.5511811023622 21.543307086614174 12.755905511811024 à
243.21259842519686 398.5511811023622 25.79527559055118 12.755905511811024 22
251.71653543307087 398.5511811023622 17.291338582677167 12.755905511811024 h.

77.10236220472441 409.8897637795276 32.59842519685039 13.606299212598426 Tous
97.22834645669292 409.8897637795276 28.62992125984252 13.606299212598426 les
113.66929133858268 409.8897637795276 36.56692913385827 13.606299212598426 jours
138.04724409448818 409.8897637795276 32.59842519685039 13.606299212598426 sauf
158.45669291338584 409.8897637795276 24.37795275590551 13.606299212598426 le
170.64566929133858 409.8897637795276 48.75590551181102 13.606299212598426 dimanche
207.49606299212599 409.8897637795276 24.37795275590551 13.606299212598426 et
219.68503937007873 409.8897637795276 24.37795275590551 13.606299212598426 le
227.6220472440945 409.8897637795276 28.62992125984252 13.606299212598426 lundi

71.43307086614173 416.6929133858268 26.078740157480315 15.307086614173228 de
84.4724409448819 416.6929133858268 26.078740157480315 15.307086614173228 10
97.22834645669292 416.6929133858268 21.543307086614174 15.307086614173228 h
106.01574803149606 416.6929133858268 26.078740157480315 15.307086614173228 30
119.05511811023622 416.6929133858268 21.543307086614174 15.307086614173228 à
127.55905511811024 416.6929133858268 26.078740157480315 15.307086614173228 12
140.5984251968504 416.6929133858268 21.543307086614174 15.307086614173228 h
149.38582677165354 416.6929133858268 26.078740157480315 15.307086614173228 30
162.14173228346456 416.6929133858268 26.078740157480315 15.307086614173228 et
175.1811023622047 416.6929133858268 26.078740157480315 15.307086614173228 de
188.2204724409449 416.6929133858268 26.078740157480315 15.307086614173228 14
201.25984251968504 416.6929133858268 21.543307086614174 15.307086614173228 h
209.76377952755905 416.6929133858268 26.078740157480315 15.307086614173228 30
222.8031496062992 416.6929133858268 21.543307086614174 15.307086614173228 à
231.59055118110237 416.6929133858268 26.078740157480315 15.307086614173228 19
244.62992125984252 416.6929133858268 21.543307086614174 15.307086614173228 h
248.88188976377953 416.6929133858268 17.291338582677167 15.307086614173228 30

117.92125984251969 427.748031496063 24.661417322834644 14.173228346456693 le
130.11023622047244 427.748031496063 37.13385826771653 14.173228346456693 jeudi
154.77165354330708 427.748031496063 24.661417322834644 14.173228346456693 de
167.24409448818898 427.748031496063 24.661417322834644 14.173228346456693 20
179.43307086614172 427.748031496063 20.69291338582677 14.173228346456693 h
187.6535433070866 427.748031496063 20.69291338582677 14.173228346456693 à
195.8740157480315 427.748031496063 24.661417322834644 14.173228346456693 24
204.09448818897638 427.748031496063 16.440944881889763 14.173228346456693 h.

100.62992125984252 446.1732283464567 45.07086614173228 14.456692913385826 UN
130.6771653543307 446.1732283464567 50.173228346456696 14.456692913385826 GROUPE
160.7244094488189 446.1732283464567 70.2992125984252 14.456692913385826 HOMOGENE

66.33070866141732 464.31496062992125 61.511811023622045 11.905511811023622 Barray-
114.51968503937007 464.31496062992125 61.511811023622045 11.905511811023622 Chazottes-
162.70866141732284 464.31496062992125 79.08661417322834 11.905511811023622 Pradalié-Thon-
224.2204724409449 464.31496062992125 48.188976377952756 11.905511811023622 Lutz.

43.08661417322835 480.755905511811 26.929133858267715 11.905511811023622 La
56.69291338582677 480.755905511811 49.32283464566929 11.905511811023622 formule
92.69291338582677 480.755905511811 26.929133858267715 11.905511811023622 du
106.01574803149606 480.755905511811 49.32283464566929 11.905511811023622 groupe,
142.01574803149606 480.755905511811 62.92913385826772 11.905511811023622 réunissant
191.33858267716536 480.755905511811 31.46456692913386 11.905511811023622 des
209.48031496062993 480.755905511811 72.0 11.905511811023622 tempéraments
263.33858267716533 480.755905511811 36.0 11.905511811023622 divers

43.37007874015748 490.3937007874016 32.59842519685039 11.338582677165354 dans
63.496062992125985 490.3937007874016 24.37795275590551 11.338582677165354 un
75.68503937007874 490.3937007874016 36.56692913385827 11.338582677165354 idéal
100.34645669291339 490.3937007874016 24.37795275590551 11.338582677165354 de
112.53543307086615 490.3937007874016 53.00787401574803 11.338582677165354 recherche
153.0708661417323 490.3937007874016 36.56692913385827 11.338582677165354 n’est
177.4488188976378 490.3937007874016 32.59842519685039 11.338582677165354 sans
197.85826771653544 490.3937007874016 36.56692913385827 11.338582677165354 doute
222.23622047244095 490.3937007874016 28.346456692913385 11.338582677165354 pas
238.6771653543307 490.3937007874016 53.00787401574803 11.338582677165354 nouvelle,
275.244094488189 490.3937007874016 24.37795275590551 11.338582677165354 mais

43.653543307086615 498.3307086614173 44.503937007874015 13.88976377952756 oubliée,
77.10236220472441 498.3307086614173 33.44881889763779 13.88976377952756 notre
99.21259842519684 498.3307086614173 26.078740157480315 13.88976377952756 but
114.23622047244095 498.3307086614173 26.078740157480315 13.88976377952756 est
128.9763779527559 498.3307086614173 22.393700787401574 13.88976377952756 de
140.31496062992127 498.3307086614173 51.874015748031496 13.88976377952756 contribuer
181.13385826771653 498.3307086614173 18.708661417322833 13.88976377952756 à
188.50393700787401 498.3307086614173 26.078740157480315 13.88976377952756 cet
203.24409448818898 498.3307086614173 37.13385826771653 13.88976377952756 effort
229.3228346456693 498.3307086614173 22.393700787401574 13.88976377952756 de
236.69291338582678 498.3307086614173 63.21259842519685 13.88976377952756 réhabilitation.

43.93700787401575 510.8031496062992 29.763779527559056 15.023622047244094 Les
60.94488188976378 510.8031496062992 42.803149606299215 15.023622047244094 jeunes
90.99212598425197 510.8031496062992 51.30708661417323 15.023622047244094 peintres
129.25984251968504 510.8031496062992 29.763779527559056 15.023622047244094 que
146.5511811023622 510.8031496062992 51.30708661417323 15.023622047244094 présente
184.8188976377953 510.8031496062992 25.511811023622048 15.023622047244094 la
197.5748031496063 510.8031496062992 47.05511811023622 15.023622047244094 Galerie
231.8740157480315 510.8031496062992 25.511811023622048 15.023622047244094 de
240.3779527559055 510.8031496062992 59.811023622047244 15.023622047244094 l’Entremonde

43.37007874015748 521.007874015748 33.732283464566926 11.622047244094489 sont
64.34645669291339 521.007874015748 33.732283464566926 11.622047244094489 unis
85.60629921259843 521.007874015748 29.480314960629922 11.622047244094489 par
102.33070866141732 521.007874015748 25.228346456692915 11.622047244094489 un
115.08661417322834 521.007874015748 33.732283464566926 11.622047244094489 même
136.06299212598427 521.007874015748 42.23622047244095 11.622047244094489 esprit
165.54330708661416 521.007874015748 25.228346456692915 11.622047244094489 de
178.29921259842519 521.007874015748 58.960629921259844 11.622047244094489 recherche.
224.50393700787401 521.007874015748 33.732283464566926 11.622047244094489 Leur
245.76377952755905 521.007874015748 50.45669291338583 11.622047244094489 peinture
279.496062992126 521.007874015748 20.976377952755904 11.622047244094489 est

43.653543307086615 530.9291338582677 45.354330708661415 11.05511811023622 ouverte
76.81889763779527 530.9291338582677 20.69291338582677 11.05511811023622 à
85.03937007874016 530.9291338582677 41.38582677165354 11.05511811023622 toutes
113.95275590551181 530.9291338582677 28.913385826771652 11.05511811023622 les
130.39370078740157 530.9291338582677 57.826771653543304 11.05511811023622 tendances,
176.03149606299212 530.9291338582677 33.16535433070866 11.05511811023622 elle
196.7244094488189 530.9291338582677 57.826771653543304 11.05511811023622 correspond
242.07874015748033 530.9291338582677 20.69291338582677 11.05511811023622 à
250.29921259842519 530.9291338582677 33.16535433070866 11.05511811023622 leur
266.74015748031496 530.9291338582677 33.16535433070866 11.05511811023622 nature

43.653543307086615 540.8503937007874 40.53543307086614 12.755905511811024 même,
70.58267716535433 540.8503937007874 22.393700787401574 12.755905511811024 à
79.65354330708661 540.8503937007874 36.0 12.755905511811024 leur
102.33070866141732 540.8503937007874 72.0 12.755905511811024 tempérament;
160.7244094488189 540.8503937007874 36.0 12.755905511811024 tous
183.11811023622047 540.8503937007874 58.39370078740158 12.755905511811024 cherchent
228.18897637795277 540.8503937007874 22.393700787401574 12.755905511811024 à
237.25984251968504 540.8503937007874 58.39370078740158 12.755905511811024 atteindre
277.79527559055117 540.8503937007874 22.393700787401574 12.755905511811024 une

44.22047244094488 549.9212598425197 56.976377952755904 12.755905511811024 expression
89.00787401574803 549.9212598425197 40.818897637795274 12.755905511811024 libre.
117.35433070866142 549.9212598425197 32.59842519685039 12.755905511811024 Pour
137.76377952755905 549.9212598425197 24.37795275590551 12.755905511811024 se
149.95275590551182 549.9212598425197 60.94488188976378 12.755905511811024 développer,
198.70866141732284 549.9212598425197 28.346456692913385 12.755905511811024 ils
215.1496062992126 549.9212598425197 28.346456692913385 12.755905511811024 ont
231.30708661417322 549.9212598425197 40.818897637795274 12.755905511811024 besoin
259.65354330708664 549.9212598425197 24.37795275590551 12.755905511811024 de
272.12598425196853 549.9212598425197 24.37795275590551 12.755905511811024 ne
280.06299212598424 549.9212598425197 20.409448818897637 12.755905511811024 pas

43.93700787401575 557.5748031496063 61.79527559055118 13.32283464566929 s’enfermer
92.69291338582677 557.5748031496063 35.43307086614173 13.32283464566929 dans
114.80314960629921 557.5748031496063 30.89763779527559 13.32283464566929 une
132.3779527559055 557.5748031496063 61.79527559055118 13.32283464566929 esthétique
180.8503937007874 557.5748031496063 48.47244094488189 13.32283464566929 donnée.
216.28346456692913 557.5748031496063 35.43307086614173 13.32283464566929 Leur
238.39370078740157 557.5748031496063 30.89763779527559 13.32283464566929 art
255.96850393700788 557.5748031496063 26.362204724409448 13.32283464566929 se
269.29133858267716 557.5748031496063 35.43307086614173 13.32283464566929 fait
286.86614173228344 557.5748031496063 13.32283464566929 13.32283464566929 à

44.503937007874015 568.6299212598425 43.93700787401575 11.622047244094489 l’image
76.53543307086615 568.6299212598425 24.094488188976378 11.622047244094489 de
88.44094488188976 568.6299212598425 24.094488188976378 11.622047244094489 la
100.34645669291339 568.6299212598425 47.90551181102362 11.622047244094489 création
136.3464566929134 568.6299212598425 32.031496062992126 11.622047244094489 dont
156.4724409448819 568.6299212598425 24.094488188976378 11.622047244094489 il
168.3779527559055 568.6299212598425 28.062992125984252 11.622047244094489 est
184.53543307086613 568.6299212598425 39.968503937007874 11.622047244094489 chaque
212.5984251968504 568.6299212598425 32.031496062992126 11.622047244094489 fois
232.44094488188978 568.6299212598425 24.094488188976378 11.622047244094489 un
244.3464566929134 568.6299212598425 47.90551181102362 11.622047244094489 exemple,
276.37795275590554 568.6299212598425 24.094488188976378 11.622047244094489 dans

44.22047244094488 578.2677165354331 26.362204724409448 16.15748031496063 un
57.54330708661417 578.2677165354331 39.68503937007874 16.15748031496063 monde
83.90551181102362 578.2677165354331 26.362204724409448 16.15748031496063 de
97.22834645669292 578.2677165354331 61.511811023622045 16.15748031496063 mouvements
145.70078740157481 578.2677165354331 26.362204724409448 16.15748031496063 au
158.74015748031496 578.2677165354331 35.1496062992126 16.15748031496063 sein
180.8503937007874 578.2677165354331 26.362204724409448 16.15748031496063 de
193.88976377952756 578.2677165354331 26.362204724409448 16.15748031496063 ce
207.21259842519686 578.2677165354331 39.68503937007874 16.15748031496063 grand
229.3228346456693 578.2677165354331 43.93700787401575 16.15748031496063 univers.

45.354330708661415 588.7559055118111 27.212598425196852 13.88976377952756 Ils
60.94488188976378 588.7559055118111 42.51968503937008 13.88976377952756 mettent
91.84251968503936 588.7559055118111 30.89763779527559 13.88976377952756 leur
111.11811023622047 588.7559055118111 46.488188976377955 13.88976377952756 peinture
145.98425196850394 588.7559055118111 19.275590551181104 13.88976377952756 à
153.63779527559055 588.7559055118111 23.244094488188978 13.88976377952756 la
165.25984251968504 588.7559055118111 38.55118110236221 13.88976377952756 portée
192.4724409448819 588.7559055118111 23.244094488188978 13.88976377952756 du
204.09448818897638 588.7559055118111 50.173228346456696 13.88976377952756 véritable
242.64566929133858 588.7559055118111 42.51968503937008 13.88976377952756 amateur
273.54330708661416 588.7559055118111 23.244094488188978 13.88976377952756 et
281.4803149606299 588.7559055118111 19.275590551181104 13.88976377952756 lui

44.78740157480315 601.2283464566929 51.30708661417323 12.188976377952756 procurent
84.18897637795276 601.2283464566929 51.30708661417323 12.188976377952756 l’émotion
123.59055118110236 601.2283464566929 23.52755905511811 12.188976377952756 et
135.49606299212599 601.2283464566929 23.52755905511811 12.188976377952756 la
147.4015748031496 601.2283464566929 31.46456692913386 12.188976377952756 joie
166.96062992125985 601.2283464566929 23.52755905511811 12.188976377952756 de
178.86614173228347 601.2283464566929 23.52755905511811 12.188976377952756 la
190.77165354330708 601.2283464566929 59.24409448818898 12.188976377952756 découverte.
238.11023622047244 601.2283464566929 35.43307086614173 12.188976377952756 C’est
261.6377952755906 601.2283464566929 35.43307086614173 12.188976377952756 ainsi
281.1968503937008 601.2283464566929 19.84251968503937 12.188976377952756 que

44.78740157480315 612.5669291338583 23.244094488188978 11.05511811023622 se
56.40944881889764 612.5669291338583 30.89763779527559 11.05511811023622 sont
75.68503937007874 612.5669291338583 38.55118110236221 11.05511811023622 faites
102.89763779527559 612.5669291338583 26.929133858267715 11.05511811023622 les
118.20472440944881 612.5669291338583 30.89763779527559 11.05511811023622 plus
137.76377952755905 612.5669291338583 42.51968503937008 11.05511811023622 grandes
164.69291338582678 612.5669291338583 54.14173228346457 11.05511811023622 collections.
