307.84251968503935 672.6614173228346
44.78740157480315 21.826771653543307 52.44094488188976 18.708661417322833 FRANCE

65.48031496062993 119.90551181102362 54.14173228346457 14.740157480314961 Bernard
104.31496062992126 119.90551181102362 46.488188976377955 14.740157480314961 POMEY.

64.62992125984252 137.48031496062993 28.346456692913385 16.15748031496063 Sur
80.78740157480316 137.48031496062993 60.661417322834644 16.15748031496063 proposition
129.25984251968504 137.48031496062993 24.37795275590551 16.15748031496063 de
141.4488188976378 137.48031496062993 52.724409448818896 16.15748031496063 plusieurs
181.98425196850394 137.48031496062993 44.503937007874015 16.15748031496063 membres
214.29921259842519 137.48031496062993 24.37795275590551 16.15748031496063 du
226.48818897637796 137.48031496062993 44.503937007874015 16.15748031496063 Conseil
254.83464566929135 137.48031496062993 36.28346456692913 16.15748031496063 d’Admi-

64.06299212598425 149.66929133858267 61.79527559055118 13.606299212598426 nistration,
113.66929133858268 149.66929133858267 32.881889763779526 13.606299212598426 nous
134.36220472440945 149.66929133858267 57.826771653543304 13.606299212598426 présentons
179.71653543307087 149.66929133858267 24.661417322834644 13.606299212598426 un
192.18897637795277 149.66929133858267 49.60629921259842 13.606299212598426 artiste,
229.3228346456693 149.66929133858267 45.354330708661415 13.606299212598426 Bernard
258.23622047244095 149.66929133858267 32.881889763779526 13.606299212598426 Pome),

64.06299212598425 159.0236220472441 31.748031496062993 12.755905511811024 qui,
83.90551181102362 159.0236220472441 31.748031496062993 12.755905511811024 mort
103.74803149606299 159.0236220472441 23.811023622047244 12.755905511811024 en
115.93700787401575 159.0236220472441 35.71653543307087 12.755905511811024 1959,
139.748031496063 159.0236220472441 27.77952755905512 12.755905511811024 eut
155.6220472440945 159.0236220472441 23.811023622047244 12.755905511811024 pu
167.5275590551181 159.0236220472441 55.84251968503937 12.755905511811024 participer
211.46456692913387 159.0236220472441 51.874015748031496 12.755905511811024 plusieurs
251.1496062992126 159.0236220472441 31.748031496062993 12.755905511811024 fois
271.2755905511811 159.0236220472441 19.84251968503937 12.755905511811024 à
275.244094488189 159.0236220472441 15.874015748031496 12.755905511811024 la

64.62992125984252 166.39370078740157 47.90551181102362 15.023622047244094 Biennale
100.34645669291339 166.39370078740157 23.811023622047244 15.023622047244094 de
112.53543307086615 166.39370078740157 35.71653543307087 15.023622047244094 Paris
136.3464566929134 166.39370078740157 51.874015748031496 15.023622047244094 puisqu’il
176.03149606299212 166.39370078740157 35.71653543307087 15.023622047244094 était
200.1259842519685 166.39370078740157 23.811023622047244 15.023622047244094 né
212.03149606299212 166.39370078740157 23.811023622047244 15.023622047244094 (à
223.93700787401573 166.39370078740157 47.90551181102362 15.023622047244094 Firminy)
259.93700787401576 166.39370078740157 23.811023622047244 15.023622047244094 en
267.87401574803147 166.39370078740157 23.811023622047244 15.023622047244094 1928

64.06299212598425 176.31496062992127 22.96062992125984 14.456692913385826 et
75.68503937007874 176.31496062992127 42.23622047244095 14.456692913385826 n’avait
106.58267716535433 176.31496062992127 30.89763779527559 14.456692913385826 donc
125.85826771653544 176.31496062992127 26.929133858267715 14.456692913385826 que
141.16535433070865 176.31496062992127 38.55118110236221 14.456692913385826 trente
168.09448818897638 176.31496062992127 22.96062992125984 14.456692913385826 et
179.71653543307087 176.31496062992127 22.96062992125984 14.456692913385826 un
191.0551181102362 176.31496062992127 26.929133858267715 14.456692913385826 ans
206.64566929133858 176.31496062992127 49.889763779527556 14.456692913385826 lorsqu’il
241.22834645669292 176.31496062992127 42.23622047244095 14.456692913385826 disparut.

64.34645669291339 188.2204724409449 24.661417322834644 16.440944881889763 La
76.81889763779527 188.2204724409449 37.13385826771653 16.440944881889763 haute
101.48031496062993 188.2204724409449 45.354330708661415 16.440944881889763 qualité
134.64566929133858 188.2204724409449 24.661417322834644 16.440944881889763 de
147.11811023622047 188.2204724409449 28.913385826771652 16.440944881889763 son
163.55905511811022 188.2204724409449 37.13385826771653 16.440944881889763 œuvre
188.2204724409449 188.2204724409449 32.881889763779526 16.440944881889763 nous
208.91338582677164 188.2204724409449 41.38582677165354 16.440944881889763 paraît
237.82677165354332 188.2204724409449 53.574803149606296 16.440944881889763 justifier
274.96062992125985 188.2204724409449 16.440944881889763 16.440944881889763 la

63.496062992125985 200.1259842519685 37.41732283464567 13.606299212598426 place
88.44094488188976 200.1259842519685 29.19685039370079 13.606299212598426 que
105.16535433070867 200.1259842519685 33.16535433070866 13.606299212598426 nous
125.85826771653544 200.1259842519685 29.19685039370079 13.606299212598426 lui
142.58267716535434 200.1259842519685 45.63779527559055 13.606299212598426 donnons
175.748031496063 200.1259842519685 24.944881889763778 13.606299212598426 et
188.2204724409449 200.1259842519685 37.41732283464567 13.606299212598426 aussi
213.16535433070865 200.1259842519685 37.41732283464567 13.606299212598426 parce
238.11023622047244 200.1259842519685 33.16535433070866 13.606299212598426 que,
254.5511811023622 200.1259842519685 37.41732283464567 13.606299212598426 n’ayant

63.21259842519685 208.91338582677164 40.818897637795274 11.05511811023622 jamais
91.55905511811024 208.91338582677164 28.62992125984252 11.05511811023622 été
108.0 208.91338582677164 49.039370078740156 11.05511811023622 exposée,
144.56692913385828 208.91338582677164 36.56692913385827 11.05511811023622 cette
169.22834645669292 208.91338582677164 36.56692913385827 11.05511811023622 œuvre
193.60629921259843 208.91338582677164 28.62992125984252 11.05511811023622 est
209.76377952755905 208.91338582677164 65.19685039370079 11.05511811023622 complètement
258.8031496062992 208.91338582677164 32.59842519685039 11.05511811023622 incon-

63.77952755905512 219.68503937007873 27.496062992125985 12.755905511811024 nue
79.65354330708661 219.68503937007873 23.52755905511811 12.755905511811024 et
91.2755905511811 219.68503937007873 27.496062992125985 12.755905511811024 que
107.14960629921259 219.68503937007873 35.43307086614173 12.755905511811024 notre
130.6771653543307 219.68503937007873 27.496062992125985 12.755905511811024 but
146.26771653543307 219.68503937007873 27.496062992125985 12.755905511811024 est
162.14173228346456 219.68503937007873 51.023622047244096 12.755905511811024 justement
201.25984251968504 219.68503937007873 23.52755905511811 12.755905511811024 de
213.16535433070865 219.68503937007873 51.023622047244096 12.755905511811024 proposer,
252.28346456692913 219.68503937007873 23.52755905511811 12.755905511811024 de
260.2204724409449 219.68503937007873 31.46456692913386 12.755905511811024 mettre

63.21259842519685 229.3228346456693 24.944881889763778 12.472440944881889 en
75.68503937007874 229.3228346456693 45.63779527559055 12.472440944881889 valeur,
108.85039370078741 229.3228346456693 28.913385826771652 12.472440944881889 des
125.5748031496063 229.3228346456693 49.889763779527556 12.472440944881889 artistes
162.70866141732284 229.3228346456693 53.85826771653543 12.472440944881889 nouveaux.
204.3779527559055 229.3228346456693 49.889763779527556 12.472440944881889 Celui-ci
241.51181102362204 229.3228346456693 37.41732283464567 12.472440944881889 avait
266.45669291338584 229.3228346456693 24.944881889763778 12.472440944881889 eu
274.6771653543307 229.3228346456693 16.724409448818896 12.472440944881889 le

62.92913385826772 237.54330708661416 36.8503937007874 13.88976377952756 temps
87.30708661417323 237.54330708661416 61.22834645669291 13.88976377952756 d’accomplir
136.3464566929134 237.54330708661416 24.37795275590551 13.88976377952756 le
148.53543307086613 237.54330708661416 36.8503937007874 13.88976377952756 cycle
172.91338582677164 237.54330708661416 24.37795275590551 13.88976377952756 de
185.38582677165354 237.54330708661416 28.62992125984252 13.88976377952756 ses
201.54330708661416 237.54330708661416 61.22834645669291 13.88976377952756 expériences
250.58267716535434 237.54330708661416 44.78740157480315 13.88976377952756 (leçons
279.21259842519686 237.54330708661416 12.188976377952756 13.88976377952756 à

63.496062992125985 247.1811023622047 42.51968503937008 13.32283464566929 l’Ecole
94.39370078740157 247.1811023622047 26.929133858267715 13.32283464566929 des
109.98425196850394 247.1811023622047 58.110236220472444 13.32283464566929 Beaux-Arts,
156.4724409448819 247.1811023622047 19.275590551181104 13.32283464566929 à
164.1259842519685 247.1811023622047 50.173228346456696 13.32283464566929 l’atelier
202.6771653543307 247.1811023622047 34.86614173228347 13.32283464566929 d’Art
225.92125984251967 247.1811023622047 38.55118110236221 13.32283464566929 Sacré,
253.13385826771653 247.1811023622047 30.89763779527559 13.32283464566929 puis
268.4409448818898 247.1811023622047 23.244094488188978 13.32283464566929 avec

63.496062992125985 257.1023622047244 23.52755905511811 12.188976377952756 le
75.4015748031496 257.1023622047244 43.08661417322835 12.188976377952756 verrier
106.86614173228347 257.1023622047244 31.46456692913386 12.188976377952756 Paul
126.4251968503937 257.1023622047244 35.43307086614173 12.188976377952756 Bony)
149.95275590551182 257.1023622047244 23.52755905511811 12.188976377952756 et
161.85826771653544 257.1023622047244 43.08661417322835 12.188976377952756 d’aller
193.3228346456693 257.1023622047244 47.05511811023622 12.188976377952756 jusqu’au
228.4724409448819 257.1023622047244 35.43307086614173 12.188976377952756 terme
252.0 257.1023622047244 23.52755905511811 12.188976377952756 du
259.93700787401576 257.1023622047244 31.46456692913386 12.188976377952756 chemin

63.21259842519685 266.45669291338584 26.362204724409448 13.32283464566929 qui
78.23622047244095 266.45669291338584 37.41732283464567 13.32283464566929 devait
104.31496062992126 266.45669291338584 22.393700787401574 13.32283464566929 le
115.65354330708661 266.45669291338584 45.07086614173228 13.32283464566929 conduire
149.38582677165354 266.45669291338584 26.362204724409448 13.32283464566929 par
164.40944881889763 266.45669291338584 37.41732283464567 13.32283464566929 étapes
190.48818897637796 266.45669291338584 22.393700787401574 13.32283464566929 de
201.82677165354332 266.45669291338584 33.732283464566926 13.32283464566929 l’art
224.2204724409449 266.45669291338584 48.75590551181102 13.32283464566929 figuratif
261.6377952755906 266.45669291338584 18.708661417322833 13.32283464566929 à
265.3228346456693 266.45669291338584 26.362204724409448 13.32283464566929 l’art

63.21259842519685 278.0787401574803 51.30708661417323 11.338582677165354 abstrait.
102.61417322834646 278.0787401574803 23.52755905511811 11.338582677165354 Il
114.51968503937007 278.0787401574803 19.559055118110237 11.338582677165354 y
122.45669291338582 278.0787401574803 35.43307086614173 11.338582677165354 avait
145.98425196850394 278.0787401574803 39.40157480314961 11.338582677165354 trouvé
173.48031496062993 278.0787401574803 35.43307086614173 11.338582677165354 enfin
197.29133858267716 278.0787401574803 78.80314960629921 11.338582677165354 l’épanouissement
264.18897637795277 278.0787401574803 23.52755905511811 11.338582677165354 de
272.12598425196853 278.0787401574803 19.559055118110237 11.338582677165354 ses

62.645669291338585 286.5826771653543 36.0 11.622047244094489 dons,
86.74015748031496 286.5826771653543 24.094488188976378 11.622047244094489 de
98.64566929133858 286.5826771653543 24.094488188976378 11.622047244094489 sa
110.83464566929133 286.5826771653543 64.34645669291339 11.622047244094489 sensibilité,
162.99212598425197 286.5826771653543 24.094488188976378 11.622047244094489 où
174.89763779527559 286.5826771653543 24.094488188976378 11.622047244094489 se
187.08661417322836 286.5826771653543 48.188976377952756 11.622047244094489 discerne
223.08661417322836 286.5826771653543 28.062992125984252 11.622047244094489 son
239.24409448818898 286.5826771653543 48.188976377952756 11.622047244094489 lyrisme,
271.2755905511811 286.5826771653543 20.125984251968504 11.622047244094489 son

62.36220472440945 296.503937007874 31.181102362204726 10.488188976377952 sens
81.92125984251969 296.503937007874 46.488188976377955 10.488188976377952 généreux
116.78740157480316 296.503937007874 23.244094488188978 10.488188976377952 de
128.40944881889763 296.503937007874 23.244094488188978 10.488188976377952 la
140.03149606299212 296.503937007874 42.803149606299215 10.488188976377952 matière
171.21259842519686 296.503937007874 73.7007874015748 10.488188976377952 mystérieusement
229.3228346456693 296.503937007874 62.07874015748032 10.488188976377952 spiritualisée.

41.38582677165354 308.9763779527559 53.00787401574803 15.590551181102363 261
82.77165354330708 308.9763779527559 49.039370078740156 15.590551181102363 Peinture,
120.75590551181102 308.9763779527559 30.330708661417322 15.590551181102363 1959
139.46456692913387 308.9763779527559 53.00787401574803 15.590551181102363 (peinture,
181.13385826771653 308.9763779527559 26.362204724409448 15.590551181102363 128
196.15748031496062 308.9763779527559 18.992125984251967 15.590551181102363 x
200.1259842519685 308.9763779527559 26.362204724409448 15.590551181102363 138).

41.669291338582674 321.1653543307087 52.44094488188976 10.488188976377952 262
82.77165354330708 321.1653543307087 48.75590551181102 10.488188976377952 Peinture,
120.18897637795276 321.1653543307087 30.04724409448819 10.488188976377952 1959
138.89763779527559 321.1653543307087 52.44094488188976 10.488188976377952 (peinture,
180.28346456692913 321.1653543307087 22.393700787401574 10.488188976377952 73
191.33858267716536 321.1653543307087 18.708661417322833 10.488188976377952 x
195.30708661417322 321.1653543307087 26.078740157480315 10.488188976377952 92).*

41.669291338582674 331.65354330708664 51.874015748031496 9.921259842519685 263
82.48818897637796 331.65354330708664 48.188976377952756 9.921259842519685 Peinture,
119.62204724409449 331.65354330708664 29.763779527559056 9.921259842519685 1959
138.04724409448818 331.65354330708664 51.874015748031496 9.921259842519685 (peinture,
178.86614173228347 331.65354330708664 22.393700787401574 9.921259842519685 73
189.92125984251967 331.65354330708664 18.4251968503937 9.921259842519685 x
193.60629921259843 331.65354330708664 22.393700787401574 9.921259842519685 92).

41.38582677165354 339.87401574803147 55.84251968503937 11.622047244094489 264
85.32283464566929 339.87401574803147 47.90551181102362 11.622047244094489 Gouache,
121.03937007874016 339.87401574803147 32.031496062992126 11.622047244094489 1959
141.16535433070865 339.87401574803147 51.874015748031496 11.622047244094489 (gouache,
180.8503937007874 339.87401574803147 23.811023622047244 11.622047244094489 52
193.03937007874015 339.87401574803147 19.84251968503937 11.622047244094489 x
197.00787401574803 339.87401574803147 23.811023622047244 11.622047244094489 37).

41.10236220472441 350.0787401574803 55.84251968503937 15.307086614173228 265
85.03937007874016 350.0787401574803 47.90551181102362 15.307086614173228 Gouache,
120.75590551181102 350.0787401574803 32.031496062992126 15.307086614173228 1959
140.88188976377953 350.0787401574803 51.874015748031496 15.307086614173228 (gouache.
180.56692913385828 350.0787401574803 23.811023622047244 15.307086614173228 52
192.75590551181102 350.0787401574803 19.84251968503937 15.307086614173228 x
196.7244094488189 350.0787401574803 23.811023622047244 15.307086614173228 37).

37.98425196850393 637.7952755905512 23.244094488188978 14.456692913385826 144
