300.755905511811 645.1653543307086
172.62992125984252 13.32283464566929 109.13385826771653 16.724409448818896 AUTRICHE

28.62992125984252 120.75590551181102 71.71653543307086 15.590551181102363 Commissaire
85.88976377952756 120.75590551181102 52.44094488188976 15.590551181102363 général
124.15748031496064 120.75590551181102 62.07874015748032 15.590551181102363 Werner
167.24409448818898 120.75590551181102 62.07874015748032 15.590551181102363 Hofmann

28.913385826771652 135.49606299212599 55.84251968503937 11.338582677165354 Directeur
72.0 135.49606299212599 25.79527559055118 11.338582677165354 du
84.75590551181102 135.49606299212599 38.83464566929134 11.338582677165354 Musée
110.55118110236221 135.49606299212599 25.79527559055118 11.338582677165354 du
123.59055118110236 135.49606299212599 30.04724409448819 11.338582677165354 XXe
140.5984251968504 135.49606299212599 47.338582677165356 11.338582677165354 siècle.
170.64566929133858 135.49606299212599 38.83464566929134 11.338582677165354 Vienne.

13.606299212598426 166.11023622047244 36.28346456692913 17.291338582677167 Les
34.2992125984252 166.11023622047244 72.56692913385827 17.291338582677167 sculptures
91.2755905511811 166.11023622047244 77.66929133858268 17.291338582677167 polychromes
153.35433070866142 166.11023622047244 31.181102362204726 17.291338582677167 de
168.9448818897638 166.11023622047244 56.976377952755904 17.291338582677167 Goeschl
210.33070866141733 166.11023622047244 41.38582677165354 17.291338582677167 vont
236.40944881889763 166.11023622047244 25.79527559055118 17.291338582677167 à
241.51181102362204 166.11023622047244 20.69291338582677 17.291338582677167 la

0.5669291338582677 181.13385826771653 60.37795275590551 14.173228346456693 conquête
45.92125984251968 181.13385826771653 30.330708661417322 14.173228346456693 de
61.22834645669291 181.13385826771653 65.48031496062993 14.173228346456693 l’espace.
111.4015748031496 181.13385826771653 40.25196850393701 14.173228346456693 Leur
136.62992125984252 181.13385826771653 45.354330708661415 14.173228346456693 style
166.96062992125985 181.13385826771653 35.1496062992126 14.173228346456693 est
187.08661417322836 181.13385826771653 35.1496062992126 14.173228346456693 sûr
207.21259842519686 181.13385826771653 30.330708661417322 14.173228346456693 et
217.41732283464566 181.13385826771653 45.354330708661415 14.173228346456693 décidé.

1.7007874015748032 191.0551181102362 41.95275590551181 13.039370078740157 elles
29.480314960629922 191.0551181102362 28.062992125984252 13.039370078740157 ne
43.653543307086615 191.0551181102362 28.062992125984252 13.039370078740157 se
57.54330708661417 191.0551181102362 51.30708661417323 13.039370078740157 perdent
94.96062992125984 191.0551181102362 32.59842519685039 13.039370078740157 pas
113.66929133858268 191.0551181102362 37.41732283464567 13.039370078740157 dans
136.91338582677164 191.0551181102362 28.062992125984252 13.039370078740157 le
151.08661417322836 191.0551181102362 41.95275590551181 13.039370078740157 vide.
178.86614173228347 191.0551181102362 28.062992125984252 13.039370078740157 La
193.03937007874015 191.0551181102362 56.125984251968504 13.039370078740157 couleur,
230.45669291338584 191.0551181102362 32.59842519685039 13.039370078740157 cette

1.1338582677165354 203.24409448818898 58.67716535433071 11.905511811023622 lumière
43.93700787401575 203.24409448818898 74.83464566929133 11.905511811023622 intérieure
102.61417322834646 203.24409448818898 32.031496062992126 11.905511811023622 de
118.77165354330708 203.24409448818898 32.031496062992126 11.905511811023622 la
134.64566929133858 203.24409448818898 69.44881889763779 11.905511811023622 sculpture
187.93700787401573 203.24409448818898 53.29133858267716 11.905511811023622 (comme
219.96850393700788 203.24409448818898 42.803149606299215 11.905511811023622 disait

1.1338582677165354 212.5984251968504 65.76377952755905 13.32283464566929 Laurens)
50.173228346456696 212.5984251968504 71.14960629921259 13.32283464566929 harmonise
104.88188976377953 212.5984251968504 38.267716535433074 13.32283464566929 les
126.99212598425197 212.5984251968504 54.70866141732284 13.32283464566929 forces
165.25984251968504 212.5984251968504 32.881889763779526 13.32283464566929 de
181.70078740157481 212.5984251968504 81.92125984251969 13.32283464566929 contraction
241.79527559055117 212.5984251968504 21.826771653543307 13.32283464566929 et

0.8503937007874016 223.93700787401573 82.48818897637796 13.039370078740157 d’expansion,
67.74803149606299 223.93700787401573 41.10236220472441 13.039370078740157 elle
93.54330708661418 223.93700787401573 41.10236220472441 13.039370078740157 leur
119.33858267716535 223.93700787401573 46.20472440944882 13.039370078740157 donne
149.95275590551182 223.93700787401573 30.89763779527559 13.039370078740157 un
165.54330708661416 223.93700787401573 46.20472440944882 13.039370078740157 éclat
191.33858267716536 223.93700787401573 72.0 13.039370078740157 parfaitement

1.7007874015748032 233.29133858267716 64.06299212598425 14.173228346456693 équilibré,
52.15748031496063 233.29133858267716 41.10236220472441 14.173228346456693 sobre
79.65354330708661 233.29133858267716 27.496062992125985 14.173228346456693 et
93.25984251968504 233.29133858267716 41.10236220472441 14.173228346456693 plein
120.75590551181102 233.29133858267716 27.496062992125985 14.173228346456693 de
134.64566929133858 233.29133858267716 54.99212598425197 14.173228346456693 vigueur.
175.748031496063 233.29133858267716 27.496062992125985 14.173228346456693 Au
189.35433070866142 233.29133858267716 36.56692913385827 14.173228346456693 lieu
212.31496062992127 233.29133858267716 27.496062992125985 14.173228346456693 de
221.66929133858267 233.29133858267716 41.10236220472441 14.173228346456693 compli-

1.4173228346456692 246.04724409448818 40.25196850393701 13.039370078740157 quer
26.64566929133858 246.04724409448818 30.330708661417322 13.039370078740157 le
41.95275590551181 246.04724409448818 50.45669291338583 13.039370078740157 rythme
77.10236220472441 246.04724409448818 35.43307086614173 13.039370078740157 des
97.22834645669292 246.04724409448818 60.661417322834644 13.039370078740157 volumes,
142.86614173228347 246.04724409448818 30.330708661417322 13.039370078740157 le
157.88976377952756 246.04724409448818 45.354330708661415 13.039370078740157 rouge
188.2204724409449 246.04724409448818 30.330708661417322 13.039370078740157 et
203.24409448818898 246.04724409448818 30.330708661417322 13.039370078740157 le
218.5511811023622 246.04724409448818 40.25196850393701 13.039370078740157 bleu
238.6771653543307 246.04724409448818 25.228346456692915 13.039370078740157 s’y

1.4173228346456692 256.53543307086613 73.41732283464567 13.606299212598426 conforment
58.960629921259844 256.53543307086613 31.46456692913386 13.606299212598426 et
74.55118110236221 256.53543307086613 73.41732283464567 13.606299212598426 expliquent
132.09448818897638 256.53543307086613 31.46456692913386 13.606299212598426 la
147.96850393700788 256.53543307086613 78.51968503937007 13.606299212598426 dialectique
210.61417322834646 256.53543307086613 31.46456692913386 13.606299212598426 du
221.10236220472441 256.53543307086613 41.95275590551181 13.606299212598426 mouve-

1.7007874015748032 267.59055118110234 40.25196850393701 11.905511811023622 ment
26.929133858267715 267.59055118110234 60.37795275590551 11.905511811023622 spatial.
72.28346456692914 267.59055118110234 75.68503937007874 11.905511811023622 Aujourd’hui
132.9448818897638 267.59055118110234 40.25196850393701 11.905511811023622 nous
158.17322834645668 267.59055118110234 75.68503937007874 11.905511811023622 rencontrons
218.5511811023622 267.59055118110234 35.1496062992126 11.905511811023622 ces
233.5748031496063 267.59055118110234 30.330708661417322 11.905511811023622 deux

1.7007874015748032 279.496062992126 60.37795275590551 9.637795275590552 couleurs
47.05511811023622 279.496062992126 90.70866141732283 9.637795275590552 principalement
122.74015748031496 279.496062992126 40.25196850393701 9.637795275590552 dans
147.96850393700788 279.496062992126 30.330708661417322 9.637795275590552 la
162.99212598425197 279.496062992126 65.48031496062993 9.637795275590552 publicité
208.3464566929134 279.496062992126 55.55905511811024 9.637795275590552 tapageuse

1.984251968503937 286.2992125984252 27.212598425196852 14.456692913385826 de
15.590551181102363 286.2992125984252 31.748031496062993 14.456692913385826 nos
33.732283464566926 286.2992125984252 45.07086614173228 14.456692913385826 villes
65.19685039370079 286.2992125984252 27.212598425196852 14.456692913385826 et
78.80314960629921 286.2992125984252 27.212598425196852 14.456692913385826 le
92.40944881889764 286.2992125984252 67.74803149606299 14.456692913385826 signalement
146.5511811023622 286.2992125984252 27.212598425196852 14.456692913385826 de
160.15748031496062 286.2992125984252 27.212598425196852 14.456692913385826 la
173.76377952755905 286.2992125984252 67.74803149606299 14.456692913385826 circulation
227.90551181102362 286.2992125984252 31.748031496062993 14.456692913385826 qui
241.51181102362204 286.2992125984252 22.677165354330707 14.456692913385826 les

2.267716535433071 301.3228346456693 34.58267716535433 9.354330708661417 ont
21.826771653543307 301.3228346456693 78.80314960629921 9.354330708661417 vulgarisées.
85.88976377952756 301.3228346456693 54.14173228346457 9.354330708661417 Goeschl
125.5748031496063 301.3228346456693 39.40157480314961 9.354330708661417 leur
150.23622047244095 301.3228346456693 39.40157480314961 9.354330708661417 rend
174.89763779527559 301.3228346456693 39.40157480314961 9.354330708661417 leur
199.55905511811022 301.3228346456693 59.24409448818898 9.354330708661417 première
238.96062992125985 301.3228346456693 24.661417322834644 9.354330708661417 no-

2.8346456692913384 307.5590551181102 49.60629921259842 13.88976377952756 blesse,
38.83464566929134 307.5590551181102 26.929133858267715 13.88976377952756 il
52.44094488188976 307.5590551181102 36.0 13.88976377952756 unit
74.83464566929133 307.5590551181102 26.929133858267715 13.88976377952756 la
88.44094488188976 307.5590551181102 54.14173228346457 13.88976377952756 vitalité
128.9763779527559 307.5590551181102 26.929133858267715 13.88976377952756 du
142.29921259842519 307.5590551181102 40.53543307086614 13.88976377952756 rouge
169.51181102362204 307.5590551181102 22.393700787401574 13.88976377952756 à
178.29921259842519 307.5590551181102 26.929133858267715 13.88976377952756 la
191.90551181102362 307.5590551181102 72.0 13.88976377952756 spiritualité
245.76377952755905 307.5590551181102 18.141732283464567 13.88976377952756 du

2.8346456692913384 321.1653543307087 40.53543307086614 10.204724409448819 bleu.
29.763779527559056 321.1653543307087 58.39370078740158 10.204724409448819 Pourtant,
74.83464566929133 321.1653543307087 36.0 10.204724409448819 tout
97.22834645669292 321.1653543307087 36.0 10.204724409448819 cela
119.62204724409449 321.1653543307087 31.46456692913386 10.204724409448819 n’a
137.76377952755905 321.1653543307087 36.0 10.204724409448819 rien
160.15748031496062 321.1653543307087 72.0 10.204724409448819 d’artificiel
218.5511811023622 321.1653543307087 26.929133858267715 10.204724409448819 ou
232.15748031496062 321.1653543307087 26.929133858267715 10.204724409448819 de
241.22834645669292 321.1653543307087 22.393700787401574 10.204724409448819 so-

2.8346456692913384 330.5196850393701 54.14173228346457 12.188976377952756 lennel,
42.23622047244095 330.5196850393701 29.480314960629922 12.188976377952756 ce
56.976377952755904 330.5196850393701 39.40157480314961 12.188976377952756 sont
81.63779527559055 330.5196850393701 49.32283464566929 12.188976377952756 plutôt
115.93700787401575 330.5196850393701 34.58267716535433 12.188976377952756 des
135.7795275590551 330.5196850393701 59.24409448818898 12.188976377952756 éléments
180.0 330.5196850393701 44.22047244094488 12.188976377952756 d’une
209.76377952755905 330.5196850393701 39.40157480314961 12.188976377952756 fête
229.3228346456693 330.5196850393701 34.58267716535433 12.188976377952756 popu-

3.6850393700787403 340.4409448818898 45.63779527559055 16.15748031496063 laire,
35.71653543307087 340.4409448818898 32.031496062992126 16.15748031496063 des
53.85826771653543 340.4409448818898 22.96062992125984 16.15748031496063 7
62.92913385826772 340.4409448818898 59.24409448818898 16.15748031496063 figurants
108.56692913385827 340.4409448818898 22.96062992125984 16.15748031496063 :
117.92125984251969 340.4409448818898 36.56692913385827 16.15748031496063 d’un
140.5984251968504 340.4409448818898 27.496062992125985 16.15748031496063 14
154.20472440944883 340.4409448818898 50.173228346456696 16.15748031496063 Juillet
190.77165354330708 340.4409448818898 32.031496062992126 16.15748031496063 qui
209.1968503937008 340.4409448818898 32.031496062992126 16.15748031496063 n’a
227.33858267716536 340.4409448818898 32.031496062992126 16.15748031496063 pas
240.9448818897638 340.4409448818898 22.96062992125984 16.15748031496063 en-

2.8346456692913384 352.06299212598424 37.41732283464567 12.472440944881889 core
26.362204724409448 352.06299212598424 28.062992125984252 12.472440944881889 eu
35.71653543307087 352.06299212598424 32.881889763779526 12.472440944881889 lieu.

15.590551181102363 360.8503937007874 30.330708661417322 15.307086614173228 Le
30.89763779527559 360.8503937007874 86.1732283464567 15.307086614173228 développement
101.76377952755905 360.8503937007874 35.43307086614173 15.307086614173228 des
122.1732283464567 360.8503937007874 50.74015748031496 15.307086614173228 formes
157.60629921259843 360.8503937007874 35.43307086614173 15.307086614173228 est
178.01574803149606 360.8503937007874 45.63779527559055 15.307086614173228 large
208.3464566929134 360.8503937007874 30.330708661417322 15.307086614173228 et
218.5511811023622 360.8503937007874 45.63779527559055 15.307086614173228 simple.

3.4015748031496065 372.755905511811 30.04724409448819 12.755905511811024 Le
18.4251968503937 372.755905511811 55.275590551181104 12.755905511811024 langage
58.67716535433071 372.755905511811 50.173228346456696 12.755905511811024 direct
93.8267716535433 372.755905511811 55.275590551181104 12.755905511811024 cherche
133.79527559055117 372.755905511811 30.04724409448819 12.755905511811024 la
148.8188976377953 372.755905511811 50.173228346456696 12.755905511811024 pureté
183.96850393700788 372.755905511811 30.04724409448819 12.755905511811024 et
198.99212598425197 372.755905511811 30.04724409448819 12.755905511811024 la
208.91338582677164 372.755905511811 55.275590551181104 12.755905511811024 sérénité.

3.968503937007874 383.244094488189 36.56692913385827 12.755905511811024 Bien
26.929133858267715 383.244094488189 36.56692913385827 12.755905511811024 sûr,
49.60629921259842 383.244094488189 64.06299212598425 12.755905511811024 l’héritage
100.06299212598425 383.244094488189 50.173228346456696 12.755905511811024 cubiste
136.62992125984252 383.244094488189 32.031496062992126 12.755905511811024 est
154.77165354330708 383.244094488189 54.99212598425197 12.755905511811024 évident,
195.8740157480315 383.244094488189 36.56692913385827 12.755905511811024 mais
214.29921259842519 383.244094488189 50.173228346456696 12.755905511811024 affranchi

3.1181102362204722 393.73228346456693 30.614173228346456 12.472440944881889 de
18.4251968503937 393.73228346456693 30.614173228346456 12.472440944881889 sa
33.732283464566926 393.73228346456693 56.40944881889764 12.472440944881889 syntaxe
74.83464566929133 393.73228346456693 76.81889763779527 12.472440944881889 hermétique.
136.3464566929134 393.73228346456693 41.10236220472441 12.472440944881889 Dans
161.85826771653544 393.73228346456693 30.614173228346456 12.472440944881889 le
177.4488188976378 393.73228346456693 61.511811023622045 12.472440944881889 contexte
218.26771653543307 393.73228346456693 46.20472440944882 12.472440944881889 actuel.

3.968503937007874 403.93700787401576 50.45669291338583 14.173228346456693 Goeschl
40.53543307086614 403.93700787401576 59.52755905511811 14.173228346456693 s’associe
86.45669291338582 403.93700787401576 32.031496062992126 14.173228346456693 aux
104.88188976377953 403.93700787401576 50.45669291338583 14.173228346456693 efforts
141.4488188976378 403.93700787401576 36.56692913385827 14.173228346456693 dont
164.40944881889763 403.93700787401576 27.496062992125985 14.173228346456693 le
178.29921259842519 403.93700787401576 32.031496062992126 14.173228346456693 but
196.44094488188978 403.93700787401576 32.031496062992126 14.173228346456693 est
210.33070866141733 403.93700787401576 54.99212598425197 14.173228346456693 d’éliminer

3.968503937007874 416.9763779527559 62.645669291338585 11.338582677165354 l’apport
51.023622047244096 416.9763779527559 31.46456692913386 11.338582677165354 de
66.61417322834646 416.9763779527559 31.46456692913386 11.338582677165354 la
82.20472440944881 416.9763779527559 57.54330708661417 11.338582677165354 matière
124.15748031496064 416.9763779527559 52.15748031496063 11.338582677165354 brute.
160.7244094488189 416.9763779527559 36.56692913385827 11.338582677165354 Peu
181.70078740157481 416.9763779527559 57.54330708661417 11.338582677165354 importe
223.37007874015748 416.9763779527559 36.56692913385827 11.338582677165354 que
239.24409448818898 416.9763779527559 26.078740157480315 11.338582677165354 ces

3.968503937007874 426.0472440944882 65.19685039370079 12.755905511811024 sculptures
55.275590551181104 426.0472440944882 46.77165354330709 12.755905511811024 soient
87.8740157480315 426.0472440944882 55.84251968503937 12.755905511811024 taillées
129.82677165354332 426.0472440944882 37.41732283464567 12.755905511811024 dans
153.0708661417323 426.0472440944882 28.062992125984252 12.755905511811024 le
166.96062992125985 426.0472440944882 41.95275590551181 12.755905511811024 bois,
195.0236220472441 426.0472440944882 41.95275590551181 12.755905511811024 seuls
218.26771653543307 426.0472440944882 46.77165354330709 12.755905511811024 comptent

4.535433070866142 437.6692913385827 28.346456692913385 13.32283464566929 la
18.708661417322833 437.6692913385827 42.51968503937008 13.32283464566929 forme
47.05511811023622 437.6692913385827 28.346456692913385 13.32283464566929 et
61.22834645669291 437.6692913385827 28.346456692913385 13.32283464566929 la
75.4015748031496 437.6692913385827 51.874015748031496 13.32283464566929 couleur
113.10236220472441 437.6692913385827 28.346456692913385 13.32283464566929 et
127.2755905511811 437.6692913385827 37.7007874015748 13.32283464566929 leur
150.8031496062992 437.6692913385827 51.874015748031496 13.32283464566929 pouvoir
183.68503937007873 437.6692913385827 70.86614173228347 13.32283464566929 signalétique.

17.291338582677167 447.87401574803147 64.34645669291339 13.606299212598426 Rotterdam
66.61417322834646 447.87401574803147 34.58267716535433 13.606299212598426 est
86.45669291338582 447.87401574803147 29.763779527559056 13.606299212598426 un
101.48031496062993 447.87401574803147 54.425196850393704 13.606299212598426 peintre
141.16535433070865 447.87401574803147 49.60629921259842 13.606299212598426 subtil
175.748031496063 447.87401574803147 34.58267716535433 13.606299212598426 qui
195.59055118110237 447.87401574803147 44.503937007874015 13.606299212598426 manie
225.35433070866142 447.87401574803147 29.763779527559056 13.606299212598426 la
235.2755905511811 447.87401574803147 29.763779527559056 13.606299212598426 sur-

4.251968503937008 460.34645669291336 38.55118110236221 10.204724409448819 face
28.346456692913385 460.34645669291336 38.55118110236221 10.204724409448819 avec
52.724409448818896 460.34645669291336 58.110236220472444 10.204724409448819 prudence
96.09448818897638 460.34645669291336 28.913385826771652 10.204724409448819 et
110.55118110236221 460.34645669291336 62.92913385826772 10.204724409448819 patience.
159.0236220472441 460.34645669291336 28.913385826771652 10.204724409448819 Il
173.48031496062993 460.34645669291336 48.47244094488189 10.204724409448819 séduit
207.21259842519686 460.34645669291336 33.732283464566926 10.204724409448819 par
226.77165354330708 460.34645669291336 28.913385826771652 10.204724409448819 la
236.40944881889763 460.34645669291336 28.913385826771652 10.204724409448819 len-

3.6850393700787403 468.0 37.98425196850393 14.173228346456693 teur
27.496062992125985 468.0 33.44881889763779 14.173228346456693 des
46.488188976377955 468.0 47.62204724409449 14.173228346456693 formes
79.93700787401575 468.0 28.62992125984252 14.173228346456693 et
94.11023622047244 468.0 33.44881889763779 14.173228346456693 une
113.38582677165354 468.0 57.25984251968504 14.173228346456693 certaine
160.7244094488189 468.0 76.25196850393701 14.173228346456693 intériorité:
217.98425196850394 468.0 47.62204724409449 14.173228346456693 spatiale

4.535433070866142 481.3228346456693 33.16535433070866 12.188976377952756 des
23.52755905511811 481.3228346456693 61.511811023622045 12.188976377952756 textures.
70.86614173228347 481.3228346456693 33.16535433070866 12.188976377952756 Ses
89.85826771653544 481.3228346456693 56.69291338582677 12.188976377952756 cellules
132.3779527559055 481.3228346456693 28.346456692913385 12.188976377952756 et
146.5511811023622 481.3228346456693 47.338582677165356 12.188976377952756 noyaux
179.71653543307087 481.3228346456693 52.15748031496063 12.188976377952756 doivent
217.70078740157481 481.3228346456693 37.98425196850393 12.188976377952756 leur
236.69291338582678 481.3228346456693 28.346456692913385 12.188976377952756 pré-

4.818897637795276 491.244094488189 52.15748031496063 12.472440944881889 ciosité
42.803149606299215 491.244094488189 23.811023622047244 12.472440944881889 à
52.44094488188976 491.244094488189 42.803149606299215 12.472440944881889 Klimt
80.78740157480316 491.244094488189 28.346456692913385 12.472440944881889 et
94.96062992125984 491.244094488189 37.98425196850393 12.472440944881889 leur
118.77165354330708 491.244094488189 47.338582677165356 12.472440944881889 sourde
151.93700787401573 491.244094488189 66.33070866141732 12.472440944881889 mélancolie
204.09448818897638 491.244094488189 23.811023622047244 12.472440944881889 à
213.73228346456693 491.244094488189 52.15748031496063 12.472440944881889 Schiele
246.89763779527559 491.244094488189 18.992125984251967 12.472440944881889 et

4.818897637795276 500.59842519685037 28.913385826771652 12.755905511811024 se
19.275590551181104 500.59842519685037 53.00787401574803 12.755905511811024 placent
57.826771653543304 500.59842519685037 43.37007874015748 12.755905511811024 ainsi
86.74015748031496 500.59842519685037 38.55118110236221 12.755905511811024 dans
110.83464566929133 500.59842519685037 28.913385826771652 12.755905511811024 la
125.29133858267717 500.59842519685037 62.645669291338585 12.755905511811024 tradition
168.66141732283464 500.59842519685037 57.826771653543304 12.755905511811024 viennoise.

17.5748031496063 511.65354330708664 55.55905511811024 13.88976377952756 Painitz
58.110236220472444 511.65354330708664 60.661417322834644 13.88976377952756 poursuit
103.74803149606299 511.65354330708664 90.99212598425197 13.88976377952756 l’enchaînement
179.43307086614172 511.65354330708664 75.96850393700787 13.88976377952756 chromatique
235.2755905511811 511.65354330708664 30.330708661417322 13.88976377952756 d’un

5.102362204724409 525.2598425196851 53.00787401574803 10.488188976377952 module
42.23622047244095 525.2598425196851 63.77952755905512 10.488188976377952 anonyme:
90.14173228346456 525.2598425196851 31.748031496062993 10.488188976377952 le
106.01574803149606 525.2598425196851 68.88188976377953 10.488188976377952 rectangle
159.0236220472441 525.2598425196851 37.13385826771653 10.488188976377952 aux
180.28346456692913 525.2598425196851 47.90551181102362 10.488188976377952 coins
206.9291338582677 525.2598425196851 58.39370078740158 10.488188976377952 arrondis,

4.818897637795276 534.6141732283464 33.16535433070866 13.039370078740157 tel
23.811023622047244 534.6141732283464 42.51968503937008 13.039370078740157 qu’il
52.15748031496063 534.6141732283464 33.16535433070866 13.039370078740157 est
71.14960629921259 534.6141732283464 47.338582677165356 13.039370078740157 devenu
104.31496062992126 534.6141732283464 71.14960629921259 13.039370078740157 obligatoire
161.29133858267716 534.6141732283464 37.98425196850393 13.039370078740157 pour
184.8188976377953 534.6141732283464 52.15748031496063 13.039370078740157 l’écran
222.8031496062992 534.6141732283464 28.346456692913385 13.039370078740157 de
232.15748031496062 534.6141732283464 33.16535433070866 13.039370078740157 télé-

5.3858267716535435 544.2519685039371 47.338582677165356 12.188976377952756 vision
38.55118110236221 544.2519685039371 28.346456692913385 12.188976377952756 et
52.724409448818896 544.2519685039371 56.69291338582677 12.188976377952756 beaucoup
95.24409448818898 544.2519685039371 28.346456692913385 12.188976377952756 de
109.41732283464567 544.2519685039371 33.16535433070866 12.188976377952756 nos
128.40944881889763 544.2519685039371 56.69291338582677 12.188976377952756 articles
170.9291338582677 544.2519685039371 70.86614173228347 12.188976377952756 quotidiens.
227.90551181102362 544.2519685039371 28.346456692913385 12.188976377952756 La
237.25984251968504 544.2519685039371 28.346456692913385 12.188976377952756 sur-

5.102362204724409 557.007874015748 42.51968503937008 10.488188976377952 face
31.748031496062993 557.007874015748 58.39370078740158 10.488188976377952 résulte
74.26771653543307 557.007874015748 42.51968503937008 10.488188976377952 d’un
100.91338582677166 557.007874015748 47.90551181102362 10.488188976377952 grand
132.66141732283464 557.007874015748 53.29133858267716 10.488188976377952 nombre
170.07874015748033 557.007874015748 32.031496062992126 10.488188976377952 de
185.95275590551182 557.007874015748 58.39370078740158 10.488188976377952 couches
223.08661417322836 557.007874015748 42.51968503937008 10.488188976377952 super-

6.2362204724409445 567.496062992126 51.023622047244096 12.188976377952756 posées
41.95275590551181 567.496062992126 86.74015748031496 12.188976377952756 (c’est-à-dire
113.38582677165354 567.496062992126 66.33070866141732 12.188976377952756 collées).
164.1259842519685 567.496062992126 35.71653543307087 12.188976377952756 Une
184.53543307086613 567.496062992126 40.818897637795274 12.188976377952756 fois
210.04724409448818 567.496062992126 56.125984251968504 12.188976377952756 adopté,
245.76377952755905 567.496062992126 20.409448818897637 12.188976377952756 le

5.952755905511811 577.4173228346457 54.14173228346457 11.905511811023622 module
43.93700787401575 577.4173228346457 54.14173228346457 11.905511811023622 impose
81.92125984251969 577.4173228346457 37.98425196850393 11.905511811023622 une
103.46456692913385 577.4173228346457 81.35433070866142 11.905511811023622 restriction
168.66141732283464 577.4173228346457 37.98425196850393 11.905511811023622 qui
190.20472440944883 577.4173228346457 37.98425196850393 11.905511811023622 est
206.64566929133858 577.4173228346457 59.52755905511811 11.905511811023622 compensée

6.519685039370079 586.7716535433071 32.881889763779526 14.456692913385826 par
25.511811023622048 586.7716535433071 28.346456692913385 14.456692913385826 la
39.68503937007874 586.7716535433071 70.58267716535433 14.456692913385826 variabilité
96.09448818897638 586.7716535433071 75.11811023622047 14.456692913385826 pratiquement
157.03937007874015 586.7716535433071 61.22834645669291 14.456692913385826 illimitée
204.09448818897638 586.7716535433071 32.881889763779526 14.456692913385826 des
218.26771653543307 586.7716535433071 47.05511811023622 14.456692913385826 configu-

5.952755905511811 599.2440944881889 51.874015748031496 13.88976377952756 rations
39.118110236220474 599.2440944881889 56.40944881889764 13.88976377952756 possibles.

172.3464566929134 606.0472440944882 58.67716535433071 16.440944881889763 Werner
207.49606299212599 606.0472440944882 58.67716535433071 16.440944881889763 Hofmann.

242.9291338582677 623.6220472440945 22.677165354330707 11.905511811023622 27
