307.84251968503935 672.6614173228346
8.503937007874017 20.69291338582677 72.0 20.976377952755904 SUISSE

34.2992125984252 56.125984251968504 58.67716535433071 21.826771653543307 s’emploie
79.37007874015748 56.125984251968504 22.393700787401574 21.826771653543307 à
88.44094488188976 56.125984251968504 76.53543307086615 21.826771653543307 l’élaboration
151.37007874015748 56.125984251968504 26.929133858267715 21.826771653543307 en
164.9763779527559 56.125984251968504 58.67716535433071 21.826771653543307 polyester
210.04724409448818 56.125984251968504 54.14173228346457 21.826771653543307 d’objets
250.58267716535434 56.125984251968504 26.929133858267715 21.826771653543307 de
259.37007874015745 56.125984251968504 18.141732283464567 21.826771653543307 la

33.16535433070866 70.2992125984252 36.28346456692913 18.708661417322833 vie
53.85826771653543 70.2992125984252 83.05511811023622 18.708661417322833 quotidienne,
121.32283464566929 70.2992125984252 36.28346456692913 18.708661417322833 une
142.29921259842519 70.2992125984252 51.874015748031496 18.708661417322833 maison
178.58267716535434 70.2992125984252 36.28346456692913 18.708661417322833 par
199.2755905511811 70.2992125984252 57.25984251968504 18.708661417322833 exemple
240.9448818897638 70.2992125984252 31.181102362204726 18.708661417322833 ou
251.1496062992126 70.2992125984252 26.078740157480315 18.708661417322833 les

33.16535433070866 81.63779527559055 96.09448818897638 12.472440944881889 superstructures
113.95275590551181 81.63779527559055 45.354330708661415 12.472440944881889 d’une
139.1811023622047 81.63779527559055 65.76377952755905 12.472440944881889 locomotive.

46.77165354330709 94.67716535433071 41.669291338582674 18.992125984251967 C’est
74.26771653543307 94.67716535433071 36.8503937007874 18.992125984251967 sous
97.51181102362204 94.67716535433071 27.77952755905512 18.992125984251967 la
111.4015748031496 94.67716535433071 41.669291338582674 18.992125984251967 forme
138.89763779527559 94.67716535433071 36.8503937007874 18.992125984251967 d’un
162.14173228346456 94.67716535433071 50.74015748031496 18.992125984251967 travail
198.99212598425197 94.67716535433071 55.275590551181104 18.992125984251967 d’équipe
240.66141732283464 94.67716535433071 32.31496062992126 18.992125984251967 que
254.5511811023622 94.67716535433071 22.96062992125984 18.992125984251967 ces

33.732283464566926 106.2992125984252 39.118110236220474 18.141732283464567 trois
59.811023622047244 106.2992125984252 52.15748031496063 18.141732283464567 artistes
98.92913385826772 106.2992125984252 60.94488188976378 18.141732283464567 présentent
146.83464566929135 106.2992125984252 39.118110236220474 18.141732283464567 leurs
172.91338582677164 106.2992125984252 43.653543307086615 18.141732283464567 œuvres
203.5275590551181 106.2992125984252 21.826771653543307 18.141732283464567 à
212.31496062992127 106.2992125984252 39.118110236220474 18.141732283464567 Paris
238.39370078740157 106.2992125984252 30.614173228346456 18.141732283464567 et,
251.43307086614172 106.2992125984252 26.078740157480315 18.141732283464567 sans

33.732283464566926 117.35433070866142 57.54330708661417 16.15748031496063 renoncer
76.81889763779527 117.35433070866142 57.54330708661417 16.15748031496063 d’aucune
119.90551181102362 117.35433070866142 52.724409448818896 16.15748031496063 manière
158.17322834645668 117.35433070866142 23.811023622047244 16.15748031496063 à
167.81102362204723 117.35433070866142 38.267716535433074 16.15748031496063 leur
191.6220472440945 117.35433070866142 86.1732283464567 16.15748031496063 individualité,
258.5196850393701 117.35433070866142 19.275590551181104 16.15748031496063 is

34.01574803149607 127.55905511811024 58.67716535433071 16.724409448818896 intègrent
79.08661417322834 127.55905511811024 40.53543307086614 16.724409448818896 leurs
106.2992125984252 127.55905511811024 58.67716535433071 16.724409448818896 créations
151.37007874015748 127.55905511811024 36.0 16.724409448818896 dans
173.76377952755905 127.55905511811024 26.929133858267715 16.724409448818896 un
187.37007874015748 127.55905511811024 45.07086614173228 16.724409448818896 espace
214.29921259842519 127.55905511811024 63.21259842519685 16.724409448818896 triangulaire

33.732283464566926 138.04724409448818 40.53543307086614 17.291338582677167 blanc
60.94488188976378 138.04724409448818 22.677165354330707 17.291338582677167 -
69.73228346456693 138.04724409448818 81.07086614173228 17.291338582677167 paradoxalement
137.48031496062993 138.04724409448818 54.14173228346457 17.291338582677167 qualifié
178.01574803149606 138.04724409448818 26.929133858267715 17.291338582677167 d’
191.6220472440945 138.04724409448818 26.929133858267715 17.291338582677167 *7
205.22834645669292 138.04724409448818 40.53543307086614 17.291338582677167 objet
232.15748031496062 138.04724409448818 26.929133858267715 17.291338582677167 *-
241.22834645669292 138.04724409448818 36.0 17.291338582677167 éclaié

33.16535433070866 150.23622047244095 33.44881889763779 13.039370078740157 par
52.44094488188976 150.23622047244095 33.44881889763779 13.039370078740157 une
71.43307086614173 150.23622047244095 62.07874015748032 13.039370078740157 éclatante
119.33858267716535 150.23622047244095 52.724409448818896 13.039370078740157 lumière
152.78740157480314 150.23622047244095 90.99212598425197 13.039370078740157 dématérialisante.

45.92125984251968 162.70866141732284 28.346456692913385 18.4251968503937 La
60.09448818897638 162.70866141732284 56.69291338582677 18.4251968503937 distance
102.61417322834646 162.70866141732284 33.16535433070866 18.4251968503937 qui
121.60629921259843 162.70866141732284 47.338582677165356 18.4251968503937 sépare
154.77165354330708 162.70866141732284 70.86614173228347 18.4251968503937 normalement
206.64566929133858 162.70866141732284 70.86614173228347 18.4251968503937 l’observateur

32.59842519685039 172.91338582677164 28.062992125984252 16.440944881889763 de
46.77165354330709 172.91338582677164 51.59055118110236 16.440944881889763 l’œuvre
84.18897637795276 172.91338582677164 42.23622047244095 16.440944881889763 d’art
112.53543307086615 172.91338582677164 37.41732283464567 16.440944881889763 doit
136.06299212598427 172.91338582677164 37.41732283464567 16.440944881889763 être
159.30708661417322 172.91338582677164 60.94488188976378 16.440944881889763 supprimée
206.36220472440945 172.91338582677164 37.41732283464567 16.440944881889763 dans
229.88976377952756 172.91338582677164 42.23622047244095 16.440944881889763 cette
253.13385826771653 172.91338582677164 23.52755905511811 16.440944881889763 en-

32.59842519685039 187.37007874015748 54.99212598425197 13.606299212598426 ceinte.
72.85039370078741 187.37007874015748 75.11811023622047 13.606299212598426 L’abondance
132.66141732283464 187.37007874015748 24.944881889763778 13.606299212598426 «
142.86614173228347 187.37007874015748 60.09448818897638 13.606299212598426 tangible
192.75590551181102 187.37007874015748 30.04724409448819 13.606299212598426 de
207.7795275590551 187.37007874015748 60.09448818897638 13.606299212598426 lumière,
247.748031496063 187.37007874015748 30.04724409448819 13.606299212598426 dont

32.881889763779526 196.44094488188978 28.913385826771652 15.307086614173228 la
47.338582677165356 196.44094488188978 47.90551181102362 15.307086614173228 limite
80.78740157480316 196.44094488188978 52.724409448818896 15.307086614173228 devient
119.33858267716535 196.44094488188978 72.0 15.307086614173228 perceptible
176.88188976377953 196.44094488188978 28.913385826771652 15.307086614173228 au
191.0551181102362 196.44094488188978 47.90551181102362 15.307086614173228 niveau
224.78740157480314 196.44094488188978 33.44881889763779 15.307086614173228 des
239.24409448818898 196.44094488188978 38.267716535433074 15.307086614173228 ombres

32.881889763779526 207.49606299212599 49.889763779527556 14.740157480314961 claires
69.16535433070867 207.49606299212599 31.748031496062993 14.740157480314961 que
87.30708661417323 207.49606299212599 63.496062992125985 14.740157480314961 projettent
137.1968503937008 207.49606299212599 31.748031496062993 14.740157480314961 les
155.33858267716536 207.49606299212599 63.496062992125985 14.740157480314961 structures
205.22834645669292 207.49606299212599 27.212598425196852 14.740157480314961 en
218.83464566929135 207.49606299212599 49.889763779527556 14.740157480314961 relief,
250.58267716535434 207.49606299212599 27.212598425196852 14.740157480314961 doit

32.881889763779526 219.68503937007873 54.425196850393704 15.023622047244094 suggérer
73.7007874015748 219.68503937007873 31.748031496062993 15.023622047244094 une
91.84251968503936 219.68503937007873 40.818897637795274 15.023622047244094 sorte
119.05511811023622 219.68503937007873 72.56692913385827 15.023622047244094 d’apesanteur
178.01574803149606 219.68503937007873 58.960629921259844 15.023622047244094 semblable
223.37007874015748 219.68503937007873 22.677165354330707 15.023622047244094 à
232.44094488188978 219.68503937007873 40.818897637795274 15.023622047244094 celle
255.11811023622047 219.68503937007873 22.677165354330707 15.023622047244094 qui

32.881889763779526 228.18897637795277 42.23622047244095 13.606299212598426 règne
61.22834645669291 228.18897637795277 42.23622047244095 13.606299212598426 entre
89.29133858267717 228.18897637795277 28.062992125984252 13.606299212598426 la
103.18110236220473 228.18897637795277 37.41732283464567 13.606299212598426 lune
126.70866141732283 228.18897637795277 28.062992125984252 13.606299212598426 et
140.5984251968504 228.18897637795277 28.062992125984252 13.606299212598426 la
154.77165354330708 228.18897637795277 51.59055118110236 13.606299212598426 planète
187.37007874015748 228.18897637795277 42.23622047244095 13.606299212598426 Mars...

185.66929133858267 252.28346456692913 34.58267716535433 17.007874015748033 Max
205.22834645669292 252.28346456692913 34.58267716535433 17.007874015748033 von
220.251968503937 252.28346456692913 54.425196850393704 17.007874015748033 Mühlenen.

103.18110236220473 320.59842519685037 60.09448818897638 16.440944881889763 SECTION
146.83464566929135 320.59842519685037 60.09448818897638 16.440944881889763 TRAVAUX
185.10236220472441 320.59842519685037 54.70866141732284 16.440944881889763 D’EQUIPE

37.98425196850393 337.8897637795276 45.92125984251968 12.188976377952756 1
72.28346456692914 337.8897637795276 34.2992125984252 12.188976377952756 OBJET
95.24409448818898 337.8897637795276 34.2992125984252 12.188976377952756 (zone
114.23622047244095 337.8897637795276 41.95275590551181 12.188976377952756 blanche).

49.32283464566929 347.5275590551181 60.94488188976378 11.622047244094489 Construction
98.64566929133858 347.5275590551181 22.96062992125984 11.622047244094489 de
110.26771653543307 347.5275590551181 34.2992125984252 11.622047244094489 forme
133.22834645669292 347.5275590551181 64.91338582677166 11.622047244094489 triangulaire,
186.51968503937007 347.5275590551181 34.2992125984252 11.622047244094489 toute
209.48031496062993 347.5275590551181 45.63779527559055 11.622047244094489 blanche,
243.7795275590551 347.5275590551181 34.2992125984252 11.622047244094489 faite
262.7716535433071 347.5275590551181 15.307086614173228 11.622047244094489 de

49.039370078740156 358.5826771653543 53.29133858267716 11.622047244094489 matériaux
89.85826771653544 358.5826771653543 41.10236220472441 11.622047244094489 divers
118.77165354330708 358.5826771653543 41.10236220472441 11.622047244094489 (bois,
147.4015748031496 358.5826771653543 32.881889763779526 11.622047244094489 fer,
167.81102362204723 358.5826771653543 49.32283464566929 11.622047244094489 pavatex,
204.66141732283464 358.5826771653543 41.10236220472441 11.622047244094489 etc.).
233.5748031496063 358.5826771653543 36.8503937007874 11.622047244094489 Cette
253.98425196850394 358.5826771653543 24.661417322834644 11.622047244094489 œuve

48.47244094488189 368.2204724409449 56.40944881889764 10.771653543307087 collective
92.69291338582677 368.2204724409449 32.31496062992126 10.771653543307087 doit
112.81889763779527 368.2204724409449 32.31496062992126 10.771653543307087 être
133.22834645669292 368.2204724409449 56.40944881889764 10.771653543307087 considérée
177.4488188976378 368.2204724409449 36.28346456692913 10.771653543307087 comme
201.82677165354332 368.2204724409449 28.346456692913385 10.771653543307087 une
217.98425196850394 368.2204724409449 52.44094488188976 10.771653543307087 sculpture
254.26771653543307 368.2204724409449 24.094488188976378 10.771653543307087 dans

48.75590551181102 377.00787401574803 47.338582677165356 15.874015748031496 laquelle
84.18897637795276 377.00787401574803 59.24409448818898 15.874015748031496 l’intérieur
131.5275590551181 377.00787401574803 23.52755905511811 15.874015748031496 et
143.43307086614172 377.00787401574803 59.24409448818898 15.874015748031496 l’extérieur
190.77165354330708 377.00787401574803 43.37007874015748 15.874015748031496 forment
222.23622047244095 377.00787401574803 23.52755905511811 15.874015748031496 un
234.14173228346456 377.00787401574803 31.46456692913386 15.874015748031496 tout
250.01574803149606 377.00787401574803 27.496062992125985 15.874015748031496 (280x

47.90551181102362 386.0787401574803 35.43307086614173 14.740157480314961 9,60
70.01574803149606 386.0787401574803 22.11023622047244 14.740157480314961 x
74.55118110236221 386.0787401574803 22.11023622047244 14.740157480314961 8).

48.47244094488189 394.86614173228344 55.55905511811024 17.007874015748033 Andreas
92.1259842519685 394.86614173228344 67.18110236220473 17.007874015748033 CHRISTEN
147.4015748031496 394.86614173228344 23.811023622047244 17.007874015748033 né
159.30708661417322 394.86614173228344 23.811023622047244 17.007874015748033 en
171.21259842519686 394.86614173228344 31.748031496062993 17.007874015748033 1936
191.0551181102362 394.86614173228344 19.84251968503937 17.007874015748033 à
198.99212598425197 394.86614173228344 51.59055118110236 17.007874015748033 Budendorf
234.4251968503937 394.86614173228344 43.653543307086615 17.007874015748033 (Suisse).

49.32283464566929 408.4724409448819 48.188976377952756 11.05511811023622 Peintre,
85.32283464566929 408.4724409448819 52.15748031496063 11.05511811023622 graphiste
125.5748031496063 408.4724409448819 24.094488188976378 11.05511811023622 et
133.51181102362204 408.4724409448819 56.125984251968504 11.05511811023622 dessinateur.

49.60629921259842 418.1102362204724 50.45669291338583 12.472440944881889 Markus
88.44094488188976 418.1102362204724 46.488188976377955 12.472440944881889 RATZ
123.30708661417323 418.1102362204724 23.244094488188978 12.472440944881889 né
134.9291338582677 418.1102362204724 23.244094488188978 12.472440944881889 en
146.83464566929135 418.1102362204724 31.181102362204726 12.472440944881889 1941
166.11023622047244 418.1102362204724 19.275590551181104 12.472440944881889 à
173.76377952755905 418.1102362204724 34.86614173228347 12.472440944881889 Berne
197.29133858267716 418.1102362204724 50.45669291338583 12.472440944881889 (Suisse).
235.84251968503938 418.1102362204724 42.803149606299215 12.472440944881889 Peintre
263.0551181102362 418.1102362204724 15.590551181102363 12.472440944881889 et

44.503937007874015 429.1653543307087 50.74015748031496 12.472440944881889 sculpteur.

48.75590551181102 440.2204724409449 47.62204724409449 11.905511811023622 Willy
84.4724409448819 440.2204724409449 55.55905511811024 11.905511811023622 WEBER
128.1259842519685 440.2204724409449 23.811023622047244 11.905511811023622 né
140.03149606299212 440.2204724409449 23.811023622047244 11.905511811023622 en
151.93700787401573 440.2204724409449 31.748031496062993 11.905511811023622 1933
171.49606299212599 440.2204724409449 19.84251968503937 11.905511811023622 à
179.43307086614172 440.2204724409449 35.71653543307087 11.905511811023622 Berne
203.24409448818898 440.2204724409449 51.59055118110236 11.905511811023622 (Suisse).
238.96062992125985 440.2204724409449 39.68503937007874 11.905511811023622 Sculpeur

48.75590551181102 450.99212598425197 29.480314960629922 11.622047244094489 sur
61.511811023622045 450.99212598425197 33.732283464566926 11.622047244094489 métal.

31.46456692913386 638.6456692913385 23.52755905511811 13.32283464566929 112
