307.84251968503935 672.6614173228346
26.929133858267715 17.5748031496063 107.71653543307086 19.84251968503937 VENEZUELA

66.33070866141732 121.88976377952756 74.55118110236221 21.826771653543307 Commissaire
126.14173228346456 121.88976377952756 54.70866141732284 21.826771653543307 général
166.11023622047244 121.88976377952756 24.944881889763778 21.826771653543307 :
176.03149606299212 121.88976377952756 49.889763779527556 21.826771653543307 Carlos
210.61417322834646 121.88976377952756 39.68503937007874 21.826771653543307 Cruz
230.74015748031496 121.88976377952756 29.763779527559056 21.826771653543307 Diez

62.92913385826772 137.1968503937008 41.38582677165354 11.622047244094489 Peintre.

49.60629921259842 175.1811023622047 25.79527559055118 20.125984251968504 Il
62.36220472440945 175.1811023622047 38.55118110236221 20.125984251968504 n’est
88.15748031496064 175.1811023622047 30.04724409448819 20.125984251968504 pas
105.44881889763779 175.1811023622047 25.79527559055118 20.125984251968504 du
118.20472440944881 175.1811023622047 34.2992125984252 20.125984251968504 tout
139.748031496063 175.1811023622047 43.08661417322835 20.125984251968504 facile
169.79527559055117 175.1811023622047 34.2992125984252 20.125984251968504 pour
191.33858267716536 175.1811023622047 25.79527559055118 20.125984251968504 un
204.09448818897638 175.1811023622047 34.2992125984252 20.125984251968504 jury
225.63779527559055 175.1811023622047 25.79527559055118 20.125984251968504 de
234.14173228346456 175.1811023622047 47.338582677165356 20.125984251968504 sélection

35.71653543307087 189.0708661417323 27.77952755905512 16.15748031496063 de
49.60629921259842 189.0708661417323 69.44881889763779 16.15748031496063 reconnaître
105.16535433070867 189.0708661417323 37.13385826771653 16.15748031496063 dans
128.40944881889763 189.0708661417323 69.44881889763779 16.15748031496063 l’excessive
183.96850393700788 189.0708661417323 55.55905511811024 16.15748031496063 jeunesse
225.63779527559055 189.0708661417323 37.13385826771653 16.15748031496063 d’un
244.06299212598427 189.0708661417323 37.13385826771653 16.15748031496063 artise

35.71653543307087 197.00787401574803 28.913385826771652 20.976377952755904 le
50.173228346456696 197.00787401574803 43.37007874015748 20.976377952755904 degré
79.08661417322834 197.00787401574803 28.913385826771652 20.976377952755904 de
93.54330708661418 197.00787401574803 57.826771653543304 20.976377952755904 maturité
136.91338582677164 197.00787401574803 77.10236220472441 20.976377952755904 généralement
199.2755905511811 197.00787401574803 43.37007874015748 20.976377952755904 exigé
228.18897637795277 197.00787401574803 38.55118110236221 20.976377952755904 pour
247.46456692913387 197.00787401574803 33.732283464566926 20.976377952755904 qu'il

35.1496062992126 208.3464566929134 63.496062992125985 17.291338582677167 participe
83.90551181102362 208.3464566929134 24.37795275590551 17.291338582677167 à
93.8267716535433 208.3464566929134 29.480314960629922 17.291338582677167 un
108.56692913385827 208.3464566929134 63.496062992125985 17.291338582677167 événement
152.50393700787401 208.3464566929134 78.23622047244095 17.291338582677167 international.

47.05511811023622 220.53543307086613 28.62992125984252 20.409448818897637 Au
61.511811023622045 220.53543307086613 66.89763779527559 20.409448818897637 contraire,
113.95275590551181 220.53543307086613 38.267716535433074 20.409448818897637 dans
137.76377952755905 220.53543307086613 52.44094488188976 20.409448818897637 l’envoi
176.03149606299212 220.53543307086613 28.62992125984252 20.409448818897637 du
190.20472440944883 220.53543307086613 66.89763779527559 20.409448818897637 Vénézuéla,
242.64566929133858 220.53543307086613 38.267716535433074 20.409448818897637 tout
261.9212598425197 220.53543307086613 18.992125984251967 20.409448818897637 en

35.71653543307087 233.85826771653544 64.91338582677166 17.291338582677167 respectant
86.45669291338582 233.85826771653544 27.77952755905512 17.291338582677167 la
100.62992125984252 233.85826771653544 46.20472440944882 17.291338582677167 limite
132.9448818897638 233.85826771653544 41.669291338582674 17.291338582677167 d’âge
160.7244094488189 233.85826771653544 41.669291338582674 17.291338582677167 fixée
188.50393700787401 233.85826771653544 37.13385826771653 17.291338582677167 pour
211.748031496063 233.85826771653544 27.77952755905512 17.291338582677167 la
225.63779527559055 233.85826771653544 55.55905511811024 17.291338582677167 Biennale
262.7716535433071 233.85826771653544 18.4251968503937 17.291338582677167 de

35.71653543307087 242.9291338582677 43.08661417322835 19.84251968503937 Paris,
65.76377952755905 242.9291338582677 25.79527559055118 19.84251968503937 on
78.51968503937007 242.9291338582677 21.543307086614174 19.84251968503937 a
87.30708661417323 242.9291338582677 38.55118110236221 19.84251968503937 évité
113.10236220472441 242.9291338582677 25.79527559055118 19.84251968503937 de
125.85826771653544 242.9291338582677 55.84251968503937 19.84251968503937 présenter
168.9448818897638 242.9291338582677 30.04724409448819 19.84251968503937 des
185.95275590551182 242.9291338582677 51.59055118110236 19.84251968503937 artistes
224.78740157480314 242.9291338582677 34.2992125984252 19.84251968503937 déjà
242.07874015748033 242.9291338582677 38.55118110236221 19.84251968503937 lancés.

35.1496062992126 253.98425196850394 28.346456692913385 18.992125984251967 Le
49.32283464566929 253.98425196850394 47.05511811023622 18.992125984251967 risque
82.48818897637796 253.98425196850394 37.7007874015748 18.992125984251967 pris
106.01574803149606 253.98425196850394 37.7007874015748 18.992125984251967 dans
129.54330708661416 253.98425196850394 42.51968503937008 18.992125984251967 cette
157.88976377952756 253.98425196850394 56.69291338582677 18.992125984251967 occasion
200.40944881889763 253.98425196850394 33.16535433070866 18.992125984251967 par
219.4015748031496 253.98425196850394 28.346456692913385 18.992125984251967 le
233.5748031496063 253.98425196850394 37.7007874015748 18.992125984251967 jury
252.28346456692913 253.98425196850394 28.346456692913385 18.992125984251967 quia

34.01574803149607 266.74015748031496 44.78740157480315 15.590551181102363 choisi
65.48031496062993 266.74015748031496 40.25196850393701 15.590551181102363 trois
92.40944881889764 266.74015748031496 53.85826771653543 15.590551181102363 artistes
132.66141732283464 266.74015748031496 71.71653543307086 15.590551181102363 vénézuéliens
190.77165354330708 266.74015748031496 31.46456692913386 15.590551181102363 des
208.62992125984252 266.74015748031496 58.110236220472444 15.590551181102363 dernières
248.88188976377953 266.74015748031496 31.46456692913386 15.590551181102363 géné-

34.2992125984252 277.2283464566929 51.30708661417323 17.007874015748033 rations
71.43307086614173 277.2283464566929 46.488188976377955 17.007874015748033 réside
104.03149606299213 277.2283464566929 37.13385826771653 17.007874015748033 dans
127.2755905511811 277.2283464566929 28.062992125984252 17.007874015748033 le
141.16535433070865 277.2283464566929 51.30708661417323 17.007874015748033 courage
178.58267716535434 277.2283464566929 28.062992125984252 17.007874015748033 de
192.4724409448819 277.2283464566929 55.84251968503937 17.007874015748033 proposer
234.4251968503937 277.2283464566929 28.062992125984252 17.007874015748033 au
243.7795275590551 277.2283464566929 37.13385826771653 17.007874015748033 public

33.732283464566926 286.5826771653543 59.24409448818898 18.4251968503937 européen
77.95275590551181 286.5826771653543 29.480314960629922 18.4251968503937 un
92.69291338582677 286.5826771653543 59.24409448818898 18.4251968503937 ensemble
137.1968503937008 286.5826771653543 59.24409448818898 18.4251968503937 d’œuvres
181.70078740157481 286.5826771653543 39.40157480314961 18.4251968503937 qui,
206.36220472440945 286.5826771653543 34.58267716535433 18.4251968503937 sur
226.20472440944883 286.5826771653543 29.480314960629922 18.4251968503937 le
240.9448818897638 286.5826771653543 39.40157480314961 18.4251968503937 plan
260.503937007874 286.5826771653543 19.84251968503937 18.4251968503937 du

34.01574803149607 297.6377952755906 50.173228346456696 15.590551181102363 langage
70.2992125984252 297.6377952755906 77.38582677165354 15.590551181102363 international
134.07874015748033 297.6377952755906 45.63779527559055 15.590551181102363 relève
166.11023622047244 297.6377952755906 27.212598425196852 15.590551181102363 la
179.71653543307087 297.6377952755906 59.24409448818898 15.590551181102363 recherche
225.0708661417323 297.6377952755906 41.10236220472441 15.590551181102363 d’une
248.03149606299212 297.6377952755906 31.748031496062993 15.590551181102363 iden-

32.881889763779526 308.9763779527559 39.118110236220474 16.15748031496063 tité,
58.960629921259844 308.9763779527559 39.118110236220474 16.15748031496063 d’une
84.75590551181102 308.9763779527559 60.661417322834644 16.15748031496063 expression
132.66141732283464 308.9763779527559 43.37007874015748 16.15748031496063 propre
162.99212598425197 308.9763779527559 21.826771653543307 16.15748031496063 à
171.49606299212599 308.9763779527559 56.40944881889764 16.15748031496063 l’artiste
214.86614173228347 308.9763779527559 30.330708661417322 16.15748031496063 Sud
227.90551181102362 308.9763779527559 52.15748031496063 16.15748031496063 Américain.

46.20472440944882 321.73228346456693 26.362204724409448 17.5748031496063 En
59.52755905511811 321.73228346456693 26.362204724409448 17.5748031496063 ce
72.85039370078741 321.73228346456693 39.68503937007874 17.5748031496063 sens,
99.21259842519684 321.73228346456693 26.362204724409448 17.5748031496063 la
112.53543307086615 321.73228346456693 53.00787401574803 17.5748031496063 peinture
152.2204724409449 321.73228346456693 53.00787401574803 17.5748031496063 d’Alirio
191.90551181102362 321.73228346456693 57.54330708661417 17.5748031496063 Rodriguez
231.8740157480315 321.73228346456693 48.47244094488189 17.5748031496063 constitue

33.16535433070866 334.48818897637796 32.59842519685039 16.15748031496063 une
51.59055118110236 334.48818897637796 69.73228346456693 16.15748031496063 affirmation
107.43307086614173 334.48818897637796 83.90551181102362 16.15748031496063 d’indépendance
177.4488188976378 334.48818897637796 37.13385826771653 16.15748031496063 face
200.69291338582678 334.48818897637796 32.59842519685039 16.15748031496063 aux
219.4015748031496 334.48818897637796 46.488188976377955 16.15748031496063 styles
247.1811023622047 334.48818897637796 32.59842519685039 16.15748031496063 euro-

32.881889763779526 343.5590551181102 41.10236220472441 15.023622047244094 péens
60.37795275590551 343.5590551181102 32.031496062992126 15.023622047244094 qui
78.51968503937007 343.5590551181102 32.031496062992126 15.023622047244094 ont
96.66141732283465 343.5590551181102 59.24409448818898 15.023622047244094 influencé
142.58267716535434 343.5590551181102 41.10236220472441 15.023622047244094 l’art
169.79527559055117 343.5590551181102 68.5984251968504 15.023622047244094 vénézuélien
224.78740157480314 343.5590551181102 27.496062992125985 15.023622047244094 de
238.39370078740157 343.5590551181102 32.031496062992126 15.023622047244094 ces
252.0 343.5590551181102 27.496062992125985 15.023622047244094 cin-

32.031496062992126 356.59842519685037 55.55905511811024 15.590551181102363 quantes
72.56692913385827 356.59842519685037 65.76377952755905 15.590551181102363 dernières
123.30708661417323 356.59842519685037 55.55905511811024 15.590551181102363 années.
163.55905511811022 356.59842519685037 35.43307086614173 15.590551181102363 Par
183.96850393700788 356.59842519685037 35.43307086614173 15.590551181102363 son
204.09448818897638 356.59842519685037 55.55905511811024 15.590551181102363 contenu
244.62992125984252 356.59842519685037 30.330708661417322 15.590551181102363 et
254.83464566929135 356.59842519685037 25.228346456692915 15.590551181102363 pai

32.031496062992126 367.93700787401576 32.31496062992126 13.88976377952756 ses
50.45669291338583 367.93700787401576 51.023622047244096 13.88976377952756 formes,
87.59055118110236 367.93700787401576 27.77952755905512 13.88976377952756 il
101.48031496062993 367.93700787401576 51.023622047244096 13.88976377952756 s’agit,
138.61417322834646 367.93700787401576 23.244094488188978 13.88976377952756 à
147.68503937007873 367.93700787401576 41.669291338582674 13.88976377952756 notre
175.748031496063 367.93700787401576 41.669291338582674 13.88976377952756 sens,
203.5275590551181 367.93700787401576 41.669291338582674 13.88976377952756 d’une
231.30708661417322 367.93700787401576 41.669291338582674 13.88976377952756 œuvre
254.5511811023622 367.93700787401576 32.31496062992126 13.88976377952756 sans»

31.748031496062993 376.4409448818898 72.85039370078741 16.15748031496063 antécédents
90.14173228346456 376.4409448818898 82.77165354330708 16.15748031496063 stylistiques,
158.17322834645668 376.4409448818898 38.83464566929134 16.15748031496063 mais
182.5511811023622 376.4409448818898 34.01574803149607 16.15748031496063 qui
201.82677165354332 376.4409448818898 63.21259842519685 16.15748031496063 cependant
250.58267716535434 376.4409448818898 29.19685039370079 16.15748031496063 ne
260.2204724409449 376.4409448818898 19.559055118110237 16.15748031496063 se

31.46456692913386 388.34645669291336 44.503937007874015 14.740157480314961 situe
60.94488188976378 388.34645669291336 34.58267716535433 14.740157480314961 pas
80.78740157480316 388.34645669291336 29.763779527559056 14.740157480314961 en
95.81102362204724 388.34645669291336 49.60629921259842 14.740157480314961 dehors
130.39370078740157 388.34645669291336 34.58267716535433 14.740157480314961 des
150.23622047244095 388.34645669291336 69.44881889763779 14.740157480314961 mouvements
204.9448818897638 388.34645669291336 59.52755905511811 14.740157480314961 actuels,
244.62992125984252 388.34645669291336 34.58267716535433 14.740157480314961 aussi

31.748031496062993 397.4173228346457 38.55118110236221 17.007874015748033 bien
55.84251968503937 397.4173228346457 28.913385826771652 17.007874015748033 au
70.2992125984252 397.4173228346457 62.645669291338585 17.007874015748033 Vénézuéla
118.48818897637796 397.4173228346457 38.55118110236221 17.007874015748033 qu’à
138.04724409448818 397.4173228346457 67.46456692913385 17.007874015748033 l’extérieur.

44.503937007874015 411.0236220472441 27.77952755905512 17.291338582677167 Il
58.39370078740158 411.0236220472441 32.31496062992126 17.291338582677167 est
76.81889763779527 411.0236220472441 55.275590551181104 17.291338582677167 possible
118.20472440944881 411.0236220472441 32.31496062992126 17.291338582677167 que
136.62992125984252 411.0236220472441 32.31496062992126 17.291338582677167 cet
155.0551181102362 411.0236220472441 46.20472440944882 17.291338582677167 effort
187.37007874015748 411.0236220472441 36.8503937007874 17.291338582677167 pour
210.33070866141733 411.0236220472441 64.62992125984252 17.291338582677167 transmuter
256.53543307086613 411.0236220472441 22.96062992125984 17.291338582677167 les

31.181102362204726 423.496062992126 53.574803149606296 13.606299212598426 valeurs
70.01574803149606 423.496062992126 73.13385826771653 13.606299212598426 spécifiques
128.40944881889763 423.496062992126 34.01574803149607 13.606299212598426 des
147.96850393700788 423.496062992126 73.13385826771653 13.606299212598426 autochtones
206.36220472440945 423.496062992126 34.01574803149607 13.606299212598426 sur
225.92125984251967 423.496062992126 29.19685039370079 13.606299212598426 le
240.66141732283464 423.496062992126 38.83464566929134 13.606299212598426 plan
259.93700787401576 423.496062992126 19.559055118110237 13.606299212598426 de

31.181102362204726 432.2834645669291 28.062992125984252 16.15748031496063 la
45.354330708661415 432.2834645669291 79.65354330708661 16.15748031496063 compréhension
110.83464566929133 432.2834645669291 70.2992125984252 16.15748031496063 universelle
167.24409448818898 432.2834645669291 37.41732283464567 16.15748031496063 soit
190.48818897637796 432.2834645669291 46.77165354330709 16.15748031496063 encore
218.5511811023622 432.2834645669291 60.94488188976378 16.15748031496063 inconscient

30.614173228346456 444.4724409448819 29.763779527559056 13.88976377952756 et
45.63779527559055 444.4724409448819 49.889763779527556 13.88976377952756 vague,
80.50393700787401 444.4724409448819 69.73228346456693 13.88976377952756 cependant,
135.21259842519686 444.4724409448819 39.68503937007874 13.88976377952756 nous
160.15748031496062 444.4724409448819 49.889763779527556 13.88976377952756 sommes
195.0236220472441 444.4724409448819 59.811023622047244 13.88976377952756 certains
239.81102362204723 444.4724409448819 34.86614173228347 13.88976377952756 que
254.5511811023622 444.4724409448819 24.944881889763778 13.88976377952756 les

30.89763779527559 456.37795275590554 48.75590551181102 11.905511811023622 œuvres
64.91338582677166 456.37795275590554 58.39370078740158 11.905511811023622 d’Alirio
108.85039370078741 456.37795275590554 63.21259842519685 11.905511811023622 Rodriguez
157.60629921259843 456.37795275590554 38.83464566929134 11.905511811023622 nous
181.70078740157481 456.37795275590554 53.574803149606296 11.905511811023622 amènent
220.8188976377953 456.37795275590554 24.37795275590551 11.905511811023622 à
230.45669291338584 456.37795275590554 34.01574803149607 11.905511811023622 une
245.1968503937008 456.37795275590554 34.01574803149607 11.905511811023622 prise

30.89763779527559 466.5826771653543 28.62992125984252 14.456692913385826 de
45.354330708661415 466.5826771653543 66.89763779527559 14.456692913385826 conscience
97.79527559055119 466.5826771653543 28.62992125984252 14.456692913385826 de
111.96850393700787 466.5826771653543 28.62992125984252 14.456692913385826 la
126.4251968503937 466.5826771653543 62.07874015748032 14.456692913385826 situation
174.04724409448818 466.5826771653543 33.44881889763779 14.456692913385826 que
193.03937007874015 466.5826771653543 62.07874015748032 14.456692913385826 l’artiste
236.1259842519685 466.5826771653543 42.803149606299215 14.456692913385826 latino-

30.04724409448819 478.20472440944883 66.04724409448819 13.039370078740157 américain
80.78740157480316 478.20472440944883 35.71653543307087 13.039370078740157 est
101.19685039370079 478.20472440944883 50.74015748031496 13.039370078740157 appelé
136.91338582677164 478.20472440944883 25.511811023622048 13.039370078740157 à
147.11811023622047 478.20472440944883 60.94488188976378 13.039370078740157 occuper,
192.75590551181102 478.20472440944883 50.74015748031496 13.039370078740157 chaque
228.4724409448819 478.20472440944883 40.818897637795274 13.039370078740157 fois
248.5984251968504 478.20472440944883 30.614173228346456 13.039370078740157 avec

30.614173228346456 488.40944881889766 34.86614173228347 11.622047244094489 une
50.74015748031496 488.40944881889766 39.68503937007874 11.622047244094489 plus
75.4015748031496 488.40944881889766 49.60629921259842 11.622047244094489 grande
110.26771653543307 488.40944881889766 64.62992125984252 11.622047244094489 lucidité,
159.8740157480315 488.40944881889766 39.68503937007874 11.622047244094489 dans
184.53543307086613 488.40944881889766 29.763779527559056 11.622047244094489 le
199.55905511811022 488.40944881889766 44.78740157480315 11.622047244094489 monde
224.2204724409449 488.40944881889766 54.70866141732284 11.622047244094489 contempo

26.078740157480315 496.34645669291336 32.031496062992126 13.606299212598426 rain.

42.803149606299215 511.65354330708664 32.31496062992126 15.023622047244094 La
58.960629921259844 511.65354330708664 64.62992125984252 15.023622047244094 présence
107.43307086614173 511.65354330708664 37.7007874015748 15.023622047244094 des
128.9763779527559 511.65354330708664 75.4015748031496 15.023622047244094 sculpteurs
187.93700787401573 511.65354330708664 48.47244094488189 15.023622047244094 Edgar
220.251968503937 511.65354330708664 59.24409448818898 15.023622047244094 Guinand
257.9527559055118 511.65354330708664 21.543307086614174 15.023622047244094 et

30.614173228346456 521.8582677165355 46.77165354330709 14.456692913385826 Carlos
63.496062992125985 521.8582677165355 46.77165354330709 14.456692913385826 Prada,
96.37795275590551 521.8582677165355 37.41732283464567 14.456692913385826 dont
119.90551181102362 521.8582677165355 42.23622047244095 14.456692913385826 l’âge
147.96850393700788 521.8582677165355 28.062992125984252 14.456692913385826 ne
162.14173228346456 521.8582677165355 51.59055118110236 14.456692913385826 dépasse
199.55905511811022 521.8582677165355 32.881889763779526 14.456692913385826 pas
218.26771653543307 521.8582677165355 28.062992125984252 14.456692913385826 22
232.44094488188978 521.8582677165355 37.41732283464567 14.456692913385826 ans,
251.1496062992126 521.8582677165355 28.062992125984252 14.456692913385826 obét

30.04724409448819 531.7795275590552 23.811023622047244 13.88976377952756 à
39.68503937007874 531.7795275590552 28.62992125984252 13.88976377952756 un
53.85826771653543 531.7795275590552 47.90551181102362 13.88976377952756 besoin
87.30708661417323 531.7795275590552 57.25984251968504 13.88976377952756 analogue
130.39370078740157 531.7795275590552 28.62992125984252 13.88976377952756 de
144.8503937007874 531.7795275590552 62.07874015748032 13.88976377952756 cohérence
192.4724409448819 531.7795275590552 28.62992125984252 13.88976377952756 et
202.11023622047244 531.7795275590552 76.53543307086615 13.88976377952756 d’auto-

29.19685039370079 544.8188976377953 43.37007874015748 13.606299212598426 tion.
58.110236220472444 544.8188976377953 28.913385826771652 13.606299212598426 La
72.56692913385827 544.8188976377953 62.645669291338585 13.606299212598426 sculpture
120.75590551181102 544.8188976377953 33.732283464566926 13.606299212598426 est
140.03149606299212 544.8188976377953 28.913385826771652 13.606299212598426 un
154.48818897637796 544.8188976377953 33.732283464566926 13.606299212598426 art
173.48031496062993 544.8188976377953 43.37007874015748 13.606299212598426 jeune
202.39370078740157 544.8188976377953 28.913385826771652 13.606299212598426 au
216.8503937007874 544.8188976377953 62.645669291338585 13.606299212598426 Vénézuéla
260.2204724409449 544.8188976377953 19.275590551181104 13.606299212598426 et

29.763779527559056 554.7401574803149 33.732283464566926 12.472440944881889 est
49.039370078740156 554.7401574803149 28.913385826771652 12.472440944881889 en
63.496062992125985 554.7401574803149 47.90551181102362 12.472440944881889 pleine
96.94488188976378 554.7401574803149 38.55118110236221 12.472440944881889 voie
121.03937007874016 554.7401574803149 28.913385826771652 12.472440944881889 de
135.49606299212599 554.7401574803149 86.45669291338582 12.472440944881889 développement;
207.49606299212599 554.7401574803149 33.732283464566926 12.472440944881889 sur
226.77165354330708 554.7401574803149 43.08661417322835 12.472440944881889 cette
250.58267716535434 554.7401574803149 28.913385826771652 12.472440944881889 voie

29.763779527559056 566.9291338582677 63.496062992125985 12.472440944881889 s’élèvent
78.51968503937007 566.9291338582677 34.2992125984252 12.472440944881889 des
98.07874015748031 566.9291338582677 63.496062992125985 12.472440944881889 obstacles
147.11811023622047 566.9291338582677 34.2992125984252 12.472440944881889 que
166.6771653543307 566.9291338582677 29.480314960629922 12.472440944881889 la
181.41732283464566 566.9291338582677 58.67716535433071 12.472440944881889 nouvelle
220.53543307086613 566.9291338582677 58.67716535433071 12.472440944881889 génération

29.763779527559056 576.8503937007874 57.826771653543304 12.472440944881889 s’efforce
74.26771653543307 576.8503937007874 26.64566929133858 12.472440944881889 de
87.59055118110236 576.8503937007874 57.826771653543304 12.472440944881889 surmonter
132.09448818897638 576.8503937007874 31.181102362204726 12.472440944881889 par
149.66929133858267 576.8503937007874 26.64566929133858 12.472440944881889 un
163.2755905511811 576.8503937007874 48.75590551181102 12.472440944881889 travail
198.70866141732284 576.8503937007874 48.75590551181102 12.472440944881889 assidu.
234.14173228346456 576.8503937007874 26.64566929133858 12.472440944881889 La
243.21259842519686 576.8503937007874 35.43307086614173 12.472440944881889 parti-

29.480314960629922 585.9212598425197 56.69291338582677 13.039370078740157 cipation
72.0 585.9212598425197 28.346456692913385 13.039370078740157 de
86.1732283464567 585.9212598425197 32.881889763779526 13.039370078740157 ces
105.16535433070867 585.9212598425197 37.7007874015748 13.039370078740157 deux
128.69291338582678 585.9212598425197 47.05511811023622 13.039370078740157 jeunes
161.5748031496063 585.9212598425197 66.04724409448819 13.039370078740157 sculpteurs
213.4488188976378 585.9212598425197 23.52755905511811 13.039370078740157 à
222.8031496062992 585.9212598425197 28.346456692913385 13.039370078740157 la
232.44094488188978 585.9212598425197 47.05511811023622 13.039370078740157 Biennale

29.480314960629922 598.1102362204724 29.480314960629922 16.440944881889763 de
44.22047244094488 598.1102362204724 43.93700787401575 16.440944881889763 Paris
73.41732283464567 598.1102362204724 39.118110236220474 16.440944881889763 sera
97.79527559055119 598.1102362204724 29.480314960629922 16.440944881889763 un
112.53543307086615 598.1102362204724 83.05511811023622 16.440944881889763 encouragement
181.13385826771653 598.1102362204724 39.118110236220474 16.440944881889763 pour
205.51181102362204 598.1102362204724 39.118110236220474 16.440944881889763 tous
229.88976377952756 598.1102362204724 34.2992125984252 16.440944881889763 les
244.62992125984252 598.1102362204724 34.2992125984252 16.440944881889763 créa-

28.62992125984252 606.8976377952756 45.07086614173228 17.291338582677167 teurs
53.85826771653543 606.8976377952756 74.83464566929133 17.291338582677167 Vénézuéliens.

201.25984251968504 620.503937007874 43.08661417322835 17.007874015748033 Carlos
231.30708661417322 620.503937007874 34.58267716535433 17.007874015748033 Cruz
248.5984251968504 620.503937007874 30.330708661417322 17.007874015748033 Diez.
