320.88188976377955 672.6614173228346
96.37795275590551 13.88976377952756 107.43307086614173 23.52755905511811 ÉDITION
180.56692913385828 13.88976377952756 45.92125984251968 23.52755905511811 DE
195.8740157480315 13.88976377952756 107.43307086614173 23.52755905511811 GRAVURES

39.68503937007874 177.73228346456693 42.51968503937008 18.141732283464567 Quatre
69.44881889763779 177.73228346456693 51.023622047244096 18.141732283464567 graveurs
107.71653543307086 177.73228346456693 29.763779527559056 18.141732283464567 ont
124.7244094488189 177.73228346456693 29.763779527559056 18.141732283464567 été
141.73228346456693 177.73228346456693 51.023622047244096 18.141732283464567 désignés
180.0 177.73228346456693 34.01574803149607 18.141732283464567 pour
201.25984251968504 177.73228346456693 51.023622047244096 18.141732283464567 exécuter
239.5275590551181 177.73228346456693 42.51968503937008 18.141732283464567 chacun
265.03937007874015 177.73228346456693 21.25984251968504 18.141732283464567 une

39.968503937007874 186.51968503937007 41.669291338582674 20.125984251968504 planche
70.2992125984252 186.51968503937007 26.64566929133858 20.125984251968504 qui
85.32283464566929 186.51968503937007 30.330708661417322 20.125984251968504 sera
104.31496062992126 186.51968503937007 34.2992125984252 20.125984251968504 tirée
127.2755905511811 186.51968503937007 22.677165354330707 20.125984251968504 au
138.61417322834646 186.51968503937007 34.2992125984252 20.125984251968504 cours
161.29133858267716 186.51968503937007 22.677165354330707 20.125984251968504 de
172.62992125984252 186.51968503937007 22.677165354330707 20.125984251968504 la
183.96850393700788 186.51968503937007 45.63779527559055 20.125984251968504 Biennale
218.26771653543307 186.51968503937007 37.98425196850393 20.125984251968504 devant
244.91338582677164 186.51968503937007 22.677165354330707 20.125984251968504 le
252.28346456692913 186.51968503937007 34.2992125984252 20.125984251968504 public.

39.968503937007874 195.8740157480315 31.46456692913386 19.559055118110237 sous
59.52755905511811 195.8740157480315 23.52755905511811 19.559055118110237 la
71.43307086614173 195.8740157480315 51.023622047244096 19.559055118110237 direction
110.55118110236221 195.8740157480315 23.52755905511811 19.559055118110237 de
122.1732283464567 195.8740157480315 39.118110236220474 19.559055118110237 J.J.J.
149.66929133858267 195.8740157480315 35.1496062992126 19.559055118110237 Rigal
173.1968503937008 195.8740157480315 43.08661417322835 19.559055118110237 assisté
204.66141732283464 195.8740157480315 23.52755905511811 19.559055118110237 de
216.28346456692913 195.8740157480315 23.52755905511811 19.559055118110237 G.
228.18897637795277 195.8740157480315 47.05511811023622 19.559055118110237 Gerbault
263.33858267716533 195.8740157480315 23.52755905511811 19.559055118110237 et
271.2755905511811 195.8740157480315 15.590551181102363 19.559055118110237 de

40.53543307086614 210.89763779527559 23.52755905511811 15.590551181102363 P.
52.44094488188976 210.89763779527559 43.08661417322835 15.590551181102363 Degouy.
83.62204724409449 210.89763779527559 23.52755905511811 15.590551181102363 Ce
91.55905511811024 210.89763779527559 27.496062992125985 15.590551181102363 sont:

40.818897637795274 235.84251968503938 59.52755905511811 19.84251968503937 Christian
89.00787401574803 235.84251968503938 59.52755905511811 19.84251968503937 FOSSIER
137.48031496062993 235.84251968503938 22.393700787401574 19.84251968503937 né
148.53543307086613 235.84251968503938 22.393700787401574 19.84251968503937 en
159.59055118110237 235.84251968503938 29.763779527559056 19.84251968503937 1943
178.29921259842519 235.84251968503938 18.708661417322833 19.84251968503937 à
185.66929133858267 235.84251968503938 33.44881889763779 19.84251968503937 Paris
204.3779527559055 235.84251968503938 40.818897637795274 19.84251968503937 (France).

40.25196850393701 250.29921259842519 58.110236220472444 23.811023622047244 Enrique
85.88976377952756 250.29921259842519 37.41732283464567 23.811023622047244 MARIN
110.83464566929133 250.29921259842519 62.07874015748032 23.811023622047244 MUNOZ,
160.7244094488189 250.29921259842519 24.944881889763778 23.811023622047244 né
172.91338582677164 250.29921259842519 24.944881889763778 23.811023622047244 en
185.38582677165354 250.29921259842519 33.16535433070866 23.811023622047244 1935
206.07874015748033 250.29921259842519 20.69291338582677 23.811023622047244 à
214.58267716535434 250.29921259842519 45.63779527559055 23.811023622047244 Séville
243.49606299212599 250.29921259842519 45.63779527559055 23.811023622047244 (Espagne)

39.968503937007874 269.29133858267716 65.76377952755905 18.4251968503937 Michèle
91.84251968503936 269.29133858267716 112.81889763779527 18.4251968503937 NEDELEC-OUBRERIE
190.48818897637796 269.29133858267716 32.881889763779526 18.4251968503937 née
209.1968503937008 269.29133858267716 28.062992125984252 18.4251968503937 en
223.37007874015748 269.29133858267716 37.7007874015748 18.4251968503937 1931
246.89763779527559 269.29133858267716 23.52755905511811 18.4251968503937 à
251.43307086614172 269.29133858267716 37.7007874015748 18.4251968503937 Angers

37.41732283464567 286.5826771653543 40.818897637795274 13.606299212598426 (France).

40.818897637795274 295.65354330708664 65.76377952755905 18.141732283464567 Krystyna
93.25984251968504 295.65354330708664 87.59055118110236 18.141732283464567 SMIECHOWSKA
167.81102362204723 295.65354330708664 30.614173228346456 18.141732283464567 née
185.10236220472441 295.65354330708664 26.362204724409448 18.141732283464567 en
198.4251968503937 295.65354330708664 35.1496062992126 18.141732283464567 1935
220.251968503937 295.65354330708664 21.826771653543307 18.141732283464567 à
229.03937007874015 295.65354330708664 52.44094488188976 18.141732283464567 Cracovie
263.90551181102364 295.65354330708664 26.362204724409448 18.141732283464567 (Po

37.41732283464567 312.9448818897638 32.881889763779526 12.755905511811024 logne).

41.669291338582674 356.0314960629921 28.913385826771652 18.708661417322833 Ces
58.110236220472444 356.0314960629921 49.32283464566929 18.708661417322833 gravures
94.96062992125984 356.0314960629921 41.10236220472441 18.708661417322833 seront
123.8740157480315 356.0314960629921 41.10236220472441 18.708661417322833 tirées
152.50393700787401 356.0314960629921 20.69291338582677 18.708661417322833 à
160.7244094488189 356.0314960629921 28.913385826771652 18.708661417322833 150
177.16535433070865 356.0314960629921 61.79527559055118 18.708661417322833 exemplaires
226.48818897637796 356.0314960629921 57.54330708661417 18.708661417322833 numérotés,
267.59055118110234 356.0314960629921 24.661417322834644 18.708661417322833 dont

41.10236220472441 369.6377952755906 29.19685039370079 14.740157480314961 140
57.826771653543304 369.6377952755906 29.19685039370079 14.740157480314961 sur
74.55118110236221 369.6377952755906 37.7007874015748 14.740157480314961 vélin
99.77952755905511 369.6377952755906 25.228346456692915 14.740157480314961 de
112.25196850393701 369.6377952755906 50.173228346456696 14.740157480314961 Hollande
149.95275590551182 369.6377952755906 29.19685039370079 14.740157480314961 des
166.96062992125985 369.6377952755906 58.67716535433071 14.740157480314961 papeteries
212.88188976377953 369.6377952755906 46.20472440944882 14.740157480314961 Royales
246.33070866141733 369.6377952755906 29.19685039370079 14.740157480314961 Van
259.0866141732283 369.6377952755906 33.44881889763779 14.740157480314961 Gelder

40.53543307086614 379.5590551181102 40.53543307086614 13.88976377952756 Zonen
67.46456692913385 379.5590551181102 67.46456692913385 13.88976377952756 d’Amsterdam
121.60629921259843 379.5590551181102 67.46456692913385 13.88976377952756 (papeteries
175.748031496063 379.5590551181102 26.929133858267715 13.88976377952756 de
189.35433070866142 379.5590551181102 72.0 13.88976377952756 Montevrain),
243.21259842519686 379.5590551181102 49.60629921259842 13.88976377952756 numérotés

41.38582677165354 387.21259842519686 23.244094488188978 15.874015748031496 de
53.00787401574803 387.21259842519686 19.275590551181104 15.874015748031496 1
60.661417322834644 387.21259842519686 19.275590551181104 15.874015748031496 à
68.5984251968504 387.21259842519686 26.929133858267715 15.874015748031496 140
83.90551181102362 387.21259842519686 23.244094488188978 15.874015748031496 et
95.5275590551181 387.21259842519686 23.244094488188978 15.874015748031496 10
107.14960629921259 387.21259842519686 42.51968503937008 15.874015748031496 tirages
138.04724409448818 387.21259842519686 23.244094488188978 15.874015748031496 de
149.38582677165354 387.21259842519686 30.89763779527559 15.874015748031496 tête
168.9448818897638 387.21259842519686 26.929133858267715 15.874015748031496 sur
184.251968503937 387.21259842519686 38.55118110236221 15.874015748031496 papier
211.1811023622047 387.21259842519686 23.244094488188978 15.874015748031496 du
222.8031496062992 387.21259842519686 38.55118110236221 15.874015748031496 Moulin
249.73228346456693 387.21259842519686 23.244094488188978 15.874015748031496 de
257.6692913385827 387.21259842519686 34.58267716535433 15.874015748031496 Richard

41.38582677165354 400.81889763779526 23.811023622047244 12.472440944881889 de
53.29133858267716 400.81889763779526 31.748031496062993 12.472440944881889 Bas,
73.13385826771653 400.81889763779526 51.59055118110236 12.472440944881889 numérotés
112.53543307086615 400.81889763779526 23.811023622047244 12.472440944881889 de
124.44094488188976 400.81889763779526 19.84251968503937 12.472440944881889 A
132.3779527559055 400.81889763779526 19.84251968503937 12.472440944881889 à
136.3464566929134 400.81889763779526 15.874015748031496 12.472440944881889 J.

41.669291338582674 412.15748031496065 29.763779527559056 17.007874015748033 Ces
58.67716535433071 412.15748031496065 51.30708661417323 17.007874015748033 gravures
97.22834645669292 412.15748031496065 42.803149606299215 17.007874015748033 seront
126.99212598425197 412.15748031496065 47.05511811023622 17.007874015748033 vendues
161.29133858267716 412.15748031496065 47.05511811023622 17.007874015748033 pendant
195.30708661417322 412.15748031496065 25.511811023622048 17.007874015748033 le
208.3464566929134 412.15748031496065 34.2992125984252 17.007874015748033 mois
229.60629921259843 412.15748031496065 25.511811023622048 17.007874015748033 de
242.36220472440945 412.15748031496065 25.511811023622048 17.007874015748033 la
250.86614173228347 412.15748031496065 42.803149606299215 17.007874015748033 Biennale

41.669291338582674 427.46456692913387 19.559055118110237 11.905511811023622 à
49.60629921259842 427.46456692913387 27.212598425196852 11.905511811023622 des
65.19685039370079 427.46456692913387 31.181102362204726 11.905511811023622 prix
84.75590551181102 427.46456692913387 85.88976377952756 11.905511811023622 exceptionnellement
154.77165354330708 427.46456692913387 23.52755905511811 11.905511811023622 bas.

41.95275590551181 438.23622047244095 24.944881889763778 17.5748031496063 La
54.425196850393704 438.23622047244095 49.60629921259842 17.5748031496063 deuxième
91.84251968503936 438.23622047244095 24.944881889763778 17.5748031496063 et
104.31496062992126 438.23622047244095 24.944881889763778 17.5748031496063 la
116.50393700787401 438.23622047244095 53.85826771653543 17.5748031496063 troisième
158.17322834645668 438.23622047244095 49.60629921259842 17.5748031496063 Biennale
195.30708661417322 438.23622047244095 24.944881889763778 17.5748031496063 de
207.7795275590551 438.23622047244095 37.41732283464567 17.5748031496063 Paris
232.7244094488189 438.23622047244095 45.63779527559055 17.5748031496063 avaient
261.6377952755906 438.23622047244095 33.16535433070866 17.5748031496063 publié

41.38582677165354 452.12598425196853 32.31496062992126 12.188976377952756 une
59.811023622047244 452.12598425196853 41.38582677165354 12.188976377952756 série
87.30708661417323 452.12598425196853 64.34645669291339 12.188976377952756 comportant
138.04724409448818 452.12598425196853 32.31496062992126 12.188976377952756 des
156.4724409448819 452.12598425196853 45.92125984251968 12.188976377952756 œuvres
188.50393700787401 452.12598425196853 27.496062992125985 12.188976377952756 de
202.39370078740157 452.12598425196853 45.92125984251968 12.188976377952756 Ronald
234.70866141732284 452.12598425196853 45.92125984251968 12.188976377952756 Abram,
262.20472440944883 452.12598425196853 32.31496062992126 12.188976377952756 Jean-

42.23622047244095 458.0787401574803 36.8503937007874 15.307086614173228 Marie
66.61417322834646 458.0787401574803 53.00787401574803 15.307086614173228 Albagnac.
107.43307086614173 458.0787401574803 36.8503937007874 15.307086614173228 Tuvia
131.81102362204723 458.0787401574803 40.818897637795274 15.307086614173228 Berri,
160.44094488188978 458.0787401574803 36.8503937007874 15.307086614173228 Paolo
184.8188976377953 458.0787401574803 36.8503937007874 15.307086614173228 Boni,
209.48031496062993 458.0787401574803 32.59842519685039 15.307086614173228 Yves
229.88976377952756 458.0787401574803 44.78740157480315 15.307086614173228 Jobert.
258.23622047244095 458.0787401574803 36.8503937007874 15.307086614173228 Barbara

41.95275590551181 468.2834645669291 75.11811023622047 14.173228346456693 Kwasniewska,
103.18110236220473 468.2834645669291 51.59055118110236 14.173228346456693 Voshiko
140.5984251968504 468.2834645669291 42.23622047244095 14.173228346456693 Noma,
168.66141732283464 468.2834645669291 37.41732283464567 14.173228346456693 Jean
192.18897637795277 468.2834645669291 60.94488188976378 14.173228346456693 Peschard,
238.96062992125985 468.2834645669291 46.77165354330709 14.173228346456693 Arthur
267.3070866141732 468.2834645669291 28.062992125984252 14.173228346456693 Piza

42.23622047244095 477.3543307086614 24.094488188976378 15.590551181102363 et
54.14173228346457 477.3543307086614 44.22047244094488 15.590551181102363 Eugénio
86.45669291338582 477.3543307086614 44.22047244094488 15.590551181102363 Tellez.
118.48818897637796 477.3543307086614 24.094488188976378 15.590551181102363 Il
130.6771653543307 477.3543307086614 36.28346456692913 15.590551181102363 reste
154.77165354330708 477.3543307086614 48.188976377952756 15.590551181102363 quelques
190.77165354330708 477.3543307086614 60.37795275590551 15.590551181102363 exemplaires
239.24409448818898 477.3543307086614 24.094488188976378 15.590551181102363 de
251.1496062992126 477.3543307086614 36.28346456692913 15.590551181102363 cette
271.2755905511811 477.3543307086614 24.094488188976378 15.590551181102363 col-

41.95275590551181 486.1417322834646 48.188976377952756 15.590551181102363 lection
76.81889763779527 486.1417322834646 30.614173228346456 15.590551181102363 qui
94.39370078740157 486.1417322834646 48.188976377952756 15.590551181102363 peuvent
129.54330708661416 486.1417322834646 35.1496062992126 15.590551181102363 être
151.37007874015748 486.1417322834646 43.93700787401575 15.590551181102363 acquis
182.26771653543307 486.1417322834646 26.362204724409448 15.590551181102363 au
195.30708661417322 486.1417322834646 39.40157480314961 15.590551181102363 Musée
221.66929133858267 486.1417322834646 39.40157480314961 15.590551181102363 d’Art
248.03149606299212 486.1417322834646 48.188976377952756 15.590551181102363 Moderne
278.6456692913386 486.1417322834646 17.5748031496063 15.590551181102363 de

43.08661417322835 500.31496062992125 21.25984251968504 14.456692913385826 la
53.85826771653543 500.31496062992125 32.031496062992126 14.456692913385826 Ville
75.4015748031496 500.31496062992125 21.25984251968504 14.456692913385826 de
85.88976377952756 500.31496062992125 32.031496062992126 14.456692913385826 Paris
107.43307086614173 500.31496062992125 21.25984251968504 14.456692913385826 et
117.92125984251969 500.31496062992125 17.858267716535433 14.456692913385826 à
125.29133858267717 500.31496062992125 21.25984251968504 14.456692913385826 la
135.7795275590551 500.31496062992125 46.20472440944882 14.456692913385826 librairie
171.49606299212599 500.31496062992125 21.25984251968504 14.456692913385826 La
178.58267716535434 500.31496062992125 24.944881889763778 14.456692913385826 Hune.
