307.84251968503935 672.6614173228346
55.55905511811024 24.944881889763778 76.81889763779527 19.559055118110237 PRIX
111.68503937007874 24.944881889763778 49.039370078740156 19.559055118110237 DES
139.46456692913387 24.944881889763778 69.73228346456693 19.559055118110237 JEUNES
181.41732283464566 24.944881889763778 97.79527559055119 19.559055118110237 ARTISTES

56.40944881889764 117.07086614173228 32.881889763779526 20.409448818897637 Créé
76.81889763779527 117.07086614173228 28.62992125984252 20.409448818897637 sur
93.25984251968504 117.07086614173228 65.48031496062993 20.409448818897637 l’initiative
146.26771653543307 117.07086614173228 24.661417322834644 20.409448818897637 de
158.74015748031496 117.07086614173228 24.661417322834644 20.409448818897637 M.
170.9291338582677 117.07086614173228 36.8503937007874 20.409448818897637 André
195.59055118110237 117.07086614173228 49.039370078740156 20.409448818897637 Malraux,
232.44094488188978 117.07086614173228 49.039370078740156 20.409448818897637 Ministre
265.03937007874015 117.07086614173228 32.881889763779526 20.409448818897637 d’Etat

56.40944881889764 127.55905511811024 37.13385826771653 19.275590551181104 Chargé
82.48818897637796 127.55905511811024 26.078740157480315 19.275590551181104 des
97.22834645669292 127.55905511811024 44.78740157480315 19.275590551181104 Affaires
130.96062992125985 127.55905511811024 59.52755905511811 19.275590551181104 Culturelles,
179.43307086614172 127.55905511811024 22.393700787401574 19.275590551181104 le
190.48818897637796 127.55905511811024 29.763779527559056 19.275590551181104 Prix
209.1968503937008 127.55905511811024 26.078740157480315 19.275590551181104 des
223.93700787401573 127.55905511811024 37.13385826771653 19.275590551181104 Jeunes
250.01574803149606 127.55905511811024 44.78740157480315 19.275590551181104 Artistes
279.7795275590551 127.55905511811024 18.708661417322833 19.275590551181104 aéé

54.99212598425197 138.04724409448818 45.354330708661415 17.858267716535433 décerné
88.15748031496064 138.04724409448818 24.661417322834644 17.858267716535433 en
100.62992125984252 138.04724409448818 32.881889763779526 17.858267716535433 1961
121.03937007874016 138.04724409448818 24.661417322834644 17.858267716535433 et
133.51181102362204 138.04724409448818 24.661417322834644 17.858267716535433 en
145.98425196850394 138.04724409448818 32.881889763779526 17.858267716535433 1963
166.39370078740157 138.04724409448818 32.881889763779526 17.858267716535433 dans
187.08661417322836 138.04724409448818 24.661417322834644 17.858267716535433 le
199.55905511811022 138.04724409448818 37.13385826771653 17.858267716535433 cadre
224.2204724409449 138.04724409448818 24.661417322834644 17.858267716535433 de
236.69291338582678 138.04724409448818 24.661417322834644 17.858267716535433 la
248.88188976377953 138.04724409448818 49.60629921259842 17.858267716535433 Deuxième
282.0472440944882 138.04724409448818 16.440944881889763 17.858267716535433 et

54.99212598425197 145.13385826771653 24.094488188976378 18.992125984251967 de
66.89763779527559 145.13385826771653 24.094488188976378 18.992125984251967 la
79.08661417322834 145.13385826771653 52.15748031496063 18.992125984251967 Troisième
119.33858267716535 145.13385826771653 52.15748031496063 18.992125984251967 Biennales
159.30708661417322 145.13385826771653 24.094488188976378 18.992125984251967 de
171.49606299212599 145.13385826771653 36.28346456692913 18.992125984251967 Paris
195.59055118110237 145.13385826771653 24.094488188976378 18.992125984251967 de
207.7795275590551 145.13385826771653 24.094488188976378 18.992125984251967 la
219.68503937007873 145.13385826771653 36.28346456692913 18.992125984251967 façon
239.81102362204723 145.13385826771653 44.22047244094488 18.992125984251967 suivante:

56.125984251968504 159.30708661417322 26.64566929133858 18.992125984251967 Les
71.14960629921259 159.30708661417322 49.32283464566929 18.992125984251967 exposants
109.13385826771653 159.30708661417322 45.63779527559055 18.992125984251967 français
143.43307086614172 159.30708661417322 41.669291338582674 18.992125984251967 avaient
173.76377952755905 159.30708661417322 26.64566929133858 18.992125984251967 été
188.78740157480314 159.30708661417322 41.669291338582674 18.992125984251967 invités
219.4015748031496 159.30708661417322 18.992125984251967 18.992125984251967 à
226.77165354330708 159.30708661417322 45.63779527559055 18.992125984251967 désigner
261.07086614173227 159.30708661417322 22.677165354330707 18.992125984251967 un
268.7244094488189 159.30708661417322 30.330708661417322 18.992125984251967 artise

54.70866141732284 170.64566929133858 36.0 17.5748031496063 parmi
78.51968503937007 170.64566929133858 28.062992125984252 17.5748031496063 les
94.67716535433071 170.64566929133858 51.874015748031496 17.5748031496063 exposants
134.64566929133858 170.64566929133858 55.84251968503937 17.5748031496063 étrangers;
178.58267716535434 170.64566929133858 24.094488188976378 17.5748031496063 et
190.48818897637796 170.64566929133858 28.062992125984252 17.5748031496063 les
206.36220472440945 170.64566929133858 51.874015748031496 17.5748031496063 exposants
246.33070866141733 170.64566929133858 51.874015748031496 17.5748031496063 étrangers
282.3307086614173 170.64566929133858 15.874015748031496 17.5748031496063 se

54.425196850393704 180.8503937007874 44.22047244094488 16.15748031496063 trouvant
87.59055118110236 180.8503937007874 18.4251968503937 16.15748031496063 à
94.96062992125984 180.8503937007874 36.8503937007874 16.15748031496063 Paris,
120.75590551181102 180.8503937007874 40.53543307086614 16.15748031496063 avaient
150.23622047244095 180.8503937007874 25.79527559055118 16.15748031496063 été
164.9763779527559 180.8503937007874 40.53543307086614 16.15748031496063 invités
194.74015748031496 180.8503937007874 18.4251968503937 16.15748031496063 à
202.11023622047244 180.8503937007874 44.22047244094488 16.15748031496063 désigner
235.2755905511811 180.8503937007874 22.11023622047244 16.15748031496063 un
246.33070866141733 180.8503937007874 40.53543307086614 16.15748031496063 artiste
272.12598425196853 180.8503937007874 25.79527559055118 16.15748031496063 parmi

54.14173228346457 188.50393700787401 28.913385826771652 14.456692913385826 les
70.86614173228347 188.50393700787401 53.85826771653543 14.456692913385826 exposants
108.0 188.50393700787401 45.63779527559055 14.456692913385826 français.

54.14173228346457 199.2755905511811 24.37795275590551 19.275590551181104 Ce
66.33070866141732 199.2755905511811 32.59842519685039 19.275590551181104 prix
86.74015748031496 199.2755905511811 56.976377952755904 19.275590551181104 consistait
131.5275590551181 199.2755905511811 32.59842519685039 19.275590551181104 pour
151.93700787401573 199.2755905511811 40.818897637795274 19.275590551181104 chacun
180.28346456692913 199.2755905511811 28.62992125984252 19.275590551181104 des
196.7244094488189 199.2755905511811 48.75590551181102 19.275590551181104 lauréats
233.29133858267716 199.2755905511811 24.37795275590551 19.275590551181104 en
245.48031496062993 199.2755905511811 28.62992125984252 19.275590551181104 une
261.9212598425197 199.2755905511811 36.56692913385827 19.275590551181104 somme
282.3307086614173 199.2755905511811 16.15748031496063 19.275590551181104 de

53.29133858267716 211.46456692913387 33.732283464566926 16.440944881889763 2500
74.26771653543307 211.46456692913387 25.228346456692915 16.440944881889763 F.
87.02362204724409 211.46456692913387 46.20472440944882 16.440944881889763 l’achat
120.4724409448819 211.46456692913387 37.7007874015748 16.440944881889763 d’une
145.70078740157481 211.46456692913387 37.7007874015748 16.440944881889763 œuvre
170.9291338582677 211.46456692913387 46.20472440944882 16.440944881889763 jusqu’à
204.66141732283464 211.46456692913387 62.92913385826772 16.440944881889763 concurrence
255.11811023622047 211.46456692913387 25.228346456692915 16.440944881889763 de
263.33858267716533 211.46456692913387 33.732283464566926 16.440944881889763 2000r.

53.574803149606296 222.23622047244095 23.811023622047244 14.740157480314961 et
65.48031496062993 222.23622047244095 27.77952755905512 14.740157480314961 une
81.35433070866142 222.23622047244095 55.84251968503937 14.740157480314961 exposition
125.29133858267717 222.23622047244095 31.748031496062993 14.740157480314961 dans
145.13385826771653 222.23622047244095 23.811023622047244 14.740157480314961 le
157.03937007874015 222.23622047244095 35.71653543307087 14.740157480314961 cadre
180.8503937007874 222.23622047244095 23.811023622047244 14.740157480314961 de
192.75590551181102 222.23622047244095 23.811023622047244 14.740157480314961 la
204.66141732283464 222.23622047244095 47.62204724409449 14.740157480314961 Biennale
236.69291338582678 222.23622047244095 43.653543307086615 14.740157480314961 suivante.

53.574803149606296 256.53543307086613 27.77952755905512 18.4251968503937 Les
69.44881889763779 256.53543307086613 47.90551181102362 18.4251968503937 lauréats
105.44881889763779 256.53543307086613 23.811023622047244 18.4251968503937 de
117.35433070866142 256.53543307086613 23.811023622047244 18.4251968503937 la
129.25984251968504 256.53543307086613 51.874015748031496 18.4251968503937 troisième
169.22834645669292 256.53543307086613 47.90551181102362 18.4251968503937 Biennale
204.9448818897638 256.53543307086613 23.811023622047244 18.4251968503937 de
216.8503937007874 256.53543307086613 35.71653543307087 18.4251968503937 Paris
240.9448818897638 256.53543307086613 27.77952755905512 18.4251968503937 ont
252.8503937007874 256.53543307086613 23.811023622047244 18.4251968503937 été:

52.724409448818896 274.3937007874016 45.92125984251968 18.141732283464567 Allen
87.30708661417323 274.3937007874016 49.889763779527556 18.141732283464567 JONES
125.85826771653544 274.3937007874016 84.4724409448819 18.141732283464567 (Grande-Bretagne),
198.70866141732284 274.3937007874016 42.23622047244095 18.141732283464567 désigné
229.3228346456693 274.3937007874016 26.929133858267715 18.141732283464567 par
244.62992125984252 274.3937007874016 26.929133858267715 18.141732283464567 les
256.251968503937 274.3937007874016 42.23622047244095 18.141732283464567 exposants

48.188976377952756 284.59842519685037 44.78740157480315 13.606299212598426 français.

53.00787401574803 295.0866141732283 51.30708661417323 19.559055118110237 Michel
92.69291338582677 295.0866141732283 75.11811023622047 19.559055118110237 CHARPENTIER
155.90551181102362 295.0866141732283 51.30708661417323 19.559055118110237 (France),
195.30708661417322 295.0866141732283 43.37007874015748 19.559055118110237 désigné
227.0551181102362 295.0866141732283 27.77952755905512 19.559055118110237 par
242.9291338582677 295.0866141732283 27.77952755905512 19.559055118110237 les
254.83464566929135 295.0866141732283 43.37007874015748 19.559055118110237 exposants

47.90551181102362 308.12598425196853 50.74015748031496 13.039370078740157 étrangers.

51.59055118110236 338.45669291338584 31.181102362204726 15.023622047244094 Une
69.44881889763779 338.45669291338584 49.039370078740156 15.023622047244094 mention
105.16535433070867 338.45669291338584 22.393700787401574 15.023622047244094 a
114.23622047244095 338.45669291338584 31.181102362204726 15.023622047244094 été
132.09448818897638 338.45669291338584 53.574803149606296 15.023622047244094 décernée
172.3464566929134 338.45669291338584 22.393700787401574 15.023622047244094 à
176.88188976377953 338.45669291338584 13.32283464566929 15.023622047244094 :

51.30708661417323 356.31496062992125 45.63779527559055 14.740157480314961 Anna
84.4724409448819 356.31496062992125 45.63779527559055 14.740157480314961 Letycia
117.63779527559055 356.31496062992125 62.07874015748032 14.740157480314961 QUADROS
162.99212598425197 356.31496062992125 45.63779527559055 14.740157480314961 (Brésil).

51.30708661417323 368.503937007874 60.661417322834644 15.307086614173228 Jennifer
99.77952755905511 368.503937007874 60.661417322834644 15.307086614173228 DICKSON
148.251968503937 368.503937007874 48.47244094488189 15.307086614173228 (Afrique
184.8188976377953 368.503937007874 24.37795275590551 15.307086614173228 du
192.75590551181102 368.503937007874 28.346456692913385 15.307086614173228 Sud).

51.874015748031496 391.748031496063 27.77952755905512 16.15748031496063 Les
67.74803149606299 391.748031496063 27.77952755905512 16.15748031496063 uns
83.62204724409449 391.748031496063 23.811023622047244 16.15748031496063 et
95.5275590551181 391.748031496063 27.77952755905512 16.15748031496063 les
111.4015748031496 391.748031496063 39.68503937007874 16.15748031496063 autres
139.1811023622047 391.748031496063 59.52755905511811 16.15748031496063 bénéficient
186.51968503937007 391.748031496063 31.748031496062993 16.15748031496063 donc
206.36220472440945 391.748031496063 35.71653543307087 16.15748031496063 d’une
230.17322834645668 391.748031496063 55.55905511811024 16.15748031496063 exposition
269.8582677165354 391.748031496063 27.77952755905512 16.15748031496063 pari-

50.74015748031496 403.65354330708664 44.78740157480315 14.740157480314961 culière
83.05511811023622 403.65354330708664 24.37795275590551 14.740157480314961 de
95.24409448818898 403.65354330708664 32.59842519685039 14.740157480314961 leur
115.65354330708661 403.65354330708664 36.56692913385827 14.740157480314961 œuvre
140.03149606299212 403.65354330708664 20.409448818897637 14.740157480314961 à
148.251968503937 403.65354330708664 24.37795275590551 14.740157480314961 la
160.44094488188978 403.65354330708664 52.724409448818896 14.740157480314961 Quatrième
200.9763779527559 403.65354330708664 48.75590551181102 14.740157480314961 Biennale
237.54330708661416 403.65354330708664 24.37795275590551 14.740157480314961 de
245.48031496062993 403.65354330708664 32.59842519685039 14.740157480314961 Paris.

156.4724409448819 442.20472440944883 60.09448818897638 16.440944881889763 GRAVURE

65.76377952755905 458.6456692913386 51.30708661417323 16.15748031496063 Allen
104.31496062992126 458.6456692913386 60.09448818897638 16.15748031496063 JONES
151.37007874015748 458.6456692913386 25.79527559055118 16.15748031496063 né
164.1259842519685 458.6456692913386 25.79527559055118 16.15748031496063 en
177.16535433070865 458.6456692913386 34.2992125984252 16.15748031496063 1937
198.4251968503937 458.6456692913386 21.543307086614174 16.15748031496063 à
207.21259842519686 458.6456692913386 64.34645669291339 16.15748031496063 Southampton
254.26771653543307 458.6456692913386 42.803149606299215 16.15748031496063 (Grande

66.61417322834646 468.8503937007874 55.55905511811024 13.88976377952756 Bretagne).

56.125984251968504 481.8897637795276 45.354330708661415 17.5748031496063 1
90.14173228346456 481.8897637795276 53.00787401574803 17.5748031496063 Personnage
131.5275590551181 481.8897637795276 45.354330708661415 17.5748031496063 endormi,
165.54330708661416 481.8897637795276 30.330708661417322 17.5748031496063 1960
184.53543307086613 481.8897637795276 64.34645669291339 17.5748031496063 (litographie,
237.54330708661416 481.8897637795276 22.677165354330707 17.5748031496063 79
248.88188976377953 481.8897637795276 18.992125984251967 17.5748031496063 x
252.56692913385828 481.8897637795276 22.677165354330707 17.5748031496063 56).

55.55905511811024 491.5275590551181 43.653543307086615 15.307086614173228 2
88.44094488188976 491.5275590551181 47.338582677165356 15.307086614173228 Guerrier,
124.7244094488189 491.5275590551181 29.19685039370079 15.307086614173228 1961
142.86614173228347 491.5275590551181 65.48031496062993 15.307086614173228 (lithographie,
197.29133858267716 491.5275590551181 21.826771653543307 15.307086614173228 76
208.06299212598427 491.5275590551181 18.141732283464567 15.307086614173228 x
211.748031496063 491.5275590551181 21.826771653543307 15.307086614173228 56).

55.84251968503937 501.4488188976378 44.22047244094488 15.307086614173228 3
89.00787401574803 501.4488188976378 40.53543307086614 15.307086614173228 Secrète
118.20472440944881 501.4488188976378 51.59055118110236 15.307086614173228 Valentine,
158.74015748031496 501.4488188976378 29.480314960629922 15.307086614173228 1962
177.16535433070865 501.4488188976378 66.04724409448819 15.307086614173228 (lithographie,
232.15748031496062 501.4488188976378 22.11023622047244 15.307086614173228 58
243.21259842519686 501.4488188976378 18.4251968503937 15.307086614173228 x
246.89763779527559 501.4488188976378 22.11023622047244 15.307086614173228 79).

55.55905511811024 511.65354330708664 43.653543307086615 13.32283464566929 4
88.44094488188976 511.65354330708664 40.25196850393701 13.32283464566929 Voiture
117.63779527559055 511.65354330708664 40.25196850393701 13.32283464566929 rapide,
146.83464566929135 511.65354330708664 29.19685039370079 13.32283464566929 1962
164.9763779527559 511.65354330708664 65.76377952755905 13.32283464566929 (lithographie,
219.68503937007873 511.65354330708664 21.826771653543307 13.32283464566929 58
230.74015748031496 511.65354330708664 18.141732283464567 13.32283464566929 x
234.4251968503937 511.65354330708664 21.826771653543307 13.32283464566929 79).

55.55905511811024 520.1574803149606 44.22047244094488 13.606299212598426 5
88.7244094488189 520.1574803149606 29.480314960629922 13.606299212598426 Bébé
107.14960629921259 520.1574803149606 33.16535433070866 13.606299212598426 rouge
129.25984251968504 520.1574803149606 22.11023622047244 13.606299212598426 et
140.31496062992127 520.1574803149606 33.16535433070866 13.606299212598426 vert.
162.4251968503937 520.1574803149606 29.480314960629922 13.606299212598426 1962
180.56692913385828 520.1574803149606 66.33070866141732 13.606299212598426 (lithographie,
235.84251968503938 520.1574803149606 22.11023622047244 13.606299212598426 58
246.89763779527559 520.1574803149606 18.4251968503937 13.606299212598426 x
250.58267716535434 520.1574803149606 22.11023622047244 13.606299212598426 79).

55.275590551181104 531.7795275590552 44.503937007874015 12.472440944881889 6
88.7244094488189 531.7795275590552 52.15748031496063 12.472440944881889 Aéroplane,
129.54330708661416 531.7795275590552 29.763779527559056 12.472440944881889 1963
148.251968503937 531.7795275590552 66.89763779527559 12.472440944881889 (lithographie,
204.09448818897638 531.7795275590552 22.393700787401574 12.472440944881889 58
215.1496062992126 531.7795275590552 18.708661417322833 12.472440944881889 x
218.83464566929135 531.7795275590552 22.393700787401574 12.472440944881889 79).

54.99212598425197 539.7165354330708 43.37007874015748 12.188976377952756 7
87.59055118110236 539.7165354330708 61.511811023622045 12.188976377952756 Autoportrait,
138.33070866141733 539.7165354330708 28.913385826771652 12.188976377952756 1963
156.4724409448819 539.7165354330708 65.19685039370079 12.188976377952756 (lithographie,
210.61417322834646 539.7165354330708 21.826771653543307 12.188976377952756 76
221.66929133858267 539.7165354330708 18.141732283464567 12.188976377952756 x
225.0708661417323 539.7165354330708 21.826771653543307 12.188976377952756 49).

55.55905511811024 549.0708661417323 43.08661417322835 13.606299212598426 8
87.8740157480315 549.0708661417323 43.08661417322835 13.606299212598426 Bikinis,
120.18897637795276 549.0708661417323 28.62992125984252 13.606299212598426 1963
138.04724409448818 549.0708661417323 64.34645669291339 13.606299212598426 (lithographie,
191.90551181102362 549.0708661417323 21.543307086614174 13.606299212598426 54
202.6771653543307 549.0708661417323 17.858267716535433 13.606299212598426 x
206.07874015748033 549.0708661417323 21.543307086614174 13.606299212598426 73).

54.99212598425197 558.4251968503937 45.07086614173228 12.188976377952756 9
88.7244094488189 558.4251968503937 37.7007874015748 12.188976377952756 Femmes
115.08661417322834 558.4251968503937 56.40944881889764 12.188976377952756 excitantes,
160.44094488188978 558.4251968503937 30.04724409448819 12.188976377952756 1964
179.1496062992126 558.4251968503937 67.74803149606299 12.188976377952756 (lithographie,
235.55905511811022 558.4251968503937 22.677165354330707 12.188976377952756 79
246.89763779527559 558.4251968503937 18.708661417322833 12.188976377952756 x
250.58267716535434 558.4251968503937 22.677165354330707 12.188976377952756 58).

50.173228346456696 568.6299212598425 45.07086614173228 11.622047244094489 10
84.75590551181102 568.6299212598425 20.69291338582677 11.622047244094489 Il
94.96062992125984 568.6299212598425 24.094488188976378 11.622047244094489 est
108.85039370078741 568.6299212598425 31.181102362204726 11.622047244094489 réel,
129.54330708661416 568.6299212598425 27.77952755905512 11.622047244094489 elle
146.83464566929135 568.6299212598425 24.094488188976378 11.622047244094489 est
160.7244094488189 568.6299212598425 37.98425196850393 11.622047244094489 réelle,
188.50393700787401 568.6299212598425 27.77952755905512 11.622047244094489 1964
205.79527559055117 568.6299212598425 62.36220472440945 11.622047244094489 (lithographie,
257.6692913385827 568.6299212598425 20.69291338582677 11.622047244094489 79
268.15748031496065 568.6299212598425 17.291338582677167 11.622047244094489 x
271.5590551181102 568.6299212598425 20.69291338582677 11.622047244094489 58).

49.889763779527556 576.2834645669292 49.32283464566929 17.5748031496063 11
87.8740157480315 576.2834645669292 30.330708661417322 17.5748031496063 Tête
106.86614173228347 576.2834645669292 75.96850393700787 17.5748031496063 d’Hermaphrodite,
171.21259842519686 576.2834645669292 30.330708661417322 17.5748031496063 1964
190.20472440944883 576.2834645669292 68.31496062992126 17.5748031496063 (lithographie,
247.1811023622047 576.2834645669292 22.677165354330707 17.5748031496063 76
258.5196850393701 576.2834645669292 18.992125984251967 17.5748031496063 x
262.48818897637796 576.2834645669292 22.677165354330707 17.5748031496063 56).

49.889763779527556 586.2047244094488 47.05511811023622 13.606299212598426 12
86.1732283464567 586.2047244094488 21.826771653543307 13.606299212598426 Là
96.94488188976378 586.2047244094488 25.228346456692915 13.606299212598426 est
111.4015748031496 586.2047244094488 21.826771653543307 13.606299212598426 la
122.45669291338582 586.2047244094488 47.05511811023622 13.606299212598426 question,
158.74015748031496 586.2047244094488 28.913385826771652 13.606299212598426 1964
176.88188976377953 586.2047244094488 65.19685039370079 13.606299212598426 (lithographie,
231.0236220472441 586.2047244094488 21.826771653543307 13.606299212598426 48
242.07874015748033 586.2047244094488 18.141732283464567 13.606299212598426 x
245.48031496062993 586.2047244094488 21.826771653543307 13.606299212598426 35).

49.32283464566929 596.6929133858267 49.32283464566929 11.622047244094489 13
87.30708661417323 596.6929133858267 18.992125984251967 11.622047244094489 A
94.67716535433071 596.6929133858267 37.98425196850393 11.622047244094489 propos
121.32283464566929 596.6929133858267 22.677165354330707 11.622047244094489 du
132.66141732283464 596.6929133858267 41.669291338582674 11.622047244094489 mariage
163.2755905511811 596.6929133858267 22.677165354330707 11.622047244094489 I,
174.61417322834646 596.6929133858267 30.330708661417322 11.622047244094489 1964
193.60629921259843 596.6929133858267 68.31496062992126 11.622047244094489 (lithographie,
250.58267716535434 596.6929133858267 22.677165354330707 11.622047244094489 76
261.9212598425197 596.6929133858267 18.992125984251967 11.622047244094489 x
265.8897637795276 596.6929133858267 22.677165354330707 11.622047244094489 56).

49.889763779527556 604.9133858267717 48.47244094488189 15.874015748031496 14
87.02362204724409 604.9133858267717 18.708661417322833 15.874015748031496 A
94.67716535433071 604.9133858267717 37.41732283464567 15.874015748031496 propos
120.75590551181102 604.9133858267717 22.393700787401574 15.874015748031496 du
131.81102362204723 604.9133858267717 41.10236220472441 15.874015748031496 mariage
161.85826771653544 604.9133858267717 26.078740157480315 15.874015748031496 II,
176.5984251968504 604.9133858267717 29.763779527559056 15.874015748031496 1964
195.30708661417322 604.9133858267717 67.18110236220473 15.874015748031496 (lithographie,
251.1496062992126 604.9133858267717 22.393700787401574 15.874015748031496 76
262.48818897637796 604.9133858267717 18.708661417322833 15.874015748031496 x
266.1732283464567 604.9133858267717 22.393700787401574 15.874015748031496 56).

49.60629921259842 615.9685039370079 47.62204724409449 10.771653543307087 15
86.45669291338582 615.9685039370079 18.4251968503937 10.771653543307087 A
93.54330708661418 615.9685039370079 36.8503937007874 10.771653543307087 propos
119.33858267716535 615.9685039370079 22.11023622047244 10.771653543307087 du
130.39370078740157 615.9685039370079 40.25196850393701 10.771653543307087 mariage
159.8740157480315 615.9685039370079 29.480314960629922 10.771653543307087 III,
178.01574803149606 615.9685039370079 29.480314960629922 10.771653543307087 1964
196.44094488188978 615.9685039370079 66.04724409448819 10.771653543307087 (lithographie,
251.43307086614172 615.9685039370079 22.11023622047244 10.771653543307087 76
262.48818897637796 615.9685039370079 18.4251968503937 10.771653543307087 x
266.1732283464567 615.9685039370079 22.11023622047244 10.771653543307087 56).

49.889763779527556 625.0393700787401 48.47244094488189 17.5748031496063 16
87.02362204724409 625.0393700787401 18.708661417322833 17.5748031496063 A
94.39370078740157 625.0393700787401 37.13385826771653 17.5748031496063 propos
120.4724409448819 625.0393700787401 22.393700787401574 17.5748031496063 du
131.81102362204723 625.0393700787401 40.818897637795274 17.5748031496063 mariage
161.5748031496063 625.0393700787401 26.078740157480315 17.5748031496063 IV,
176.31496062992127 625.0393700787401 29.763779527559056 17.5748031496063 1964
195.0236220472441 625.0393700787401 66.89763779527559 17.5748031496063 (lithographie,
250.86614173228347 625.0393700787401 22.393700787401574 17.5748031496063 76
261.9212598425197 625.0393700787401 18.708661417322833 17.5748031496063 x
265.6062992125984 625.0393700787401 22.393700787401574 17.5748031496063 56).

45.354330708661415 638.9291338582677 23.52755905511811 14.173228346456693 154
