307.84251968503935 672.6614173228346
43.37007874015748 19.559055118110237 83.90551181102362 20.976377952755904 FILMS
106.2992125984252 19.559055118110237 48.75590551181102 20.976377952755904 SUR
127.2755905511811 19.559055118110237 76.81889763779527 20.976377952755904 L'ART

62.645669291338585 117.63779527559055 26.929133858267715 19.84251968503937 Les
78.23622047244095 117.63779527559055 34.86614173228347 19.84251968503937 films
101.48031496062993 117.63779527559055 26.929133858267715 19.84251968503937 sur
116.78740157480316 117.63779527559055 34.86614173228347 19.84251968503937 l’Art
140.03149606299212 117.63779527559055 38.55118110236221 19.84251968503937 seront
166.96062992125985 117.63779527559055 46.488188976377955 19.84251968503937 projetés
201.82677165354332 117.63779527559055 30.89763779527559 19.84251968503937 tous
221.10236220472441 117.63779527559055 26.929133858267715 19.84251968503937 les
236.69291338582678 117.63779527559055 34.86614173228347 19.84251968503937 jours
259.65354330708664 117.63779527559055 23.244094488188978 19.84251968503937 de
271.2755905511811 117.63779527559055 23.244094488188978 19.84251968503937 16
282.8976377952756 117.63779527559055 19.275590551181104 19.84251968503937 à
286.86614173228344 117.63779527559055 19.275590551181104 19.84251968503937 184

61.22834645669291 130.6771653543307 32.881889763779526 12.755905511811024 dans
81.92125984251969 130.6771653543307 24.661417322834644 12.755905511811024 le
94.39370078740157 130.6771653543307 37.13385826771653 12.755905511811024 cadre
119.05511811023622 130.6771653543307 24.661417322834644 12.755905511811024 du
131.24409448818898 130.6771653543307 45.354330708661415 12.755905511811024 Théâtre
164.40944881889763 130.6771653543307 45.354330708661415 12.755905511811024 d’Essai
197.29133858267716 130.6771653543307 24.661417322834644 12.755905511811024 de
209.48031496062993 130.6771653543307 24.661417322834644 12.755905511811024 la
217.70078740157481 130.6771653543307 45.354330708661415 12.755905511811024 Biennale.

62.07874015748032 137.1968503937008 32.59842519685039 18.708661417322833 Pour
82.20472440944881 137.1968503937008 24.37795275590551 18.708661417322833 le
94.39370078740157 137.1968503937008 53.00787401574803 18.708661417322833 programme
135.21259842519686 137.1968503937008 48.75590551181102 18.708661417322833 détaillé
171.7795275590551 137.1968503937008 24.37795275590551 18.708661417322833 de
183.96850393700788 137.1968503937008 40.818897637795274 18.708661417322833 chaque
212.5984251968504 137.1968503937008 44.78740157480315 18.708661417322833 séance,
245.1968503937008 137.1968503937008 24.37795275590551 18.708661417322833 se
257.38582677165357 137.1968503937008 48.75590551181102 18.708661417322833 reporter
289.98425196850394 137.1968503937008 16.15748031496063 18.708661417322833 au

62.07874015748032 146.83464566929135 51.874015748031496 21.543307086614174 Calendrier
102.89763779527559 146.83464566929135 22.11023622047244 21.543307086614174 de
113.95275590551181 146.83464566929135 22.11023622047244 21.543307086614174 la
125.00787401574803 146.83464566929135 44.503937007874015 21.543307086614174 Biennale
158.45669291338584 146.83464566929135 22.11023622047244 21.543307086614174 et
169.51181102362204 146.83464566929135 22.11023622047244 21.543307086614174 au
180.56692913385828 146.83464566929135 40.818897637795274 21.543307086614174 tableau
210.33070866141733 146.83464566929135 55.55905511811024 21.543307086614174 d’affichage
254.83464566929135 146.83464566929135 18.4251968503937 21.543307086614174 à
262.20472440944883 146.83464566929135 44.503937007874015 21.543307086614174 l’entrée
291.9685039370079 146.83464566929135 14.740157480314961 21.543307086614174 du

60.37795275590551 156.18897637795277 46.20472440944882 16.724409448818896 Théâtre
89.85826771653544 156.18897637795277 41.95275590551181 16.724409448818896 d’Essai.

37.7007874015748 232.44094488188978 89.29133858267717 17.007874015748033 REPUBLIQUE
111.4015748031496 232.44094488188978 62.92913385826772 17.007874015748033 FEDERALE
153.35433070866142 232.44094488188978 89.29133858267717 17.007874015748033 D’ALLEMAGNE

59.24409448818898 255.68503937007873 50.173228346456696 18.141732283464567 Peter
96.94488188976378 255.68503937007873 66.89763779527559 18.141732283464567 SCHAMONI
151.37007874015748 255.68503937007873 24.944881889763778 18.141732283464567 né
163.84251968503938 255.68503937007873 24.944881889763778 18.141732283464567 en
176.31496062992127 255.68503937007873 33.44881889763779 18.141732283464567 1934
197.29133858267716 255.68503937007873 20.976377952755904 18.141732283464567 à
205.51181102362204 255.68503937007873 41.669291338582674 18.141732283464567 Berlin
230.74015748031496 255.68503937007873 58.39370078740158 18.141732283464567 (Allemagne).

58.110236220472444 266.74015748031496 40.818897637795274 17.5748031496063 Voyage
86.45669291338582 266.74015748031496 24.37795275590551 17.5748031496063 de
98.64566929133858 266.74015748031496 61.22834645669291 17.5748031496063 découvertes
147.68503937007873 266.74015748031496 32.59842519685039 17.5748031496063 sans
168.09448818897638 266.74015748031496 44.78740157480315 17.5748031496063 savoir,
200.40944881889763 266.74015748031496 36.56692913385827 17.5748031496063 1963.
225.0708661417323 266.74015748031496 69.16535433070867 17.5748031496063 Internationes
282.0472440944882 266.74015748031496 24.37795275590551 17.5748031496063 e.
290.26771653543307 266.74015748031496 16.15748031496063 17.5748031496063 V.

52.724409448818896 276.09448818897636 36.8503937007874 12.755905511811024 Bonn.

34.2992125984252 311.244094488189 61.79527559055118 16.15748031496063 AUTRICHE

58.39370078740158 336.18897637795277 48.47244094488189 14.740157480314961 Ferry
94.67716535433071 336.18897637795277 56.40944881889764 14.740157480314961 RADAX
138.89763779527559 336.18897637795277 24.094488188976378 14.740157480314961 né
151.08661417322836 336.18897637795277 24.094488188976378 14.740157480314961 en
163.2755905511811 336.18897637795277 32.31496062992126 14.740157480314961 1932
183.4015748031496 336.18897637795277 20.125984251968504 14.740157480314961 à
191.6220472440945 336.18897637795277 40.25196850393701 14.740157480314961 Vienne
215.71653543307087 336.18897637795277 52.44094488188976 14.740157480314961 (Autriche).

57.54330708661417 346.6771653543307 25.511811023622048 15.307086614173228 En
70.2992125984252 346.6771653543307 42.803149606299215 15.307086614173228 marge,
100.34645669291339 346.6771653543307 34.2992125984252 15.307086614173228 1963
121.60629921259843 346.6771653543307 47.05511811023622 15.307086614173228 (noir).
155.6220472440945 346.6771653543307 42.803149606299215 15.307086614173228 Victor
185.66929133858267 346.6771653543307 25.511811023622048 15.307086614173228 N.
198.4251968503937 346.6771653543307 42.803149606299215 15.307086614173228 Cohen,
223.93700787401573 346.6771653543307 38.55118110236221 15.307086614173228 Zurich.

57.54330708661417 355.748031496063 77.95275590551181 17.007874015748033 Hundertwasser,
122.45669291338582 355.748031496063 34.58267716535433 17.007874015748033 1965
144.0 355.748031496063 38.83464566929134 17.007874015748033 (noir
169.79527559055117 355.748031496063 26.078740157480315 17.007874015748033 et
178.58267716535434 355.748031496063 51.874015748031496 17.007874015748033 couleurs).

35.43307086614173 379.2755905511811 41.669291338582674 16.15748031496063 BRESIL

56.40944881889764 402.8031496062992 51.59055118110236 19.84251968503937 Paulo
95.24409448818898 402.8031496062992 30.04724409448819 19.84251968503937 Gil
112.25196850393701 402.8031496062992 25.79527559055118 19.84251968503937 de
125.29133858267717 402.8031496062992 47.338582677165356 19.84251968503937 ANDRADE
159.59055118110237 402.8031496062992 64.62992125984252 19.84251968503937 SOARES
211.46456692913387 402.8031496062992 25.79527559055118 19.84251968503937 né
224.2204724409449 402.8031496062992 25.79527559055118 19.84251968503937 en
237.25984251968504 402.8031496062992 34.58267716535433 19.84251968503937 1935
258.8031496062992 402.8031496062992 21.543307086614174 19.84251968503937 à
263.0551181102362 402.8031496062992 43.08661417322835 19.84251968503937 Salvador

53.29133858267716 414.99212598425197 44.22047244094488 12.472440944881889 (Brésil).

55.84251968503937 424.9133858267717 52.15748031496063 16.15748031496063 Histoire
94.96062992125984 424.9133858267717 26.078740157480315 16.15748031496063 du
108.0 424.9133858267717 52.15748031496063 16.15748031496063 Cangaço,
147.11811023622047 424.9133858267717 34.86614173228347 16.15748031496063 1965
164.69291338582678 424.9133858267717 39.118110236220474 16.15748031496063 (noir).

31.181102362204726 458.92913385826773 56.125984251968504 17.291338582677167 CANADA

54.99212598425197 486.4251968503937 56.40944881889764 15.590551181102363 Marcel
98.07874015748031 486.4251968503937 69.16535433070867 15.590551181102363 CARRIERE
154.48818897637796 486.4251968503937 26.078740157480315 15.590551181102363 né
167.5275590551181 486.4251968503937 26.078740157480315 15.590551181102363 en
180.56692913385828 486.4251968503937 34.58267716535433 15.590551181102363 1934
202.11023622047244 486.4251968503937 21.543307086614174 15.590551181102363 à
210.61417322834646 486.4251968503937 43.37007874015748 15.590551181102363 Québec
236.69291338582678 486.4251968503937 47.62204724409449 15.590551181102363 (Canada).

53.85826771653543 495.21259842519686 62.645669291338585 17.007874015748033 Villeneuve,
104.03149606299213 495.21259842519686 83.62204724409449 17.007874015748033 peintre-barbier,
175.1811023622047 495.21259842519686 20.976377952755904 17.007874015748033 1
183.68503937007873 495.21259842519686 33.44881889763779 17.007874015748033 964.
204.66141732283464 495.21259842519686 41.95275590551181 17.007874015748033 Office
233.85826771653544 495.21259842519686 50.173228346456696 17.007874015748033 national
271.5590551181102 495.21259842519686 25.228346456692915 17.007874015748033 du
279.7795275590551 495.21259842519686 25.228346456692915 17.007874015748033 Filn

48.188976377952756 505.4173228346457 45.63779527559055 11.905511811023622 Canada.

53.29133858267716 519.0236220472441 59.24409448818898 15.590551181102363 Jacques
99.77952755905511 519.0236220472441 67.74803149606299 15.590551181102363 GODBOUT
154.77165354330708 519.0236220472441 25.228346456692915 15.590551181102363 né
167.5275590551181 519.0236220472441 25.228346456692915 15.590551181102363 en
180.0 519.0236220472441 33.732283464566926 15.590551181102363 1933
201.25984251968504 519.0236220472441 21.25984251968504 15.590551181102363 à
209.76377952755905 519.0236220472441 50.74015748031496 15.590551181102363 Montréal
243.49606299212599 519.0236220472441 46.488188976377955 15.590551181102363 (Canada).

54.14173228346457 531.7795275590552 26.64566929133858 15.307086614173228 Le
67.46456692913385 531.7795275590552 39.68503937007874 15.307086614173228 monde
94.11023622047244 531.7795275590552 26.64566929133858 15.307086614173228 va
107.43307086614173 531.7795275590552 35.43307086614173 15.307086614173228 nous
129.54330708661416 531.7795275590552 48.75590551181102 15.307086614173228 prendre
164.9763779527559 531.7795275590552 35.43307086614173 15.307086614173228 pour
187.08661417322836 531.7795275590552 30.89763779527559 15.307086614173228 des
204.66141732283464 531.7795275590552 57.54330708661417 15.307086614173228 sauvages,
248.88188976377953 531.7795275590552 39.68503937007874 15.307086614173228 1963.
270.99212598425197 531.7795275590552 35.43307086614173 15.307086614173228 Office

54.14173228346457 540.0 52.44094488188976 16.724409448818896 National
93.54330708661418 540.0 26.362204724409448 16.724409448818896 du
106.58267716535433 540.0 39.40157480314961 16.724409448818896 Film,
128.40944881889763 540.0 39.40157480314961 16.724409448818896 Canada.

31.181102362204726 571.7480314960629 56.976377952755904 16.15748031496063 ESPAGNE

52.15748031496063 596.1259842519685 66.89763779527559 18.708661417322833 Antonio
104.88188976377953 596.1259842519685 52.724409448818896 18.708661417322833 MERCERO
143.1496062992126 596.1259842519685 76.53543307086615 18.708661417322833 JULDAIN
205.22834645669292 596.1259842519685 28.62992125984252 18.708661417322833 né
219.68503937007873 596.1259842519685 28.62992125984252 18.708661417322833 en
234.14173228346456 596.1259842519685 38.267716535433074 18.708661417322833 1936
257.9527559055118 596.1259842519685 23.811023622047244 18.708661417322833 à
262.7716535433071 596.1259842519685 43.08661417322835 18.708661417322833 Lasarte

49.32283464566929 607.7480314960629 56.125984251968504 13.039370078740157 (Espagne).

52.44094488188976 617.6692913385826 40.818897637795274 17.858267716535433 Trotin
80.78740157480316 617.6692913385826 53.00787401574803 17.858267716535433 troteras,
121.60629921259843 617.6692913385826 36.56692913385827 17.858267716535433 1962.
145.98425196850394 617.6692913385826 36.56692913385827 17.858267716535433 Ecole
170.64566929133858 617.6692913385826 56.976377952755904 17.858267716535433 Officielle
215.43307086614172 617.6692913385826 24.37795275590551 17.858267716535433 de
227.6220472440945 617.6692913385826 44.78740157480315 17.858267716535433 cinéma,
256.251968503937 617.6692913385826 36.56692913385827 17.858267716535433 Madrid.

48.75590551181102 633.8267716535433 24.944881889763778 15.023622047244094 174
