307.84251968503935 672.6614173228346
8.503937007874017 22.677165354330707 98.07874015748031 20.69291338582677 GRANDE-
78.51968503937007 22.677165354330707 98.07874015748031 20.69291338582677 BRETAGNE

28.346456692913385 53.85826771653543 49.32283464566929 17.858267716535433 Bridget
64.34645669291339 53.85826771653543 44.78740157480315 17.858267716535433 Riley.
95.5275590551181 53.85826771653543 26.929133858267715 17.858267716535433 La
108.85039370078741 53.85826771653543 53.85826771653543 17.858267716535433 peinture
149.38582677165354 53.85826771653543 26.929133858267715 17.858267716535433 de
162.70866141732284 53.85826771653543 40.25196850393701 17.858267716535433 Riley
189.63779527559055 53.85826771653543 58.110236220472444 17.858267716535433 présente,
234.4251968503937 53.85826771653543 35.71653543307087 17.858267716535433 avec
252.28346456692913 53.85826771653543 17.858267716535433 17.858267716535433 la

26.929133858267715 68.31496062992126 47.05511811023622 14.173228346456693 rigueur
60.94488188976378 68.31496062992126 64.06299212598425 14.173228346456693 géométrique
112.25196850393701 68.31496062992126 25.511811023622048 14.173228346456693 la
125.00787401574803 68.31496062992126 34.01574803149607 14.173228346456693 plus
146.26771653543307 68.31496062992126 51.30708661417323 14.173228346456693 stricte,
184.8188976377953 68.31496062992126 59.811023622047244 14.173228346456693 l’illusion
227.33858267716536 68.31496062992126 42.803149606299215 14.173228346456693 d’espace

26.362204724409448 80.22047244094489 36.0 12.472440944881889 réel
48.75590551181102 80.22047244094489 26.929133858267715 12.472440944881889 et
62.36220472440945 80.22047244094489 26.929133858267715 12.472440944881889 de
75.96850393700787 80.22047244094489 58.39370078740158 12.472440944881889 mouvement
120.75590551181102 80.22047244094489 40.53543307086614 12.472440944881889 réel,
147.96850393700788 80.22047244094489 26.929133858267715 12.472440944881889 de
161.29133858267716 80.22047244094489 40.53543307086614 12.472440944881889 telle
188.2204724409449 80.22047244094489 40.53543307086614 12.472440944881889 façon
215.43307086614172 80.22047244094489 31.46456692913386 12.472440944881889 que
233.29133858267716 80.22047244094489 26.929133858267715 12.472440944881889 la
242.36220472440945 80.22047244094489 26.929133858267715 12.472440944881889 sen-

25.79527559055118 91.2755905511811 46.77165354330709 13.32283464566929 sation
58.67716535433071 91.2755905511811 56.40944881889764 13.32283464566929 physique
100.91338582677166 91.2755905511811 32.881889763779526 13.32283464566929 est
119.62204724409449 91.2755905511811 56.40944881889764 13.32283464566929 traduite
161.85826771653544 91.2755905511811 28.062992125984252 13.32283464566929 en
176.03149606299212 91.2755905511811 65.76377952755905 13.32283464566929 expression
223.08661417322836 91.2755905511811 46.77165354330709 13.32283464566929 émotion

22.393700787401574 101.48031496062993 32.881889763779526 11.905511811023622 nelle.

36.8503937007874 110.55118110236221 27.496062992125985 15.023622047244094 De
50.45669291338583 110.55118110236221 64.06299212598425 15.023622047244094 semblables
100.91338582677166 110.55118110236221 64.06299212598425 15.023622047244094 illusions,
151.08661417322836 110.55118110236221 27.496062992125985 15.023622047244094 en
164.69291338582678 110.55118110236221 68.5984251968504 15.023622047244094 particulier
219.68503937007873 110.55118110236221 45.63779527559055 15.023622047244094 celles
246.89763779527559 110.55118110236221 22.96062992125984 15.023622047244094 qui

24.944881889763778 123.59055118110236 64.91338582677166 12.472440944881889 suggèrent
74.83464566929133 123.59055118110236 34.86614173228347 12.472440944881889 une
94.96062992125984 123.59055118110236 69.73228346456693 12.472440944881889 transition
149.95275590551182 123.59055118110236 30.04724409448819 12.472440944881889 ou
164.69291338582678 123.59055118110236 34.86614173228347 12.472440944881889 une
184.8188976377953 123.59055118110236 74.83464566929133 12.472440944881889 progression
239.5275590551181 123.59055118110236 30.04724409448819 12.472440944881889 d’un

24.661417322834644 135.49606299212599 39.968503937007874 12.188976377952756 état
49.889763779527556 135.49606299212599 60.09448818897638 12.188976377952756 physique
94.67716535433071 135.49606299212599 24.944881889763778 12.188976377952756 à
104.88188976377953 135.49606299212599 30.04724409448819 12.188976377952756 un
119.90551181102362 135.49606299212599 49.889763779527556 12.188976377952756 autre,
154.77165354330708 135.49606299212599 30.04724409448819 12.188976377952756 se
169.79527559055117 135.49606299212599 70.01574803149606 12.188976377952756 retrouvent
224.78740157480314 135.49606299212599 39.968503937007874 12.188976377952756 dans
244.91338582677164 135.49606299212599 24.944881889763778 12.188976377952756 les

24.094488188976378 146.5511811023622 47.338582677165356 11.622047244094489 formes
57.25984251968504 146.5511811023622 66.04724409448819 11.622047244094489 alanguies,
109.13385826771653 146.5511811023622 75.68503937007874 11.622047244094489 serpentines,
170.64566929133858 146.5511811023622 28.346456692913385 11.622047244094489 de
184.8188976377953 146.5511811023622 37.7007874015748 11.622047244094489 Paul
208.3464566929134 146.5511811023622 51.874015748031496 11.622047244094489 Huxley,
241.51181102362204 146.5511811023622 28.346456692913385 11.622047244094489 mais

23.52755905511811 155.0551181102362 27.77952755905512 13.32283464566929 ce
37.41732283464567 155.0551181102362 37.13385826771653 13.32283464566929 sont
60.661417322834644 155.0551181102362 32.59842519685039 13.32283464566929 des
79.08661417322834 155.0551181102362 46.488188976377955 13.32283464566929 formes
111.68503937007874 155.0551181102362 37.13385826771653 13.32283464566929 qui,
134.9291338582677 155.0551181102362 23.244094488188978 13.32283464566929 à
144.28346456692913 155.0551181102362 27.77952755905512 13.32283464566929 la
158.17322834645668 155.0551181102362 64.91338582677166 13.32283464566929 différence
209.1968503937008 155.0551181102362 27.77952755905512 13.32283464566929 de
223.08661417322836 155.0551181102362 46.488188976377955 13.32283464566929 celles
250.86614173228347 155.0551181102362 18.708661417322833 13.32283464566929 de

24.37795275590551 165.82677165354332 47.338582677165356 13.606299212598426 Bridget
58.67716535433071 165.82677165354332 43.08661417322835 13.606299212598426 Riley,
88.7244094488189 165.82677165354332 34.2992125984252 13.606299212598426 sont
110.26771653543307 165.82677165354332 55.84251968503937 13.606299212598426 destinées
153.35433070866142 165.82677165354332 30.04724409448819 13.606299212598426 par
170.36220472440945 165.82677165354332 30.04724409448819 13.606299212598426 les
187.6535433070866 165.82677165354332 68.88188976377953 13.606299212598426 intéractions
239.24409448818898 165.82677165354332 30.04724409448819 13.606299212598426 entre

22.96062992125984 177.4488188976378 50.173228346456696 12.188976377952756 contour
59.52755905511811 177.4488188976378 27.496062992125985 12.188976377952756 et
73.13385826771653 177.4488188976378 54.70866141732284 12.188976377952756 couleurs
114.23622047244095 177.4488188976378 22.96062992125984 12.188976377952756 à
123.30708661417323 177.4488188976378 54.70866141732284 12.188976377952756 suggérer
164.40944881889763 177.4488188976378 36.56692913385827 12.188976377952756 sans
187.37007874015748 177.4488188976378 32.031496062992126 12.188976377952756 les
205.51181102362204 177.4488188976378 64.06299212598425 12.188976377952756 spécifier,
251.43307086614172 177.4488188976378 18.141732283464567 12.188976377952756 de

23.811023622047244 187.93700787401573 62.645669291338585 13.039370078740157 possibles
72.0 187.93700787401573 77.10236220472441 13.039370078740157 associations
134.64566929133858 187.93700787401573 77.10236220472441 13.039370078740157 figuratives.
197.5748031496063 187.93700787401573 38.55118110236221 13.039370078740157 Dans
221.66929133858267 187.93700787401573 48.188976377952756 13.039370078740157 celles
250.58267716535434 187.93700787401573 19.275590551181104 13.039370078740157 de

23.52755905511811 200.1259842519685 39.40157480314961 12.472440944881889 John
48.188976377952756 200.1259842519685 59.24409448818898 12.472440944881889 Hoyland,
92.40944881889764 200.1259842519685 34.58267716535433 12.472440944881889 par
112.25196850393701 200.1259842519685 54.14173228346457 12.472440944881889 contre,
151.6535433070866 200.1259842519685 29.480314960629922 12.472440944881889 un
166.39370078740157 200.1259842519685 49.32283464566929 12.472440944881889 espace
200.9763779527559 200.1259842519685 39.40157480314961 12.472440944881889 plus
220.53543307086613 200.1259842519685 49.32283464566929 12.472440944881889 abstrait

23.244094488188978 208.91338582677164 33.16535433070866 12.472440944881889 est
42.23622047244095 208.91338582677164 42.803149606299215 12.472440944881889 créé,
70.86614173228347 208.91338582677164 47.338582677165356 12.472440944881889 plutôt
104.03149606299213 208.91338582677164 42.803149606299215 12.472440944881889 grâce
132.3779527559055 208.91338582677164 23.811023622047244 12.472440944881889 à
142.01574803149606 208.91338582677164 33.16535433070866 12.472440944881889 des
161.00787401574803 208.91338582677164 56.976377952755904 12.472440944881889 couleurs
203.81102362204723 208.91338582677164 61.79527559055118 12.472440944881889 vibrantes
246.33070866141733 208.91338582677164 23.811023622047244 12.472440944881889 que

24.094488188976378 218.5511811023622 30.04724409448819 14.173228346456693 par
41.38582677165354 218.5511811023622 30.04724409448819 14.173228346456693 une
58.39370078740158 218.5511811023622 56.125984251968504 14.173228346456693 illusion,
101.48031496062993 218.5511811023622 25.79527559055118 14.173228346456693 et
114.51968503937007 218.5511811023622 25.79527559055118 14.173228346456693 la
127.55905511811024 218.5511811023622 47.338582677165356 14.173228346456693 couleur
161.85826771653544 218.5511811023622 30.04724409448819 14.173228346456693 est
179.1496062992126 218.5511811023622 30.04724409448819 14.173228346456693 ici
196.44094488188978 218.5511811023622 51.59055118110236 14.173228346456693 utilisée
230.74015748031496 218.5511811023622 38.83464566929134 14.173228346456693 presque

22.677165354330707 231.0236220472441 80.50393700787401 13.606299212598426 optiquement,
88.15748031496064 231.0236220472441 45.354330708661415 13.606299212598426 comme
118.48818897637796 231.0236220472441 35.1496062992126 13.606299212598426 les
138.61417322834646 231.0236220472441 50.45669291338583 13.606299212598426 blancs
173.76377952755905 231.0236220472441 30.330708661417322 13.606299212598426 et
189.0708661417323 231.0236220472441 45.354330708661415 13.606299212598426 noirs
219.11811023622047 231.0236220472441 30.330708661417322 13.606299212598426 de
229.3228346456693 231.0236220472441 40.25196850393701 13.606299212598426 Rile).

23.244094488188978 241.79527559055117 37.98425196850393 12.472440944881889 pour
47.05511811023622 241.79527559055117 47.338582677165356 12.472440944881889 animer
80.22047244094489 241.79527559055117 33.16535433070866 12.472440944881889 les
99.21259842519684 241.79527559055117 56.976377952755904 12.472440944881889 rapports
141.73228346456693 241.79527559055117 28.346456692913385 12.472440944881889 de
155.90551181102362 241.79527559055117 28.346456692913385 12.472440944881889 la
170.36220472440945 241.79527559055117 47.338582677165356 12.472440944881889 figure
203.5275590551181 241.79527559055117 28.346456692913385 12.472440944881889 au
212.88188976377953 241.79527559055117 33.16535433070866 12.472440944881889 fond.

34.01574803149607 255.4015748031496 48.188976377952756 12.472440944881889 Antony
67.74803149606299 255.4015748031496 62.645669291338585 12.472440944881889 Donaldson
115.93700787401575 255.4015748031496 28.913385826771652 12.472440944881889 et
130.39370078740157 255.4015748031496 53.00787401574803 12.472440944881889 Patrick
168.66141732283464 255.4015748031496 62.645669291338585 12.472440944881889 Caulfield
216.8503937007874 255.4015748031496 28.913385826771652 12.472440944881889 se
226.48818897637796 255.4015748031496 43.37007874015748 12.472440944881889 servent

22.393700787401574 265.8897637795276 38.83464566929134 12.188976377952756 tous
46.77165354330709 265.8897637795276 38.83464566929134 12.188976377952756 deux
70.86614173228347 265.8897637795276 43.653543307086615 12.188976377952756 d’une
100.06299212598425 265.8897637795276 58.39370078740158 12.188976377952756 imagerie
143.71653543307087 265.8897637795276 68.03149606299213 12.188976377952756 figurative
197.29133858267716 265.8897637795276 29.19685039370079 12.188976377952756 si
206.9291338582677 265.8897637795276 63.21259842519685 12.188976377952756 étonnamment

23.52755905511811 276.09448818897636 58.39370078740158 13.32283464566929 littérale,
69.44881889763779 276.09448818897636 37.7007874015748 13.32283464566929 qu’il
94.67716535433071 276.09448818897636 41.669291338582674 13.32283464566929 paraît
123.8740157480315 276.09448818897636 45.92125984251968 13.32283464566929 évident
157.03937007874015 276.09448818897636 45.92125984251968 13.32283464566929 qu’elle
190.48818897637796 276.09448818897636 37.7007874015748 13.32283464566929 n’est
215.71653543307087 276.09448818897636 29.19685039370079 13.32283464566929 pas
228.18897637795277 276.09448818897636 41.669291338582674 13.32283464566929 utilisée

22.96062992125984 287.7165354330709 36.56692913385827 10.204724409448819 dans
45.63779527559055 287.7165354330709 27.212598425196852 10.204724409448819 un
59.52755905511811 287.7165354330709 32.031496062992126 10.204724409448819 but
77.66929133858268 287.7165354330709 59.24409448818898 10.204724409448819 littéral.
123.30708661417323 287.7165354330709 32.031496062992126 10.204724409448819 Eux
141.4488188976378 287.7165354330709 41.10236220472441 10.204724409448819 aussi
168.66141732283464 287.7165354330709 72.85039370078741 10.204724409448819 maintiennent
227.90551181102362 287.7165354330709 32.031496062992126 10.204724409448819 une
241.79527559055117 287.7165354330709 27.212598425196852 10.204724409448819 sur-

22.677165354330707 297.9212598425197 37.98425196850393 13.039370078740157 face
46.488188976377955 297.9212598425197 80.78740157480316 13.039370078740157 impersonnelle
113.10236220472441 297.9212598425197 28.62992125984252 13.039370078740157 et
127.2755905511811 297.9212598425197 33.16535433070866 13.039370078740157 des
146.26771653543307 297.9212598425197 56.976377952755904 13.039370078740157 couleurs
189.0708661417323 297.9212598425197 52.15748031496063 13.039370078740157 plates,
227.0551181102362 297.9212598425197 28.62992125984252 13.039370078740157 de
236.69291338582678 297.9212598425197 33.16535433070866 13.039370078740157 sorte

22.96062992125984 309.8267716535433 33.16535433070866 11.622047244094489 que
41.95275590551181 309.8267716535433 52.15748031496063 11.622047244094489 l’image
79.93700787401575 309.8267716535433 66.33070866141732 11.622047244094489 dépouillée
131.81102362204723 309.8267716535433 28.346456692913385 11.622047244094489 et
145.98425196850394 309.8267716535433 80.50393700787401 11.622047244094489 fonctionnelle
212.31496062992127 309.8267716535433 37.7007874015748 11.622047244094489 peut
231.30708661417322 309.8267716535433 37.7007874015748 11.622047244094489 accom-

24.094488188976378 319.748031496063 33.732283464566926 12.472440944881889 plir
45.354330708661415 319.748031496063 25.511811023622048 12.472440944881889 sa
58.110236220472444 319.748031496063 37.98425196850393 12.472440944881889 tâche
83.33858267716535 319.748031496063 33.732283464566926 12.472440944881889 sans
104.5984251968504 319.748031496063 54.99212598425197 12.472440944881889 distraire
146.83464566929135 319.748031496063 37.98425196850393 12.472440944881889 l’œil
172.3464566929134 319.748031496063 29.763779527559056 12.472440944881889 par
189.0708661417323 319.748031496063 29.763779527559056 12.472440944881889 les
206.07874015748033 319.748031496063 50.74015748031496 12.472440944881889 plaisirs
244.06299212598427 319.748031496063 25.511811023622048 12.472440944881889 de
252.56692913385828 319.748031496063 17.007874015748033 12.472440944881889 la

22.677165354330707 330.8031496062992 61.79527559055118 10.771653543307087 facture.
68.88188976377953 330.8031496062992 36.0 10.771653543307087 Les
89.5748031496063 330.8031496062992 77.10236220472441 10.771653543307087 personnages
151.37007874015748 330.8031496062992 30.89763779527559 10.771653543307087 de
166.6771653543307 330.8031496062992 66.89763779527559 10.771653543307087 Donaldson
218.26771653543307 330.8031496062992 41.10236220472441 10.771653543307087 sont
238.6771653543307 330.8031496062992 30.89763779527559 10.771653543307087 même

24.094488188976378 341.29133858267716 49.889763779527556 12.188976377952756 calqués
60.37795275590551 341.29133858267716 27.212598425196852 12.188976377952756 et
73.98425196850394 341.29133858267716 54.425196850393704 12.188976377952756 exécutés
114.80314960629921 341.29133858267716 27.212598425196852 12.188976377952756 au
128.40944881889763 341.29133858267716 54.425196850393704 12.188976377952756 pochoir,
169.51181102362204 341.29133858267716 27.212598425196852 12.188976377952756 de
183.11811023622047 341.29133858267716 40.818897637795274 12.188976377952756 façon
210.33070866141733 341.29133858267716 22.677165354330707 12.188976377952756 à
219.4015748031496 341.29133858267716 49.889763779527556 12.188976377952756 réduire
251.1496062992126 341.29133858267716 18.141732283464567 12.188976377952756 au

23.52755905511811 352.06299212598424 53.00787401574803 11.05511811023622 minimum
62.07874015748032 352.06299212598424 33.732283464566926 11.05511811023622 les
81.35433070866142 352.06299212598424 57.826771653543304 11.05511811023622 éléments
124.7244094488189 352.06299212598424 28.913385826771652 11.05511811023622 de
139.1811023622047 352.06299212598424 67.46456692913385 11.05511811023622 distorsion
191.90551181102362 352.06299212598424 38.55118110236221 11.05511811023622 d’un
216.0 352.06299212598424 43.37007874015748 11.05511811023622 style
240.09448818897638 352.06299212598424 28.913385826771652 11.05511811023622 gra-

23.52755905511811 362.8346456692913 48.188976377952756 11.05511811023622 phique
57.25984251968504 362.8346456692913 72.28346456692914 11.05511811023622 individuel,
115.08661417322834 362.8346456692913 38.55118110236221 11.05511811023622 mais
139.1811023622047 362.8346456692913 33.732283464566926 11.05511811023622 ils
158.45669291338584 362.8346456692913 38.55118110236221 11.05511811023622 sont
182.5511811023622 362.8346456692913 53.00787401574803 11.05511811023622 répétés
221.10236220472441 362.8346456692913 43.37007874015748 11.05511811023622 comme
245.1968503937008 362.8346456692913 24.094488188976378 11.05511811023622 les

23.811023622047244 375.0236220472441 49.039370078740156 12.188976377952756 images
58.110236220472444 375.0236220472441 73.7007874015748 12.188976377952756 successives
117.07086614173228 375.0236220472441 39.118110236220474 12.188976377952756 d’un
141.4488188976378 375.0236220472441 44.22047244094488 12.188976377952756 film,
170.9291338582677 375.0236220472441 29.480314960629922 12.188976377952756 de
185.66929133858267 375.0236220472441 44.22047244094488 12.188976377952756 sorte
215.1496062992126 375.0236220472441 34.2992125984252 12.188976377952756 que
234.70866141732284 375.0236220472441 29.480314960629922 12.188976377952756 le
244.3464566929134 375.0236220472441 24.661417322834644 12.188976377952756 mo-

23.52755905511811 383.244094488189 41.95275590551181 12.755905511811024 ment
49.60629921259842 383.244094488189 89.00787401574803 12.755905511811024 d’observation
122.74015748031496 383.244094488189 52.44094488188976 12.755905511811024 puisse
159.30708661417322 383.244094488189 47.05511811023622 12.755905511811024 aussi
190.77165354330708 383.244094488189 57.54330708661417 12.755905511811024 inclure
227.33858267716536 383.244094488189 41.95275590551181 12.755905511811024 (comme

23.52755905511811 394.5826771653543 37.13385826771653 12.755905511811024 chez
46.488188976377955 394.5826771653543 46.488188976377955 12.755905511811024 Huxley
79.08661417322834 394.5826771653543 27.77952755905512 12.755905511811024 et
92.97637795275591 394.5826771653543 46.488188976377955 12.755905511811024 Riley)
125.5748031496063 394.5826771653543 32.59842519685039 12.755905511811024 des
144.0 394.5826771653543 74.26771653543307 12.755905511811024 possibilités
204.3779527559055 394.5826771653543 27.77952755905512 12.755905511811024 de
213.73228346456693 394.5826771653543 55.55905511811024 12.755905511811024 changement

23.811023622047244 405.9212598425197 28.346456692913385 11.05511811023622 et
37.98425196850393 405.9212598425197 28.346456692913385 11.05511811023622 de
52.15748031496063 405.9212598425197 70.58267716535433 11.05511811023622 transition.
108.85039370078741 405.9212598425197 28.346456692913385 11.05511811023622 En
123.02362204724409 405.9212598425197 37.7007874015748 11.05511811023622 même
146.5511811023622 405.9212598425197 42.51968503937008 11.05511811023622 temps
174.61417322834646 405.9212598425197 32.881889763779526 11.05511811023622 une
193.60629921259843 405.9212598425197 42.51968503937008 11.05511811023622 image
217.13385826771653 405.9212598425197 51.874015748031496 11.05511811023622 érotique,

23.244094488188978 415.84251968503935 62.645669291338585 11.622047244094489 elle-même
71.43307086614173 415.84251968503935 28.913385826771652 11.622047244094489 un
85.88976377952756 415.84251968503935 72.28346456692914 11.622047244094489 stéréotype,
143.71653543307087 415.84251968503935 57.826771653543304 11.622047244094489 acquiert
187.37007874015748 415.84251968503935 33.732283464566926 11.622047244094489 une
206.64566929133858 415.84251968503935 57.826771653543304 11.622047244094489 nouvelle
245.1968503937008 415.84251968503935 24.094488188976378 11.622047244094489 vie

23.811023622047244 426.61417322834643 41.669291338582674 13.88976377952756 grâce
51.59055118110236 426.61417322834643 23.244094488188978 13.88976377952756 à
60.661417322834644 426.61417322834643 27.77952755905512 13.88976377952756 un
74.55118110236221 426.61417322834643 64.91338582677166 13.88976377952756 traitement
121.03937007874016 426.61417322834643 55.55905511811024 13.88976377952756 décoratif.

31.46456692913386 437.9527559055118 56.976377952755904 12.472440944881889 Patrick
72.85039370078741 437.9527559055118 67.18110236220473 12.472440944881889 Caulfield
124.44094488188976 437.9527559055118 36.28346456692913 12.472440944881889 est
145.13385826771653 437.9527559055118 87.8740157480315 12.472440944881889 semblablement
212.31496062992127 437.9527559055118 56.976377952755904 12.472440944881889 préoccupé

25.79527559055118 449.29133858267716 57.25984251968504 11.338582677165354 d’animer
68.88188976377953 449.29133858267716 43.08661417322835 11.338582677165354 d’une
97.51181102362204 449.29133858267716 33.44881889763779 11.338582677165354 vie
116.50393700787401 449.29133858267716 57.25984251968504 11.338582677165354 nouvelle
159.59055118110237 449.29133858267716 33.44881889763779 11.338582677165354 des
178.86614173228347 449.29133858267716 47.90551181102362 11.338582677165354 motifs
207.49606299212599 449.29133858267716 62.07874015748032 11.338582677165354 stéréotypés

26.078740157480315 461.1968503937008 26.929133858267715 13.32283464566929 de
39.68503937007874 461.1968503937008 40.53543307086614 13.32283464566929 l’art
66.61417322834646 461.1968503937008 62.92913385826772 13.32283464566929 populaire.
115.93700787401575 461.1968503937008 49.32283464566929 13.32283464566929 Réduits
151.93700787401573 461.1968503937008 22.393700787401574 13.32283464566929 à
161.00787401574803 461.1968503937008 40.53543307086614 13.32283464566929 leurs
187.93700787401573 461.1968503937008 36.0 13.32283464566929 plus
210.33070866141733 461.1968503937008 49.32283464566929 13.32283464566929 simples
241.79527559055117 461.1968503937008 26.929133858267715 13.32283464566929 élé-

26.929133858267715 471.40157480314963 40.53543307086614 12.755905511811024 ments
53.85826771653543 471.40157480314963 58.39370078740158 12.755905511811024 linéaires
98.92913385826772 471.40157480314963 26.929133858267715 12.755905511811024 et
112.25196850393701 471.40157480314963 53.85826771653543 12.755905511811024 colorés,
152.78740157480314 471.40157480314963 58.39370078740158 12.755905511811024 présentés
197.5748031496063 471.40157480314963 36.0 12.755905511811024 sans
215.71653543307087 471.40157480314963 53.85826771653543 12.755905511811024 sentiment,

26.929133858267715 481.8897637795276 33.44881889763779 11.338582677165354 leur
47.90551181102362 481.8897637795276 41.95275590551181 11.338582677165354 valeur
77.10236220472441 481.8897637795276 54.425196850393704 11.338582677165354 picturale
119.05511811023622 481.8897637795276 29.19685039370079 11.338582677165354 est
135.7795275590551 481.8897637795276 62.645669291338585 11.338582677165354 réhabilitée
185.95275590551182 481.8897637795276 25.228346456692915 11.338582677165354 et
198.4251968503937 481.8897637795276 25.228346456692915 11.338582677165354 se
210.89763779527559 481.8897637795276 33.44881889763779 11.338582677165354 voit
227.6220472440945 481.8897637795276 41.95275590551181 11.338582677165354 conférer

25.79527559055118 492.9448818897638 33.16535433070866 14.173228346456693 une
44.78740157480315 492.9448818897638 51.874015748031496 14.173228346456693 dignité
77.95275590551181 492.9448818897638 51.874015748031496 14.173228346456693 imprêvue.

37.41732283464567 505.4173228346457 58.110236220472444 11.905511811023622 Plusieurs
82.20472440944881 505.4173228346457 31.181102362204726 11.905511811023622 des
100.06299212598425 505.4173228346457 89.29133858267717 11.905511811023622 caractéristiques
175.748031496063 505.4173228346457 26.64566929133858 11.905511811023622 de
189.35433070866142 505.4173228346457 44.503937007874015 11.905511811023622 style,
216.0 505.4173228346457 53.574803149606296 11.905511811023622 concernant

27.212598425196852 515.0551181102362 43.93700787401575 13.606299212598426 ligne,
58.110236220472444 515.0551181102362 48.47244094488189 13.606299212598426 couleur
93.25984251968504 515.0551181102362 26.362204724409448 13.606299212598426 et
106.58267716535433 515.0551181102362 48.47244094488189 13.606299212598426 surface
141.73228346456693 515.0551181102362 83.62204724409449 13.606299212598426 impersonnelles,
212.03149606299212 515.0551181102362 30.89763779527559 13.606299212598426 que
229.60629921259843 515.0551181102362 35.1496062992126 13.606299212598426 l’on
247.1811023622047 515.0551181102362 22.11023622047244 13.606299212598426 fe-

27.212598425196852 528.3779527559055 46.488188976377955 13.606299212598426 marque
59.52755905511811 528.3779527559055 37.13385826771653 13.606299212598426 dans
83.05511811023622 528.3779527559055 27.77952755905512 13.606299212598426 la
96.94488188976378 528.3779527559055 55.84251968503937 13.606299212598426 peinture
138.61417322834646 528.3779527559055 69.73228346456693 13.606299212598426 britannique
194.45669291338584 528.3779527559055 55.84251968503937 13.606299212598426 récente,
236.40944881889763 528.3779527559055 27.77952755905512 13.606299212598426 se
245.76377952755905 528.3779527559055 23.244094488188978 13.606299212598426 re-

27.212598425196852 537.4488188976378 53.85826771653543 14.173228346456693 trouvent
67.74803149606299 537.4488188976378 58.39370078740158 14.173228346456693 également
112.53543307086615 537.4488188976378 36.0 14.173228346456693 dans
134.9291338582677 537.4488188976378 26.929133858267715 14.173228346456693 la
148.53543307086613 537.4488188976378 62.92913385826772 14.173228346456693 sculpture.
197.85826771653544 537.4488188976378 49.32283464566929 14.173228346456693 Brisant
229.3228346456693 537.4488188976378 40.25196850393701 14.173228346456693 complè-

27.212598425196852 549.0708661417323 48.47244094488189 14.740157480314961 tement
61.22834645669291 549.0708661417323 38.83464566929134 14.740157480314961 avec
85.32283464566929 549.0708661417323 34.01574803149607 14.740157480314961 les
104.88188976377953 549.0708661417323 67.74803149606299 14.740157480314961 traditions
158.17322834645668 549.0708661417323 29.19685039370079 14.740157480314961 et
172.62992125984252 549.0708661417323 34.01574803149607 14.740157480314961 les
191.90551181102362 549.0708661417323 62.92913385826772 14.740157480314961 matériaux
240.3779527559055 549.0708661417323 29.19685039370079 14.740157480314961 de
250.29921259842519 549.0708661417323 19.275590551181104 14.740157480314961 la

26.929133858267715 559.5590551181102 61.79527559055118 11.338582677165354 sculpture
74.55118110236221 559.5590551181102 71.14960629921259 11.338582677165354 britannique
131.5275590551181 559.5590551181102 52.15748031496063 11.338582677165354 moderne
169.51181102362204 559.5590551181102 47.62204724409449 11.338582677165354 depuis
202.6771653543307 559.5590551181102 42.803149606299215 11.338582677165354 Moore
226.48818897637796 559.5590551181102 42.803149606299215 11.338582677165354 jusqu’à

28.346456692913385 569.4803149606299 59.24409448818898 16.15748031496063 Paolozzi,
73.98425196850394 569.4803149606299 31.748031496062993 16.15748031496063 les
92.1259842519685 569.4803149606299 63.77952755905512 16.15748031496063 sculpteurs
142.01574803149606 569.4803149606299 27.212598425196852 16.15748031496063 de
155.90551181102362 569.4803149606299 41.10236220472441 16.15748031496063 moins
183.11811023622047 569.4803149606299 27.212598425196852 16.15748031496063 de
196.7244094488189 569.4803149606299 27.212598425196852 16.15748031496063 35
210.33070866141733 569.4803149606299 31.748031496062993 16.15748031496063 ans
228.4724409448819 569.4803149606299 27.212598425196852 16.15748031496063 se
237.82677165354332 569.4803149606299 31.748031496062993 16.15748031496063 tour-

28.346456692913385 580.8188976377953 38.55118110236221 11.05511811023622 nent
52.44094488188976 580.8188976377953 38.55118110236221 11.05511811023622 vers
76.53543307086615 580.8188976377953 33.732283464566926 11.05511811023622 des
95.81102362204724 580.8188976377953 62.645669291338585 11.05511811023622 matériaux
144.0 580.8188976377953 43.37007874015748 11.05511811023622 comme
173.1968503937008 580.8188976377953 28.913385826771652 11.05511811023622 le
187.6535433070866 580.8188976377953 67.46456692913385 11.05511811023622 fibreglass
240.66141732283464 580.8188976377953 28.913385826771652 11.05511811023622 et
250.29921259842519 580.8188976377953 19.275590551181104 11.05511811023622 le

28.62992125984252 590.4566929133858 77.38582677165354 13.606299212598426 polyuréthane,
92.40944881889764 590.4566929133858 27.212598425196852 13.606299212598426 et
106.01574803149606 590.4566929133858 31.748031496062993 13.606299212598426 les
124.15748031496064 590.4566929133858 59.24409448818898 13.606299212598426 utilisent
169.51181102362204 590.4566929133858 27.212598425196852 13.606299212598426 en
183.11811023622047 590.4566929133858 31.748031496062993 13.606299212598426 vue
201.25984251968504 590.4566929133858 27.212598425196852 13.606299212598426 de
215.1496062992126 590.4566929133858 54.425196850393704 13.606299212598426 remettre
251.43307086614172 590.4566929133858 18.141732283464567 13.606299212598426 en

28.062992125984252 602.6456692913385 58.110236220472444 10.488188976377952 question
71.43307086614173 602.6456692913385 48.47244094488189 10.488188976377952 nombre
105.44881889763779 602.6456692913385 33.732283464566926 10.488188976377952 des
124.7244094488189 602.6456692913385 77.38582677165354 10.488188976377952 distinctions
182.83464566929135 602.6456692913385 87.02362204724409 10.488188976377952 conventionnelles

28.62992125984252 612.2834645669292 40.25196850393701 15.874015748031496 entre
55.55905511811024 612.2834645669292 53.574803149606296 15.874015748031496 peinture
95.81102362204724 612.2834645669292 26.929133858267715 15.874015748031496 et
109.13385826771653 612.2834645669292 58.110236220472444 15.874015748031496 sculpture
153.92125984251967 612.2834645669292 26.929133858267715 15.874015748031496 et
167.24409448818898 612.2834645669292 26.929133858267715 15.874015748031496 de
180.8503937007874 612.2834645669292 62.645669291338585 15.874015748031496 rapprocher
229.88976377952756 612.2834645669292 31.181102362204726 15.874015748031496 ces
243.21259842519686 612.2834645669292 26.929133858267715 15.874015748031496 deux

28.062992125984252 623.0551181102362 44.503937007874015 17.291338582677167 arts.
57.54330708661417 623.0551181102362 44.503937007874015 17.291338582677167 Ainsi
87.02362204724409 623.0551181102362 24.661417322834644 17.291338582677167 «
96.94488188976378 623.0551181102362 59.24409448818898 17.291338582677167 Volution
146.26771653543307 623.0551181102362 54.14173228346457 17.291338582677167 d’Isaac
185.66929133858267 623.0551181102362 49.32283464566929 17.291338582677167 Witkin
220.251968503937 623.0551181102362 39.40157480314961 17.291338582677167 peut
240.09448818897638 623.0551181102362 29.480314960629922 17.291338582677167 être

24.661417322834644 637.511811023622 18.141732283464567 13.32283464566929 56
