287.1496062992126 672.6614173228346
194.74015748031496 14.173228346456693 86.74015748031496 17.5748031496063 FRANCE

28.346456692913385 224.50393700787401 29.763779527559056 17.5748031496063 Je
43.37007874015748 224.50393700787401 44.78740157480315 17.5748031496063 crois
73.13385826771653 224.50393700787401 34.86614173228347 17.5748031496063 que
92.97637795275591 224.50393700787401 29.763779527559056 17.5748031496063 la
108.0 224.50393700787401 34.86614173228347 17.5748031496063 IVe
127.84251968503936 224.50393700787401 59.52755905511811 17.5748031496063 Biennale
172.62992125984252 224.50393700787401 29.763779527559056 17.5748031496063 de
187.37007874015748 224.50393700787401 44.78740157480315 17.5748031496063 Paris
212.31496062992127 224.50393700787401 54.70866141732284 17.5748031496063 reflètera

20.125984251968504 236.1259842519685 42.23622047244095 17.858267716535433 mieux
48.47244094488189 236.1259842519685 32.881889763779526 17.858267716535433 que
67.18110236220473 236.1259842519685 32.881889763779526 17.858267716535433 les
85.88976377952756 236.1259842519685 70.2992125984252 17.858267716535433 précédentes
142.01574803149606 236.1259842519685 46.77165354330709 17.858267716535433 l’état
174.89763779527559 236.1259842519685 51.59055118110236 17.858267716535433 présent
212.31496062992127 236.1259842519685 28.062992125984252 17.858267716535433 de
226.20472440944883 236.1259842519685 28.062992125984252 17.858267716535433 la
235.55905511811022 236.1259842519685 32.881889763779526 17.858267716535433 jeune

19.559055118110237 245.76377952755905 56.125984251968504 18.992125984251967 peinture
61.79527559055118 245.76377952755905 28.062992125984252 18.992125984251967 et
75.96850393700787 245.76377952755905 28.062992125984252 18.992125984251967 de
90.14173228346456 245.76377952755905 28.062992125984252 18.992125984251967 la
104.03149606299213 245.76377952755905 42.23622047244095 18.992125984251967 jeune
132.09448818897638 245.76377952755905 60.94488188976378 18.992125984251967 sculpture
179.1496062992126 245.76377952755905 28.062992125984252 18.992125984251967 et
193.03937007874015 245.76377952755905 51.59055118110236 18.992125984251967 qu’elle
225.92125984251967 245.76377952755905 42.23622047244095 18.992125984251967 devrait

20.125984251968504 256.251968503937 35.43307086614173 18.4251968503937 être
42.51968503937008 256.251968503937 62.07874015748032 18.4251968503937 accueillie
91.2755905511811 256.251968503937 35.43307086614173 18.4251968503937 dans
113.38582677165354 256.251968503937 26.64566929133858 18.4251968503937 un
126.70866141732283 256.251968503937 44.503937007874015 18.4251968503937 esprit
157.88976377952756 256.251968503937 35.43307086614173 18.4251968503937 plus
180.28346456692913 256.251968503937 48.75590551181102 18.4251968503937 ouvert.
215.71653543307087 256.251968503937 39.968503937007874 18.4251968503937 Cela,
237.82677165354332 256.251968503937 31.181102362204726 18.4251968503937 grâce

20.125984251968504 267.59055118110234 20.976377952755904 17.291338582677167 à
28.62992125984252 267.59055118110234 63.21259842519685 17.291338582677167 l’évolution
79.37007874015748 267.59055118110234 42.23622047244095 17.291338582677167 réelle
108.85039370078741 267.59055118110234 29.480314960629922 17.291338582677167 qui
125.85826771653544 267.59055118110234 37.98425196850393 17.291338582677167 s’est
151.08661417322836 267.59055118110234 50.74015748031496 17.291338582677167 produite
189.0708661417323 267.59055118110234 37.98425196850393 17.291338582677167 parmi
214.29921259842519 267.59055118110234 29.480314960629922 17.291338582677167 les
227.0551181102362 267.59055118110234 42.23622047244095 17.291338582677167 artistes

20.409448818897637 278.3622047244094 42.23622047244095 17.291338582677167 mêmes
48.75590551181102 278.3622047244094 28.062992125984252 17.291338582677167 et
62.92913385826772 278.3622047244094 37.7007874015748 17.291338582677167 dans
86.45669291338582 278.3622047244094 28.062992125984252 17.291338582677167 le
100.34645669291339 278.3622047244094 51.59055118110236 17.291338582677167 public,
138.04724409448818 278.3622047244094 28.062992125984252 17.291338582677167 en
152.2204724409449 278.3622047244094 47.05511811023622 17.291338582677167 grande
185.10236220472441 278.3622047244094 47.05511811023622 17.291338582677167 partie
217.98425196850394 278.3622047244094 23.52755905511811 17.291338582677167 à
227.33858267716536 278.3622047244094 28.062992125984252 17.291338582677167 la
236.69291338582678 278.3622047244094 32.881889763779526 17.291338582677167 suite

20.409448818897637 291.68503937007875 32.031496062992126 16.440944881889763 des
38.83464566929134 291.68503937007875 68.88188976377953 16.440944881889763 précédentes
89.29133858267717 291.68503937007875 77.95275590551181 16.440944881889763 manifestations.

29.763779527559056 309.54330708661416 44.22047244094488 14.173228346456693 Cette
59.24409448818898 309.54330708661416 63.77952755905512 14.173228346456693 évolution
108.28346456692914 309.54330708661416 29.480314960629922 14.173228346456693 si
123.02362204724409 309.54330708661416 54.14173228346457 14.173228346456693 rapide,
162.4251968503937 309.54330708661416 29.480314960629922 14.173228346456693 et
177.16535433070865 309.54330708661416 34.2992125984252 14.173228346456693 qui
196.7244094488189 309.54330708661416 24.661417322834644 14.173228346456693 a
206.64566929133858 309.54330708661416 54.14173228346457 14.173228346456693 modifié
240.9448818897638 309.54330708661416 29.480314960629922 14.173228346456693 très

20.409448818897637 319.748031496063 79.93700787401575 16.440944881889763 profondément
85.60629921259843 319.748031496063 60.09448818897638 16.440944881889763 l’aspect
130.6771653543307 319.748031496063 35.1496062992126 16.440944881889763 des
150.51968503937007 319.748031496063 75.11811023622047 16.440944881889763 principales
205.79527559055117 319.748031496063 64.91338582677166 16.440944881889763 expositions

20.69291338582677 328.53543307086613 26.64566929133858 15.590551181102363 de
34.01574803149607 328.53543307086613 40.25196850393701 15.590551181102363 cette
60.94488188976378 328.53543307086613 44.503937007874015 15.590551181102363 année,
92.1259842519685 328.53543307086613 26.64566929133858 15.590551181102363 il
105.44881889763779 328.53543307086613 40.25196850393701 15.590551181102363 n’est
132.3779527559055 328.53543307086613 44.503937007874015 15.590551181102363 certes
163.55905511811022 328.53543307086613 31.181102362204726 15.590551181102363 pas
181.41732283464566 328.53543307086613 53.574803149606296 15.590551181102363 toujours
221.66929133858267 328.53543307086613 35.71653543307087 15.590551181102363 aisé
244.06299212598427 328.53543307086613 26.64566929133858 15.590551181102363 de
252.8503937007874 328.53543307086613 17.858267716535433 15.590551181102363 la

20.976377952755904 339.87401574803147 46.488188976377955 15.874015748031496 saisir
53.29133858267716 339.87401574803147 37.13385826771653 15.874015748031496 dans
76.53543307086615 339.87401574803147 46.488188976377955 15.874015748031496 toutes
108.85039370078741 339.87401574803147 32.59842519685039 15.874015748031496 les
127.55905511811024 339.87401574803147 46.488188976377955 15.874015748031496 formes
159.8740157480315 339.87401574803147 51.023622047244096 15.874015748031496 qu’elle
197.00787401574803 339.87401574803147 46.488188976377955 15.874015748031496 revêt,
229.60629921259843 339.87401574803147 32.59842519685039 15.874015748031496 pas
243.49606299212599 339.87401574803147 27.77952755905512 15.874015748031496 plus

21.25984251968504 350.92913385826773 41.669291338582674 14.456692913385826 qu’il
49.039370078740156 350.92913385826773 41.669291338582674 14.456692913385826 n’est
76.81889763779527 350.92913385826773 64.91338582677166 14.456692913385826 nécessaire
127.55905511811024 350.92913385826773 27.77952755905512 14.456692913385826 de
141.4488188976378 350.92913385826773 27.77952755905512 14.456692913385826 se
155.6220472440945 350.92913385826773 41.669291338582674 14.456692913385826 plier
183.4015748031496 350.92913385826773 23.244094488188978 14.456692913385826 à
192.4724409448819 350.92913385826773 46.20472440944882 14.456692913385826 toutes
225.0708661417323 350.92913385826773 32.31496062992126 14.456692913385826 ses
238.96062992125985 350.92913385826773 32.31496062992126 14.456692913385826 fluc-

20.125984251968504 361.4173228346457 68.31496062992126 14.740157480314961 tuations.
72.85039370078741 361.4173228346457 41.95275590551181 14.740157480314961 Mais
98.92913385826772 361.4173228346457 31.46456692913386 14.740157480314961 on
114.80314960629921 361.4173228346457 31.46456692913386 14.740157480314961 ne
130.6771653543307 361.4173228346457 41.95275590551181 14.740157480314961 peut
156.75590551181102 361.4173228346457 57.826771653543304 14.740157480314961 ignorer
198.99212598425197 361.4173228346457 68.31496062992126 14.740157480314961 désormais
246.04724409448818 361.4173228346457 26.362204724409448 14.740157480314961 ces

21.25984251968504 371.62204724409446 68.31496062992126 16.440944881889763 témoignages
75.96850393700787 371.62204724409446 27.496062992125985 16.440944881889763 de
89.5748031496063 371.62204724409446 54.70866141732284 16.440944881889763 vitalité
130.6771653543307 371.62204724409446 27.496062992125985 16.440944881889763 de
144.28346456692913 371.62204724409446 41.10236220472441 16.440944881889763 l’art
171.7795275590551 371.62204724409446 27.496062992125985 16.440944881889763 de
185.38582677165354 371.62204724409446 45.63779527559055 16.440944881889763 Paris.
217.41732283464566 371.62204724409446 41.10236220472441 16.440944881889763 Notre
240.09448818897638 371.62204724409446 32.031496062992126 16.440944881889763 Bien-

21.543307086614174 384.09448818897636 43.37007874015748 13.32283464566929 nale,
50.45669291338583 384.09448818897636 28.913385826771652 13.32283464566929 en
64.91338582677166 384.09448818897636 57.826771653543304 13.32283464566929 imposant
108.28346456692914 384.09448818897636 33.732283464566926 13.32283464566929 une
127.55905511811024 384.09448818897636 48.188976377952756 13.32283464566929 limite
161.5748031496063 384.09448818897636 43.37007874015748 13.32283464566929 d’âge
190.48818897637796 384.09448818897636 67.46456692913385 13.32283464566929 rigoureuse
243.49606299212599 384.09448818897636 28.913385826771652 13.32283464566929 et
253.13385826771653 384.09448818897636 19.275590551181104 13.32283464566929 en

20.976377952755904 394.86614173228344 52.15748031496063 14.173228346456693 forçant
58.960629921259844 394.86614173228344 47.62204724409449 14.173228346456693 chaque
92.40944881889764 394.86614173228344 52.15748031496063 14.173228346456693 section
130.39370078740157 394.86614173228344 23.811023622047244 14.173228346456693 à
139.748031496063 394.86614173228344 66.61417322834646 14.173228346456693 renouveler
192.18897637795277 394.86614173228344 33.16535433070866 14.173228346456693 ses
206.36220472440945 394.86614173228344 66.61417322834646 14.173228346456693 participants

20.69291338582677 404.2204724409449 42.23622047244095 13.88976377952756 dans
47.05511811023622 404.2204724409449 36.8503937007874 13.88976377952756 une
68.31496062992126 404.2204724409449 42.23622047244095 13.88976377952756 très
94.39370078740157 404.2204724409449 52.724409448818896 13.88976377952756 grande
131.24409448818898 404.2204724409449 79.08661417322834 13.88976377952756 proportion,
194.45669291338584 404.2204724409449 26.362204724409448 13.88976377952756 a
199.84251968503938 404.2204724409449 73.7007874015748 13.88976377952756 certainement

21.25984251968504 416.9763779527559 65.48031496062993 12.472440944881889 contribué
71.71653543307086 416.9763779527559 60.37795275590551 12.472440944881889 beaucoup
117.07086614173228 416.9763779527559 25.228346456692915 12.472440944881889 à
127.2755905511811 416.9763779527559 40.25196850393701 12.472440944881889 nous
152.2204724409449 416.9763779527559 75.68503937007874 12.472440944881889 débarrasser
212.88188976377953 416.9763779527559 35.1496062992126 12.472440944881889 des
227.90551181102362 416.9763779527559 45.354330708661415 12.472440944881889 confor-

20.976377952755904 424.34645669291336 52.724409448818896 16.15748031496063 mismes
58.110236220472444 424.34645669291336 31.748031496062993 16.15748031496063 et
73.7007874015748 424.34645669291336 36.8503937007874 16.15748031496063 des
94.96062992125984 424.34645669291336 68.5984251968504 16.15748031496063 habitudes
147.68503937007873 424.34645669291336 31.748031496062993 16.15748031496063 de
163.2755905511811 424.34645669291336 63.21259842519685 16.15748031496063 paresse.
210.89763779527559 424.34645669291336 63.21259842519685 16.15748031496063 Pourquoi
253.13385826771653 424.34645669291336 20.976377952755904 16.15748031496063 le

22.11023622047244 435.68503937007875 45.07086614173228 16.724409448818896 public
53.574803149606296 435.68503937007875 31.46456692913386 16.724409448818896 n’y
71.71653543307086 435.68503937007875 76.53543307086615 16.724409448818896 trouverait-il
134.9291338582677 435.68503937007875 31.46456692913386 16.724409448818896 pas
152.78740157480314 435.68503937007875 36.0 16.724409448818896 plus
175.46456692913387 435.68503937007875 58.67716535433071 16.724409448818896 d’aisance
220.53543307086613 435.68503937007875 22.677165354330707 16.724409448818896 à
229.60629921259843 435.68503937007875 36.0 16.724409448818896 voir
252.0 435.68503937007875 26.929133858267715 16.724409448818896 et
261.07086614173227 435.68503937007875 13.606299212598426 16.724409448818896 à

21.826771653543307 447.0236220472441 72.28346456692914 13.606299212598426 comprendre
78.51968503937007 447.0236220472441 30.89763779527559 13.606299212598426 ce
94.11023622047244 447.0236220472441 46.488188976377955 13.606299212598426 qu’on
125.00787401574803 447.0236220472441 36.0 13.606299212598426 lui
145.70078740157481 447.0236220472441 51.59055118110236 13.606299212598426 expose
181.70078740157481 447.0236220472441 41.38582677165354 13.606299212598426 plus
202.39370078740157 447.0236220472441 72.28346456692914 13.606299212598426 franchement.

21.826771653543307 459.21259842519686 40.53543307086614 12.755905511811024 Lors
47.338582677165356 459.21259842519686 35.43307086614173 12.755905511811024 des
67.46456692913385 459.21259842519686 65.76377952755905 12.755905511811024 premières
118.20472440944881 459.21259842519686 81.07086614173228 12.755905511811024 expositions,
183.96850393700788 459.21259842519686 30.330708661417322 12.755905511811024 on
199.2755905511811 459.21259842519686 30.330708661417322 12.755905511811024 se
214.29921259842519 459.21259842519686 60.94488188976378 12.755905511811024 penchait
254.83464566929135 459.21259842519686 20.409448818897637 12.755905511811024 de

21.826771653543307 470.26771653543307 69.44881889763779 12.188976377952756 préférence
76.53543307086615 470.26771653543307 34.86614173228347 12.188976377952756 sur
96.37795275590551 470.26771653543307 34.86614173228347 12.188976377952756 les
116.22047244094489 470.26771653543307 59.52755905511811 12.188976377952756 peintres
161.00787401574803 470.26771653543307 34.86614173228347 12.188976377952756 les
180.8503937007874 470.26771653543307 39.68503937007874 12.188976377952756 plus
205.79527559055117 470.26771653543307 54.70866141732284 12.188976377952756 proches
245.48031496062993 470.26771653543307 29.763779527559056 12.188976377952756 de
255.4015748031496 470.26771653543307 19.84251968503937 12.188976377952756 la

21.826771653543307 479.90551181102364 49.889763779527556 13.039370078740157 limite
56.976377952755904 479.90551181102364 64.91338582677166 13.039370078740157 fatidique
106.86614173228347 479.90551181102364 34.86614173228347 13.039370078740157 des
126.70866141732283 479.90551181102364 30.04724409448819 13.039370078740157 35
141.73228346456693 479.90551181102364 39.968503937007874 13.039370078740157 ans.
166.6771653543307 479.90551181102364 30.04724409448819 13.039370078740157 On
181.70078740157481 479.90551181102364 79.93700787401575 13.039370078740157 s’appliquait
246.33070866141733 479.90551181102364 24.944881889763778 13.039370078740157 à
251.43307086614172 479.90551181102364 24.944881889763778 13.039370078740157 les

22.393700787401574 488.40944881889766 49.039370078740156 15.023622047244094 exposer
58.110236220472444 488.40944881889766 35.71653543307087 15.023622047244094 tant
80.22047244094489 488.40944881889766 39.968503937007874 15.023622047244094 qu’il
107.14960629921259 488.40944881889766 26.64566929133858 15.023622047244094 en
120.4724409448819 488.40944881889766 39.968503937007874 15.023622047244094 était
147.11811023622047 488.40944881889766 44.503937007874015 15.023622047244094 encore
178.29921259842519 488.40944881889766 44.503937007874015 15.023622047244094 temps,
209.48031496062993 488.40944881889766 26.64566929133858 15.023622047244094 et
222.8031496062992 488.40944881889766 26.64566929133858 15.023622047244094 on
231.59055118110237 488.40944881889766 44.503937007874015 15.023622047244094 trouvait

22.11023622047244 499.18110236220474 39.118110236220474 15.023622047244094 cela
46.488188976377955 499.18110236220474 68.5984251968504 15.023622047244094 rassurant.
100.34645669291339 499.18110236220474 68.5984251968504 15.023622047244094 Maintenant
154.20472440944883 499.18110236220474 29.480314960629922 15.023622047244094 on
168.9448818897638 499.18110236220474 29.480314960629922 15.023622047244094 se
183.68503937007873 499.18110236220474 63.77952755905512 15.023622047244094 passionne
232.7244094488189 499.18110236220474 39.118110236220474 15.023622047244094 pour
252.28346456692913 499.18110236220474 24.37795275590551 15.023622047244094 les

21.826771653543307 513.0708661417323 39.118110236220474 12.755905511811024 plus
46.20472440944882 513.0708661417323 53.85826771653543 12.755905511811024 jeunes,
85.32283464566929 513.0708661417323 29.480314960629922 12.755905511811024 on
100.06299212598425 513.0708661417323 43.93700787401575 12.755905511811024 admet
129.54330708661416 513.0708661417323 39.118110236220474 12.755905511811024 sans
153.92125984251967 513.0708661417323 49.039370078740156 12.755905511811024 vaines
188.2204724409449 513.0708661417323 58.67716535433071 12.755905511811024 craintes
232.44094488188978 513.0708661417323 34.2992125984252 12.755905511811024 les
246.89763779527559 513.0708661417323 29.480314960629922 12.755905511811024 nou-

21.826771653543307 521.007874015748 53.85826771653543 14.173228346456693 veautés
60.94488188976378 521.007874015748 49.039370078740156 14.173228346456693 qu’ils
95.24409448818898 521.007874015748 68.5984251968504 14.173228346456693 proposent.
149.38582677165354 521.007874015748 39.40157480314961 14.173228346456693 Cela
173.76377952755905 521.007874015748 63.77952755905512 14.173228346456693 n’empêche
223.08661417322836 521.007874015748 34.2992125984252 14.173228346456693 pas
242.64566929133858 521.007874015748 29.480314960629922 14.173228346456693 de
252.28346456692913 521.007874015748 24.661417322834644 14.173228346456693 les

21.543307086614174 531.496062992126 49.039370078740156 15.023622047244094 juger,
55.84251968503937 531.496062992126 39.40157480314961 15.023622047244094 mais
80.22047244094489 531.496062992126 39.40157480314961 15.023622047244094 cela
104.88188976377953 531.496062992126 58.960629921259844 15.023622047244094 dispense
149.10236220472441 531.496062992126 29.480314960629922 15.023622047244094 de
163.84251968503938 531.496062992126 68.5984251968504 15.023622047244094 rechercher
217.70078740157481 531.496062992126 34.2992125984252 15.023622047244094 des
232.44094488188978 531.496062992126 44.22047244094488 15.023622047244094 indica-

21.543307086614174 541.1338582677165 45.354330708661415 15.023622047244094 tions
51.874015748031496 541.1338582677165 40.25196850393701 15.023622047244094 déjà
76.81889763779527 541.1338582677165 50.173228346456696 15.023622047244094 depuis
112.25196850393701 541.1338582677165 65.48031496062993 15.023622047244094 longtemps
162.4251968503937 541.1338582677165 60.37795275590551 15.023622047244094 données,
207.7795275590551 541.1338582677165 30.04724409448819 15.023622047244094 de
217.70078740157481 541.1338582677165 60.37795275590551 15.023622047244094 s’attarder

22.677165354330707 551.6220472440945 32.31496062992126 15.874015748031496 aux
41.10236220472441 551.6220472440945 64.91338582677166 15.874015748031496 situations
92.1259842519685 551.6220472440945 55.55905511811024 15.874015748031496 acquises
133.79527559055117 551.6220472440945 27.77952755905512 15.874015748031496 si
147.68503937007873 551.6220472440945 78.80314960629921 15.874015748031496 intéressantes
208.06299212598427 551.6220472440945 69.44881889763779 15.874015748031496 soient

21.826771653543307 562.6771653543307 65.48031496062993 14.173228346456693 d’établir
72.28346456692914 562.6771653543307 30.04724409448819 14.173228346456693 un
87.30708661417323 562.6771653543307 75.4015748031496 14.173228346456693 balancement
147.68503937007873 562.6771653543307 30.04724409448819 14.173228346456693 ou
162.70866141732284 562.6771653543307 30.04724409448819 14.173228346456693 un
177.73228346456693 562.6771653543307 65.48031496062993 14.173228346456693 équilibre
223.08661417322836 562.6771653543307 55.275590551181104 14.173228346456693 forcément

22.393700787401574 572.3149606299213 67.46456692913385 14.740157480314961 artificiel
75.4015748031496 572.3149606299213 33.732283464566926 14.740157480314961 des
94.67716535433071 572.3149606299213 67.46456692913385 14.740157480314961 tendances.
147.68503937007873 572.3149606299213 28.913385826771652 14.740157480314961 On
162.4251968503937 572.3149606299213 53.00787401574803 14.740157480314961 accepte
200.9763779527559 572.3149606299213 33.732283464566926 14.740157480314961 que
220.251968503937 572.3149606299213 38.55118110236221 14.740157480314961 soit
239.5275590551181 572.3149606299213 38.55118110236221 14.740157480314961 exposé

23.52755905511811 587.9055118110236 26.078740157480315 14.173228346456693 ce
36.56692913385827 587.9055118110236 30.330708661417322 14.173228346456693 qui
53.85826771653543 587.9055118110236 34.58267716535433 14.173228346456693 est,
75.4015748031496 587.9055118110236 26.078740157480315 14.173228346456693 ce
88.44094488188976 587.9055118110236 30.330708661417322 14.173228346456693 qui
106.01574803149606 587.9055118110236 34.58267716535433 14.173228346456693 vit,
127.55905511811024 587.9055118110236 26.078740157480315 14.173228346456693 ce
140.5984251968504 587.9055118110236 30.330708661417322 14.173228346456693 qui
153.63779527559055 587.9055118110236 30.330708661417322 14.173228346456693 vaut.

176.03149606299212 613.4173228346457 59.52755905511811 17.858267716535433 Jacques
213.73228346456693 613.4173228346457 64.91338582677166 17.858267716535433 Lassaigne.

254.5511811023622 628.1574803149606 24.661417322834644 14.740157480314961 129
