300.755905511811 645.1653543307086
174.61417322834646 14.456692913385826 106.86614173228347 18.992125984251967 BULGARIE

29.480314960629922 65.48031496062993 78.51968503937007 19.275590551181104 Commissaire
92.1259842519685 65.48031496062993 62.92913385826772 19.275590551181104 général:
139.46456692913387 65.48031496062993 57.54330708661417 19.275590551181104 Nicolas
176.03149606299212 65.48031496062993 52.44094488188976 19.275590551181104 Mirtchev

30.614173228346456 83.05511811023622 53.574803149606296 13.32283464566929 Président
72.0 83.05511811023622 24.661417322834644 13.32283464566929 de
84.18897637795276 83.05511811023622 45.354330708661415 13.32283464566929 l’Union
117.35433070866142 83.05511811023622 28.913385826771652 13.32283464566929 des
133.79527559055117 83.05511811023622 49.32283464566929 13.32283464566929 Peintres
166.6771653543307 83.05511811023622 45.354330708661415 13.32283464566929 Bulgares.

14.740157480314961 120.18897637795276 34.58267716535433 15.590551181102363 Les
34.2992125984252 120.18897637795276 93.8267716535433 15.590551181102363 transformations
113.38582677165354 120.18897637795276 103.74803149606299 15.590551181102363 révolutionnaires,
197.29133858267716 120.18897637795276 64.06299212598425 15.590551181102363 intervenues

2.5511811023622046 131.81102362204723 27.212598425196852 15.590551181102363 en
16.15748031496063 131.81102362204723 54.425196850393704 15.590551181102363 Bulgarie
56.976377952755904 131.81102362204723 22.677165354330707 15.590551181102363 à
66.04724409448819 131.81102362204723 27.212598425196852 15.590551181102363 la
79.93700787401575 131.81102362204723 40.818897637795274 15.590551181102363 suite
107.14960629921259 131.81102362204723 27.212598425196852 15.590551181102363 de
120.75590551181102 131.81102362204723 27.212598425196852 15.590551181102363 la
134.36220472440945 131.81102362204723 54.425196850393704 15.590551181102363 victoire
175.1811023622047 131.81102362204723 31.748031496062993 15.590551181102363 sur
193.3228346456693 131.81102362204723 27.212598425196852 15.590551181102363 le
207.21259842519686 131.81102362204723 54.425196850393704 15.590551181102363 fascisme
243.49606299212599 131.81102362204723 18.141732283464567 15.590551181102363 et

2.267716535433071 142.86614173228347 28.346456692913385 11.622047244094489 de
16.440944881889763 142.86614173228347 89.5748031496063 11.622047244094489 l’établissement
91.84251968503936 142.86614173228347 28.346456692913385 11.622047244094489 du
106.01574803149606 142.86614173228347 51.874015748031496 11.622047244094489 pouvoir
143.71653543307087 142.86614173228347 61.22834645669291 11.622047244094489 populaire
190.77165354330708 142.86614173228347 23.52755905511811 11.622047244094489 à
200.1259842519685 142.86614173228347 28.346456692913385 11.622047244094489 la
214.29921259842519 142.86614173228347 32.881889763779526 11.622047244094489 fin
233.00787401574803 142.86614173228347 28.346456692913385 11.622047244094489 de
242.64566929133858 142.86614173228347 18.708661417322833 11.622047244094489 la

1.7007874015748032 153.63779527559055 58.110236220472444 12.188976377952756 Seconde
44.22047244094488 153.63779527559055 53.00787401574803 12.188976377952756 Guerre
81.07086614173228 153.63779527559055 68.88188976377953 12.188976377952756 mondiale,
134.07874015748033 153.63779527559055 63.496062992125985 12.188976377952756 posèrent
181.70078740157481 153.63779527559055 37.13385826771653 12.188976377952756 aux
202.96062992125985 153.63779527559055 42.23622047244095 12.188976377952756 arts
223.93700787401573 153.63779527559055 37.13385826771653 12.188976377952756 plas-

1.7007874015748032 167.24409448818898 48.75590551181102 9.921259842519685 tiques
35.71653543307087 167.24409448818898 58.39370078740158 9.921259842519685 bulgares
79.37007874015748 167.24409448818898 34.01574803149607 9.921259842519685 des
98.92913385826772 167.24409448818898 48.75590551181102 9.921259842519685 tâches
128.1259842519685 167.24409448818898 58.39370078740158 9.921259842519685 nouvelles.

15.023622047244094 174.04724409448818 32.031496062992126 14.173228346456693 Les
33.16535433070866 174.04724409448818 45.63779527559055 14.173228346456693 jeunes
65.19685039370079 174.04724409448818 54.70866141732284 14.173228346456693 artistes
106.01574803149606 174.04724409448818 50.173228346456696 14.173228346456693 étaient
142.58267716535434 174.04724409448818 32.031496062992126 14.173228346456693 les
160.7244094488189 174.04724409448818 54.70866141732284 14.173228346456693 premiers
201.82677165354332 174.04724409448818 22.677165354330707 14.173228346456693 à
210.89763779527559 174.04724409448818 50.173228346456696 14.173228346456693 militer
242.9291338582677 174.04724409448818 18.141732283464567 14.173228346456693 en

1.7007874015748032 185.95275590551182 49.889763779527556 13.32283464566929 faveur
36.8503937007874 185.95275590551182 44.78740157480315 13.32283464566929 d’une
66.61417322834646 185.95275590551182 69.73228346456693 13.32283464566929 rénovation
121.60629921259843 185.95275590551182 69.73228346456693 13.32283464566929 immédiate.
176.31496062992127 185.95275590551182 44.78740157480315 13.32283464566929 Forts
206.36220472440945 185.95275590551182 34.86614173228347 13.32283464566929 des
221.10236220472441 185.95275590551182 39.968503937007874 13.32283464566929 tradi-

2.267716535433071 197.29133858267716 43.08661417322835 13.32283464566929 tions
31.181102362204726 197.29133858267716 81.35433070866142 13.32283464566929 progressistes
98.07874015748031 197.29133858267716 28.62992125984252 13.32283464566929 du
112.53543307086615 197.29133858267716 43.08661417322835 13.32283464566929 passé
141.16535433070865 197.29133858267716 38.267716535433074 13.32283464566929 qui,
165.25984251968504 197.29133858267716 24.094488188976378 13.32283464566929 à
174.89763779527559 197.29133858267716 52.724409448818896 13.32283464566929 l’heure
213.16535433070865 197.29133858267716 28.62992125984252 13.32283464566929 du
222.8031496062992 197.29133858267716 38.267716535433074 13.32283464566929 renou-

2.267716535433071 208.91338582677164 45.92125984251968 11.338582677165354 veau,
32.881889763779526 208.91338582677164 35.71653543307087 11.338582677165354 les
53.29133858267716 208.91338582677164 76.25196850393701 11.338582677165354 orientaient
114.23622047244095 208.91338582677164 40.818897637795274 11.338582677165354 vers
139.748031496063 208.91338582677164 35.71653543307087 11.338582677165354 les
160.15748031496062 208.91338582677164 45.92125984251968 11.338582677165354 idées
190.77165354330708 208.91338582677164 71.14960629921259 11.338582677165354 généreuses
241.51181102362204 208.91338582677164 20.409448818897637 11.338582677165354 de

2.267716535433071 219.4015748031496 81.35433070866142 11.338582677165354 l’humanisme,
68.5984251968504 219.4015748031496 35.71653543307087 11.338582677165354 ils
88.7244094488189 219.4015748031496 96.66141732283465 11.338582677165354 s’insurgeaient,
170.36220472440945 219.4015748031496 56.125984251968504 11.338582677165354 ralliés
210.89763779527559 219.4015748031496 51.023622047244096 11.338582677165354 autour
241.51181102362204 219.4015748031496 20.409448818897637 11.338582677165354 de

2.5511811023622046 229.60629921259843 51.874015748031496 11.622047244094489 l’Union
40.25196850393701 229.60629921259843 32.881889763779526 11.622047244094489 des
59.24409448818898 229.60629921259843 103.74803149606299 11.622047244094489 artistes-peintres,
148.8188976377953 229.60629921259843 47.05511811023622 11.622047244094489 contre
181.70078740157481 229.60629921259843 28.346456692913385 11.622047244094489 le
195.8740157480315 229.60629921259843 66.04724409448819 11.622047244094489 sectarisme
242.9291338582677 229.60629921259843 18.992125984251967 11.622047244094489 et

2.5511811023622046 238.6771653543307 30.614173228346456 13.606299212598426 le
17.858267716535433 238.6771653543307 76.25196850393701 13.606299212598426 dogmatisme,
78.80314960629921 238.6771653543307 50.74015748031496 13.606299212598426 contre
114.51968503937007 238.6771653543307 45.63779527559055 13.606299212598426 toute
144.8503937007874 238.6771653543307 71.14960629921259 13.606299212598426 conception
200.9763779527559 238.6771653543307 60.94488188976378 13.606299212598426 étriquée
241.51181102362204 238.6771653543307 20.409448818897637 13.606299212598426 du

3.6850393700787403 252.56692913385828 34.86614173228347 9.637795275590552 rôle
25.511811023622048 252.56692913385828 26.078740157480315 9.637795275590552 de
38.55118110236221 252.56692913385828 43.653543307086615 9.637795275590552 l’art.
69.16535433070867 252.56692913385828 30.614173228346456 9.637795275590552 Des
86.45669291338582 252.56692913385828 43.653543307086615 9.637795275590552 forces
117.07086614173228 252.56692913385828 56.69291338582677 9.637795275590552 nouvelles
160.7244094488189 252.56692913385828 65.48031496062993 9.637795275590552 cherchaient
213.16535433070865 252.56692913385828 21.826771653543307 9.637795275590552 à
217.70078740157481 252.56692913385828 43.653543307086615 9.637795275590552 s’affir-

2.8346456692913384 261.3543307086614 38.267716535433074 12.755905511811024 mer,
26.929133858267715 261.3543307086614 28.62992125984252 12.755905511811024 en
41.10236220472441 261.3543307086614 47.90551181102362 12.755905511811024 allant
74.55118110236221 261.3543307086614 28.62992125984252 12.755905511811024 au
89.00787401574803 261.3543307086614 47.90551181102362 12.755905511811024 devant
122.45669291338582 261.3543307086614 33.44881889763779 12.755905511811024 des
141.73228346456693 261.3543307086614 52.724409448818896 12.755905511811024 grandes
180.0 261.3543307086614 47.90551181102362 12.755905511811024 tâches
213.4488188976378 261.3543307086614 28.62992125984252 12.755905511811024 de
227.90551181102362 261.3543307086614 28.62992125984252 12.755905511811024 la
237.54330708661416 261.3543307086614 23.811023622047244 12.755905511811024 ré-

2.267716535433071 273.25984251968504 56.69291338582677 11.338582677165354 volution
44.78740157480315 273.25984251968504 66.33070866141732 11.338582677165354 culturelle
96.94488188976378 273.25984251968504 28.346456692913385 11.338582677165354 du
106.2992125984252 273.25984251968504 33.16535433070866 11.338582677165354 pays.

15.590551181102363 280.9133858267717 62.92913385826772 14.456692913385826 L’optique
64.06299212598425 280.9133858267717 34.01574803149607 14.456692913385826 des
83.33858267716535 280.9133858267717 53.29133858267716 14.456692913385826 jeunes,
122.1732283464567 280.9133858267717 38.83464566929134 14.456692913385826 leur
146.26771653543307 280.9133858267717 72.56692913385827 14.456692913385826 sensibilité
199.55905511811022 280.9133858267717 62.92913385826772 14.456692913385826 frémissante

2.8346456692913384 294.23622047244095 88.15748031496064 11.905511811023622 s’appliquaient
76.25196850393701 294.23622047244095 24.37795275590551 11.905511811023622 à
85.88976377952756 294.23622047244095 53.85826771653543 11.905511811023622 décrire
125.00787401574803 294.23622047244095 29.480314960629922 11.905511811023622 le
139.748031496063 294.23622047244095 49.039370078740156 11.905511811023622 milieu
174.04724409448818 294.23622047244095 53.85826771653543 11.905511811023622 ambiant
213.16535433070865 294.23622047244095 29.480314960629922 11.905511811023622 en
222.8031496062992 294.23622047244095 39.118110236220474 11.905511811023622 effer-

2.267716535433071 303.3070866141732 66.04724409448819 13.039370078740157 vescence,
53.29133858267716 303.3070866141732 45.92125984251968 13.039370078740157 quand
83.62204724409449 303.3070866141732 45.92125984251968 13.039370078740157 elles
114.23622047244095 303.3070866141732 30.614173228346456 13.039370078740157 ne
129.54330708661416 303.3070866141732 81.35433070866142 13.039370078740157 rejoignaient
195.8740157480315 303.3070866141732 35.71653543307087 13.039370078740157 pas
216.0 303.3070866141732 30.614173228346456 13.039370078740157 le
226.20472440944883 303.3070866141732 35.71653543307087 13.039370078740157 passé

3.1181102362204722 313.79527559055117 57.826771653543304 12.472440944881889 héroïque
46.488188976377955 313.79527559055117 28.913385826771652 12.472440944881889 et
60.94488188976378 313.79527559055117 33.732283464566926 12.472440944881889 ses
80.22047244094489 313.79527559055117 48.188976377952756 12.472440944881889 riches
113.95275590551181 313.79527559055117 72.28346456692914 12.472440944881889 traditions.
171.49606299212599 313.79527559055117 28.913385826771652 12.472440944881889 Un
185.95275590551182 313.79527559055117 33.732283464566926 12.472440944881889 art
205.22834645669292 313.79527559055117 57.826771653543304 12.472440944881889 original
243.7795275590551 313.79527559055117 19.275590551181104 12.472440944881889 et

2.8346456692913384 325.98425196850394 58.67716535433071 11.622047244094489 émouvant
46.77165354330709 325.98425196850394 63.77952755905512 11.622047244094489 naissait,
95.81102362204724 325.98425196850394 68.5984251968504 11.622047244094489 retrouvant
149.66929133858267 325.98425196850394 34.2992125984252 11.622047244094489 des
169.51181102362204 325.98425196850394 63.77952755905512 11.622047244094489 objectifs
213.4488188976378 325.98425196850394 49.039370078740156 11.622047244094489 valables

3.4015748031496065 338.1732283464567 77.10236220472441 10.204724409448819 s’identifiant
66.89763779527559 338.1732283464567 22.677165354330707 10.204724409448819 à
75.96850393700787 338.1732283464567 27.212598425196852 10.204724409448819 un
89.5748031496063 338.1732283464567 40.818897637795274 10.204724409448819 grand
116.78740157480316 338.1732283464567 45.354330708661415 10.204724409448819 idéal.
148.251968503937 338.1732283464567 40.818897637795274 10.204724409448819 L’art
175.46456692913387 338.1732283464567 27.212598425196852 10.204724409448819 ne
189.0708661417323 338.1732283464567 45.354330708661415 10.204724409448819 devait
220.8188976377953 338.1732283464567 36.28346456692913 10.204724409448819 plus
238.96062992125985 338.1732283464567 22.677165354330707 10.204724409448819 re-

3.4015748031496065 345.8267716535433 45.354330708661415 11.622047244094489 léguer
35.1496062992126 345.8267716535433 31.748031496062993 11.622047244094489 les
53.29133858267716 345.8267716535433 54.425196850393704 11.622047244094489 artistes
94.11023622047244 345.8267716535433 31.748031496062993 11.622047244094489 sur
112.25196850393701 345.8267716535433 31.748031496062993 11.622047244094489 les
130.39370078740157 345.8267716535433 54.425196850393704 11.622047244094489 hauteurs
171.49606299212599 345.8267716535433 27.212598425196852 11.622047244094489 de
185.10236220472441 345.8267716535433 27.212598425196852 11.622047244094489 la
194.17322834645668 345.8267716535433 68.03149606299213 11.622047244094489 contemplation

3.1181102362204722 359.43307086614175 60.09448818897638 9.921259842519685 gratuite.
49.32283464566929 359.43307086614175 27.77952755905512 9.921259842519685 Il
63.21259842519685 359.43307086614175 55.55905511811024 9.921259842519685 devenait
104.5984251968504 359.43307086614175 27.77952755905512 9.921259842519685 un
118.48818897637796 359.43307086614175 50.74015748031496 9.921259842519685 facteur
155.6220472440945 359.43307086614175 27.77952755905512 9.921259842519685 de
169.51181102362204 359.43307086614175 50.74015748031496 9.921259842519685 progrès
206.36220472440945 359.43307086614175 27.77952755905512 9.921259842519685 et
215.71653543307087 359.43307086614175 46.20472440944882 9.921259842519685 d’éduca-

3.1181102362204722 366.23622047244095 42.51968503937008 13.606299212598426 tion,
31.46456692913386 366.23622047244095 47.05511811023622 13.606299212598426 source
64.34645669291339 366.23622047244095 66.04724409448819 13.606299212598426 d’émotions
116.22047244094489 366.23622047244095 75.4015748031496 13.606299212598426 esthétiques,
177.4488188976378 366.23622047244095 56.40944881889764 13.606299212598426 prétexte
219.96850393700788 366.23622047244095 23.52755905511811 13.606299212598426 à
224.50393700787401 366.23622047244095 37.7007874015748 13.606299212598426 l’ana-

3.968503937007874 377.8582677165354 38.267716535433074 13.039370078740157 lyse
28.062992125984252 377.8582677165354 28.913385826771652 13.039370078740157 de
42.23622047244095 377.8582677165354 33.44881889763779 13.039370078740157 nos
61.511811023622045 377.8582677165354 43.08661417322835 13.039370078740157 actes
90.4251968503937 377.8582677165354 28.913385826771652 13.039370078740157 et
104.5984251968504 377.8582677165354 28.913385826771652 13.039370078740157 de
119.05511811023622 377.8582677165354 28.913385826771652 13.039370078740157 la
133.51181102362204 377.8582677165354 52.724409448818896 13.039370078740157 réalité
171.7795275590551 377.8582677165354 81.63779527559055 13.039370078740157 environnante,
234.14173228346456 377.8582677165354 28.913385826771652 13.039370078740157 juge

3.4015748031496065 388.06299212598424 29.480314960629922 13.88976377952756 de
18.141732283464567 388.06299212598424 53.85826771653543 13.88976377952756 valeurs
57.25984251968504 388.06299212598424 78.23622047244095 13.88976377952756 essentielles
120.75590551181102 388.06299212598424 29.480314960629922 13.88976377952756 et
135.49606299212599 388.06299212598424 58.67716535433071 13.88976377952756 messager
179.43307086614172 388.06299212598424 39.118110236220474 13.88976377952756 d’un
203.81102362204723 388.06299212598424 49.039370078740156 13.88976377952756 avenir
233.29133858267716 388.06299212598424 29.480314960629922 13.88976377952756 plus

3.6850393700787403 399.68503937007875 54.425196850393704 11.905511811023622 radieux.
44.503937007874015 399.68503937007875 40.818897637795274 11.905511811023622 Ainsi
71.71653543307086 399.68503937007875 40.818897637795274 11.905511811023622 l’art
98.92913385826772 399.68503937007875 58.960629921259844 11.905511811023622 reflétant
144.28346456692913 399.68503937007875 27.212598425196852 11.905511811023622 la
157.88976377952756 399.68503937007875 31.748031496062993 11.905511811023622 vie
176.03149606299212 399.68503937007875 77.10236220472441 11.905511811023622 s’identifiait
234.99212598425197 399.68503937007875 27.212598425196852 11.905511811023622 lui-

3.6850393700787403 409.3228346456693 40.25196850393701 13.039370078740157 même
28.913385826771652 409.3228346456693 25.228346456692915 13.039370078740157 à
39.118110236220474 409.3228346456693 30.330708661417322 13.039370078740157 la
54.14173228346457 409.3228346456693 40.25196850393701 13.039370078740157 vie,
79.37007874015748 409.3228346456693 45.354330708661415 13.039370078740157 comme
109.7007874015748 409.3228346456693 25.228346456692915 13.039370078740157 à
119.90551181102362 409.3228346456693 35.43307086614173 13.039370078740157 une
140.03149606299212 409.3228346456693 50.45669291338583 13.039370078740157 source
170.36220472440945 409.3228346456693 75.68503937007874 13.039370078740157 intarissable.

15.590551181102363 420.09448818897636 82.48818897637796 13.039370078740157 Aujourd’hui,
82.77165354330708 420.09448818897636 30.89763779527559 13.039370078740157 en
98.07874015748031 420.09448818897636 67.18110236220473 13.039370078740157 Bulgarie,
149.66929133858267 420.09448818897636 36.0 13.039370078740157 une
170.36220472440945 420.09448818897636 56.69291338582677 13.039370078740157 pléiade
211.748031496063 420.09448818897636 30.89763779527559 13.039370078740157 de
221.95275590551182 420.09448818897636 41.38582677165354 13.039370078740157 jeunes

3.6850393700787403 432.0 59.811023622047244 11.905511811023622 artistes
48.75590551181102 432.0 64.62992125984252 11.905511811023622 travaille
98.36220472440945 432.0 39.968503937007874 11.905511811023622 avec
123.30708661417323 432.0 84.75590551181102 11.905511811023622 enthousiasme.
193.03937007874015 432.0 39.968503937007874 11.905511811023622 Leur
217.98425196850394 432.0 44.78740157480315 11.905511811023622 amour
242.9291338582677 432.0 19.84251968503937 11.905511811023622 de

4.818897637795276 442.20472440944883 39.968503937007874 12.755905511811024 l’art
31.46456692913386 442.20472440944883 39.968503937007874 12.755905511811024 égale
58.110236220472444 442.20472440944883 75.4015748031496 12.755905511811024 l’attachement
120.18897637795276 442.20472440944883 44.22047244094488 12.755905511811024 qu’ils
151.37007874015748 442.20472440944883 44.22047244094488 12.755905511811024 vouent
182.26771653543307 442.20472440944883 22.11023622047244 12.755905511811024 à
191.33858267716536 442.20472440944883 35.43307086614173 12.755905511811024 leur
213.4488188976378 442.20472440944883 44.22047244094488 12.755905511811024 patrie
240.09448818897638 442.20472440944883 22.11023622047244 12.755905511811024 ré-

4.535433070866142 453.25984251968504 47.62204724409449 12.188976377952756 novée,
37.98425196850393 453.25984251968504 33.44881889763779 12.188976377952756 aux
56.976377952755904 453.25984251968504 52.44094488188976 12.188976377952756 beautés
95.24409448818898 453.25984251968504 28.62992125984252 12.188976377952756 de
109.41732283464567 453.25984251968504 28.62992125984252 12.188976377952756 sa
123.8740157480315 453.25984251968504 52.44094488188976 12.188976377952756 nature,
162.14173228346456 453.25984251968504 28.62992125984252 12.188976377952756 au
176.31496062992127 453.25984251968504 47.62204724409449 12.188976377952756 peuple
204.9448818897638 453.25984251968504 57.25984251968504 12.188976377952756 laborieux.

17.5748031496063 462.61417322834643 27.77952755905512 12.472440944881889 Le
31.46456692913386 462.61417322834643 51.023622047244096 12.472440944881889 travail
68.31496062992126 462.61417322834643 27.77952755905512 12.472440944881889 de
82.48818897637796 462.61417322834643 51.023622047244096 12.472440944881889 l’homme
119.33858267716535 462.61417322834643 27.77952755905512 12.472440944881889 et
133.22834645669292 462.61417322834643 32.31496062992126 12.472440944881889 ses
151.93700787401573 462.61417322834643 60.37795275590551 12.472440944881889 exploits,
198.14173228346456 462.61417322834643 51.023622047244096 12.472440944881889 l’amour
235.2755905511811 462.61417322834643 27.77952755905512 12.472440944881889 de
244.62992125984252 462.61417322834643 18.4251968503937 12.472440944881889 la

4.251968503937008 474.5196850393701 43.93700787401575 11.905511811023622 terre
33.44881889763779 474.5196850393701 77.95275590551181 11.905511811023622 nourricière,
96.94488188976378 474.5196850393701 34.01574803149607 11.905511811023622 les
116.50393700787401 474.5196850393701 53.574803149606296 11.905511811023622 grandes
155.33858267716536 474.5196850393701 43.93700787401575 11.905511811023622 idées
184.8188976377953 474.5196850393701 29.19685039370079 11.905511811023622 de
194.45669291338584 474.5196850393701 68.31496062992126 11.905511811023622 l’humanisme,

5.3858267716535435 483.3070866141732 29.763779527559056 15.023622047244094 la
20.125984251968504 483.3070866141732 44.503937007874015 15.023622047244094 lutte
49.889763779527556 483.3070866141732 39.68503937007874 15.023622047244094 pour
74.55118110236221 483.3070866141732 29.763779527559056 15.023622047244094 le
89.29133858267717 483.3070866141732 54.425196850393704 15.023622047244094 bonheur
128.9763779527559 483.3070866141732 34.58267716535433 15.023622047244094 des
148.8188976377953 483.3070866141732 54.425196850393704 15.023622047244094 hommes,
188.2204724409449 483.3070866141732 49.60629921259842 15.023622047244094 autant
222.8031496062992 483.3070866141732 29.763779527559056 15.023622047244094 de
232.7244094488189 483.3070866141732 29.763779527559056 15.023622047244094 thè-

5.3858267716535435 496.06299212598424 31.748031496062993 10.771653543307087 mes
23.52755905511811 496.06299212598424 40.818897637795274 10.771653543307087 chers
50.74015748031496 496.06299212598424 31.748031496062993 10.771653543307087 aux
68.88188976377953 496.06299212598424 45.354330708661415 10.771653543307087 jeunes
100.62992125984252 496.06299212598424 54.425196850393704 10.771653543307087 artistes
141.16535433070865 496.06299212598424 58.960629921259844 10.771653543307087 bulgares.
186.51968503937007 496.06299212598424 27.212598425196852 10.771653543307087 Si
200.1259842519685 496.06299212598424 36.28346456692913 10.771653543307087 l’on
222.8031496062992 496.06299212598424 22.677165354330707 10.771653543307087 y
227.33858267716536 496.06299212598424 36.28346456692913 10.771653543307087 ajoute

4.818897637795276 505.7007874015748 30.330708661417322 13.039370078740157 la
20.125984251968504 505.7007874015748 65.76377952755905 13.039370078740157 recherche
70.58267716535433 505.7007874015748 60.661417322834644 13.039370078740157 patiente
116.22047244094489 505.7007874015748 30.330708661417322 13.039370078740157 de
131.24409448818898 505.7007874015748 60.661417322834644 13.039370078740157 nouveaux
176.88188976377953 505.7007874015748 50.45669291338583 13.039370078740157 moyens
207.21259842519686 505.7007874015748 55.55905511811024 13.039370078740157 d’expres-

4.818897637795276 517.3228346456693 37.7007874015748 10.488188976377952 sion
28.346456692913385 517.3228346456693 37.7007874015748 10.488188976377952 afin
51.874015748031496 517.3228346456693 65.76377952755905 10.488188976377952 d’enrichir
103.46456692913385 517.3228346456693 28.062992125984252 10.488188976377952 et
117.63779527559055 517.3228346456693 28.062992125984252 10.488188976377952 de
131.81102362204723 517.3228346456693 47.05511811023622 10.488188976377952 varier
164.69291338582678 517.3228346456693 28.062992125984252 10.488188976377952 le
178.86614173228347 517.3228346456693 51.59055118110236 10.488188976377952 langage
211.748031496063 517.3228346456693 51.59055118110236 10.488188976377952 plastique

4.818897637795276 527.2440944881889 29.763779527559056 11.05511811023622 et
19.84251968503937 527.2440944881889 69.44881889763779 11.05511811023622 graphique,
74.55118110236221 527.2440944881889 39.68503937007874 11.05511811023622 nous
99.21259842519684 527.2440944881889 49.60629921259842 11.05511811023622 aurons
134.07874015748033 527.2440944881889 74.55118110236221 11.05511811023622 circonscrit
193.60629921259843 527.2440944881889 34.86614173228347 11.05511811023622 les
208.3464566929134 527.2440944881889 54.70866141732284 11.05511811023622 tendances

5.3858267716535435 536.0314960629921 70.2992125984252 13.88976377952756 principales
61.79527559055118 536.0314960629921 32.881889763779526 13.88976377952756 des
80.50393700787401 536.0314960629921 37.41732283464567 13.88976377952756 arts
103.74803149606299 536.0314960629921 65.48031496062993 13.88976377952756 plastiques
155.33858267716536 536.0314960629921 56.125984251968504 13.88976377952756 bulgares
197.5748031496063 536.0314960629921 23.52755905511811 13.88976377952756 à
206.9291338582677 536.0314960629921 51.59055118110236 13.88976377952756 l’étape
239.5275590551181 536.0314960629921 23.52755905511811 13.88976377952756 ac-

5.3858267716535435 549.0708661417323 49.32283464566929 10.204724409448819 tuelle
39.68503937007874 549.0708661417323 29.480314960629922 10.204724409448819 de
54.70866141732284 549.0708661417323 39.40157480314961 10.204724409448819 leur
74.26771653543307 549.0708661417323 79.08661417322834 10.204724409448819 développement.

18.141732283464567 561.8267716535433 43.37007874015748 11.905511811023622 L’art
47.05511811023622 561.8267716535433 28.913385826771652 11.905511811023622 au
61.511811023622045 561.8267716535433 53.00787401574803 11.905511811023622 service
99.77952755905511 561.8267716535433 28.913385826771652 11.905511811023622 de
114.23622047244095 561.8267716535433 67.18110236220473 11.905511811023622 l’homme...
167.24409448818898 561.8267716535433 28.913385826771652 11.905511811023622 On
181.70078740157481 561.8267716535433 28.913385826771652 11.905511811023622 ne
196.15748031496062 561.8267716535433 53.00787401574803 11.905511811023622 saurait
229.60629921259843 561.8267716535433 33.732283464566926 11.905511811023622 mieux

5.669291338582677 570.6141732283464 52.44094488188976 13.88976377952756 définir
43.93700787401575 570.6141732283464 28.62992125984252 13.88976377952756 la
58.110236220472444 570.6141732283464 66.61417322834646 13.88976377952756 profession
110.55118110236221 570.6141732283464 28.62992125984252 13.88976377952756 de
124.7244094488189 570.6141732283464 33.44881889763779 13.88976377952756 foi
144.0 570.6141732283464 33.44881889763779 13.88976377952756 des
162.99212598425197 570.6141732283464 47.62204724409449 13.88976377952756 jeunes
196.44094488188978 570.6141732283464 57.25984251968504 13.88976377952756 artistes
234.4251968503937 570.6141732283464 28.62992125984252 13.88976377952756 bul

0.0 584.503937007874 40.53543307086614 12.755905511811024 gares.

173.48031496062993 604.0629921259842 54.70866141732284 15.307086614173228 Nicolas
208.62992125984252 604.0629921259842 54.70866141732284 15.307086614173228 Mirtchev.

241.22834645669292 621.3543307086615 22.677165354330707 13.606299212598426 35
