287.1496062992126 672.6614173228346
203.81102362204723 26.078740157480315 80.22047244094489 15.590551181102363 ISRAEL

36.56692913385827 131.5275590551181 64.06299212598425 22.393700787401574 Commissaire
87.8740157480315 131.5275590551181 51.30708661417323 22.393700787401574 général:
126.4251968503937 131.5275590551181 55.55905511811024 22.393700787401574 Vaacov
164.69291338582678 131.5275590551181 42.803149606299215 22.393700787401574 Hoff

36.8503937007874 148.251968503937 50.74015748031496 15.590551181102363 Directeur
75.96850393700787 148.251968503937 43.08661417322835 15.590551181102363 Adjoint
107.14960629921259 148.251968503937 19.559055118110237 15.590551181102363 à
115.08661417322834 148.251968503937 23.52755905511811 15.590551181102363 la
126.70866141732283 148.251968503937 43.08661417322835 15.590551181102363 Section
158.17322834645668 148.251968503937 54.70866141732284 15.590551181102363 culturelle
200.9763779527559 148.251968503937 23.52755905511811 15.590551181102363 du
212.88188976377953 148.251968503937 50.74015748031496 15.590551181102363 Ministère
248.03149606299212 148.251968503937 15.590551181102363 15.590551181102363 de

36.56692913385827 160.15748031496062 57.54330708661417 15.590551181102363 l’Education
82.77165354330708 160.15748031496062 22.96062992125984 15.590551181102363 et
94.39370078740157 160.15748031496062 22.96062992125984 15.590551181102363 de
105.73228346456693 160.15748031496062 22.96062992125984 15.590551181102363 la
117.35433070866142 160.15748031496062 42.23622047244095 15.590551181102363 Culture
147.96850393700788 160.15748031496062 19.275590551181104 15.590551181102363 à
151.93700787401573 160.15748031496062 42.23622047244095 15.590551181102363 Tel

22.677165354330707 201.25984251968504 48.188976377952756 14.173228346456693 Notre
54.99212598425197 201.25984251968504 75.11811023622047 14.173228346456693 exposition
113.95275590551181 201.25984251968504 32.31496062992126 14.173228346456693 se
130.11023622047244 201.25984251968504 64.34645669291339 14.173228346456693 présente
178.29921259842519 201.25984251968504 48.188976377952756 14.173228346456693 comme
210.61417322834646 201.25984251968504 37.7007874015748 14.173228346456693 une
226.48818897637796 201.25984251968504 37.7007874015748 14.173228346456693 coupe

13.039370078740157 212.03149606299212 37.98425196850393 13.606299212598426 dans
36.8503937007874 212.03149606299212 42.803149606299215 13.606299212598426 l’art
65.19685039370079 212.03149606299212 61.79527559055118 13.606299212598426 israélien
112.81889763779527 212.03149606299212 28.346456692913385 13.606299212598426 au
126.99212598425197 212.03149606299212 47.338582677165356 13.606299212598426 niveau
160.15748031496062 212.03149606299212 33.16535433070866 13.606299212598426 des
179.1496062992126 212.03149606299212 66.33070866141732 13.606299212598426 recherches
231.30708661417322 212.03149606299212 28.346456692913385 13.606299212598426 de
240.66141732283464 212.03149606299212 23.811023622047244 13.606299212598426 ses

12.755905511811024 221.66929133858267 47.338582677165356 17.291338582677167 jeunes
45.92125984251968 221.66929133858267 56.69291338582677 17.291338582677167 artistes
88.44094488188976 221.66929133858267 37.98425196850393 17.291338582677167 dont
112.25196850393701 221.66929133858267 33.16535433070866 17.291338582677167 les
131.24409448818898 221.66929133858267 47.338582677165356 17.291338582677167 œuvres
164.1259842519685 221.66929133858267 61.511811023622045 17.291338582677167 diffèrent
211.46456692913387 221.66929133858267 33.16535433070866 17.291338582677167 non
225.63779527559055 221.66929133858267 37.98425196850393 17.291338582677167 seule-

13.88976377952756 234.70866141732284 35.1496062992126 11.905511811023622 ment
35.71653543307087 234.70866141732284 30.614173228346456 11.905511811023622 par
53.29133858267716 234.70866141732284 26.362204724409448 11.905511811023622 le
66.33070866141732 234.70866141732284 52.724409448818896 11.905511811023622 matériau
106.01574803149606 234.70866141732284 43.93700787401575 11.905511811023622 qu’ils
136.62992125984252 234.70866141732284 61.511811023622045 11.905511811023622 utilisent,
184.8188976377953 234.70866141732284 35.1496062992126 11.905511811023622 mais
206.9291338582677 234.70866141732284 39.40157480314961 11.905511811023622 aussi
233.29133858267716 234.70866141732284 30.614173228346456 11.905511811023622 par
246.33070866141733 234.70866141732284 17.5748031496063 11.905511811023622 la

13.039370078740157 246.61417322834646 41.95275590551181 12.755905511811024 façon
40.818897637795274 246.61417322834646 37.41732283464567 12.755905511811024 dont
64.34645669291339 246.61417322834646 32.59842519685039 12.755905511811024 ils
82.77165354330708 246.61417322834646 74.55118110236221 12.755905511811024 s’expriment.
143.43307086614172 246.61417322834646 32.59842519685039 12.755905511811024 Les
162.14173228346456 246.61417322834646 51.30708661417323 12.755905511811024 nuances
199.55905511811022 246.61417322834646 37.41732283464567 12.755905511811024 sont
217.98425196850394 246.61417322834646 46.77165354330709 12.755905511811024 diverses

12.755905511811024 254.83464566929135 30.89763779527559 15.874015748031496 et
28.062992125984252 254.83464566929135 36.0 15.874015748031496 les
48.75590551181102 254.83464566929135 56.69291338582677 15.874015748031496 chemins
89.85826771653544 254.83464566929135 66.89763779527559 15.874015748031496 nombreux,
141.16535433070865 254.83464566929135 36.0 15.874015748031496 que
161.85826771653544 254.83464566929135 30.89763779527559 15.874015748031496 ce
177.4488188976378 254.83464566929135 41.10236220472441 15.874015748031496 soit
202.96062992125985 254.83464566929135 41.10236220472441 15.874015748031496 dans
228.75590551181102 254.83464566929135 30.89763779527559 15.874015748031496 le
238.96062992125985 254.83464566929135 25.79527559055118 15.874015748031496 do-

13.32283464566929 267.87401574803147 42.803149606299215 11.905511811023622 maine
41.95275590551181 267.87401574803147 28.62992125984252 11.905511811023622 de
56.125984251968504 267.87401574803147 66.61417322834646 11.905511811023622 l’abstrait
108.28346456692914 267.87401574803147 52.15748031496063 11.905511811023622 partiel
146.26771653543307 267.87401574803147 28.62992125984252 11.905511811023622 ou
160.7244094488189 267.87401574803147 47.62204724409449 11.905511811023622 absolu
193.88976377952756 267.87401574803147 28.62992125984252 11.905511811023622 ou
208.06299212598427 267.87401574803147 37.98425196850393 11.905511811023622 bien
227.0551181102362 267.87401574803147 37.98425196850393 11.905511811023622 encore

13.32283464566929 274.96062992125985 37.41732283464567 15.023622047244094 dans
36.56692913385827 274.96062992125985 41.95275590551181 15.023622047244094 celui
64.62992125984252 274.96062992125985 28.062992125984252 15.023622047244094 du
78.51968503937007 274.96062992125985 65.48031496062993 15.023622047244094 figuratif,
129.82677165354332 274.96062992125985 41.95275590551181 15.023622047244094 quand
157.88976377952756 274.96062992125985 60.661417322834644 15.023622047244094 l’artiste
204.66141732283464 274.96062992125985 37.41732283464567 15.023622047244094 nous
223.37007874015748 274.96062992125985 41.95275590551181 15.023622047244094 dévoile

12.472440944881889 286.2992125984252 32.31496062992126 13.606299212598426 sa
28.62992125984252 286.2992125984252 53.85826771653543 13.606299212598426 vision
66.33070866141732 286.2992125984252 85.88976377952756 13.606299212598426 personnelle,
136.06299212598427 286.2992125984252 43.08661417322835 13.606299212598426 plus
162.99212598425197 286.2992125984252 32.31496062992126 13.606299212598426 ou
179.1496062992126 286.2992125984252 48.47244094488189 13.606299212598426 moins
211.1811023622047 286.2992125984252 53.85826771653543 13.606299212598426 proche
243.49606299212599 286.2992125984252 21.543307086614174 13.606299212598426 du

13.039370078740157 300.18897637795277 42.803149606299215 11.338582677165354 monde
41.669291338582674 300.18897637795277 38.267716535433074 11.338582677165354 réel
65.48031496062993 300.18897637795277 33.44881889763779 11.338582677165354 qui
84.75590551181102 300.18897637795277 38.267716535433074 11.338582677165354 nous
108.56692913385827 300.18897637795277 57.25984251968504 11.338582677165354 entoure,
151.37007874015748 300.18897637795277 28.62992125984252 11.338582677165354 ou
165.82677165354332 300.18897637795277 38.267716535433074 11.338582677165354 bien
189.63779527559055 300.18897637795277 62.07874015748032 11.338582677165354 stylisant
232.44094488188978 300.18897637795277 33.44881889763779 11.338582677165354 cette

13.039370078740157 308.6929133858268 53.29133858267716 12.755905511811024 réalité
51.874015748031496 308.6929133858268 28.913385826771652 12.755905511811024 ou
66.33070866141732 308.6929133858268 38.83464566929134 12.755905511811024 bien
90.4251968503937 308.6929133858268 48.47244094488189 12.755905511811024 encore
124.44094488188976 308.6929133858268 28.913385826771652 12.755905511811024 en
138.89763779527559 308.6929133858268 28.913385826771652 12.755905511811024 se
153.35433070866142 308.6929133858268 53.29133858267716 12.755905511811024 servant
192.18897637795277 308.6929133858268 28.913385826771652 12.755905511811024 de
201.82677165354332 308.6929133858268 53.29133858267716 12.755905511811024 symboles.

22.677165354330707 323.1496062992126 34.86614173228347 14.173228346456693 Les
42.803149606299215 323.1496062992126 59.811023622047244 14.173228346456693 tableaux
87.59055118110236 323.1496062992126 29.763779527559056 14.173228346456693 de
102.33070866141732 323.1496062992126 49.60629921259842 14.173228346456693 Shmuel
137.1968503937008 323.1496062992126 49.60629921259842 14.173228346456693 Bonneh
172.06299212598427 323.1496062992126 29.763779527559056 14.173228346456693 se
186.8031496062992 323.1496062992126 74.55118110236221 14.173228346456693 distinguent
241.51181102362204 323.1496062992126 24.944881889763778 14.173228346456693 par

13.32283464566929 333.6377952755906 26.64566929133858 11.622047244094489 la
26.64566929133858 333.6377952755906 48.75590551181102 11.622047244094489 couleur
62.36220472440945 333.6377952755906 39.968503937007874 11.622047244094489 forte
89.00787401574803 333.6377952755906 26.64566929133858 11.622047244094489 et
102.33070866141732 333.6377952755906 62.07874015748032 11.622047244094489 expressive
151.08661417322836 333.6377952755906 26.64566929133858 11.622047244094489 et
164.40944881889763 333.6377952755906 31.181102362204726 11.622047244094489 par
181.98425196850394 333.6377952755906 31.181102362204726 11.622047244094489 les
199.84251968503938 333.6377952755906 35.43307086614173 11.622047244094489 tons
221.95275590551182 333.6377952755906 44.503937007874015 11.622047244094489 clairs
248.5984251968504 333.6377952755906 17.858267716535433 11.622047244094489 et

12.755905511811024 346.96062992125985 45.63779527559055 11.338582677165354 purs,
43.08661417322835 346.96062992125985 86.1732283464567 11.338582677165354 contrastants,
114.23622047244095 346.96062992125985 40.53543307086614 11.338582677165354 dans
139.46456692913387 346.96062992125985 60.94488188976378 11.338582677165354 lesquels
185.10236220472441 346.96062992125985 30.330708661417322 11.338582677165354 on
200.40944881889763 346.96062992125985 60.94488188976378 11.338582677165354 retrouve
240.9448818897638 346.96062992125985 25.228346456692915 11.338582677165354 une

12.755905511811024 355.18110236220474 40.818897637795274 11.622047244094489 veine
39.968503937007874 355.18110236220474 68.03149606299213 11.622047244094489 décorative.
94.39370078740157 355.18110236220474 31.748031496062993 11.622047244094489 Son
112.53543307086615 355.18110236220474 49.889763779527556 11.622047244094489 univers
149.10236220472441 355.18110236220474 40.818897637795274 11.622047244094489 plein
176.31496062992127 355.18110236220474 27.212598425196852 11.622047244094489 de
189.92125984251967 355.18110236220474 40.818897637795274 11.622047244094489 force
217.13385826771653 355.18110236220474 45.354330708661415 11.622047244094489 vitale
244.3464566929134 355.18110236220474 22.677165354330707 11.622047244094489 est

12.755905511811024 366.23622047244095 55.275590551181104 13.88976377952756 peuplé
51.30708661417323 366.23622047244095 33.16535433070866 13.88976377952756 de
67.74803149606299 366.23622047244095 60.661417322834644 13.88976377952756 figures
111.96850393700787 366.23622047244095 77.38582677165354 13.88976377952756 stylisées,
172.91338582677164 366.23622047244095 88.44094488188976 13.88976377952756 expressives,
239.24409448818898 366.23622047244095 27.496062992125985 13.88976377952756 qui

12.188976377952756 378.70866141732284 86.74015748031496 11.05511811023622 apparaissent
82.77165354330708 378.70866141732284 65.19685039370079 11.05511811023622 derrière
131.5275590551181 378.70866141732284 37.98425196850393 11.05511811023622 des
153.35433070866142 378.70866141732284 65.19685039370079 11.05511811023622 fenêtres
202.11023622047244 378.70866141732284 32.59842519685039 11.05511811023622 et
218.5511811023622 378.70866141732284 37.98425196850393 11.05511811023622 des
234.70866141732284 378.70866141732284 32.59842519685039 11.05511811023622 murs

12.755905511811024 387.21259842519686 76.81889763779527 11.05511811023622 transparents
75.11811023622047 387.21259842519686 28.913385826771652 11.05511811023622 de
89.5748031496063 387.21259842519686 52.724409448818896 11.05511811023622 maisons
128.1259842519685 387.21259842519686 38.55118110236221 11.05511811023622 qui,
151.93700787401573 387.21259842519686 38.55118110236221 11.05511811023622 avec
176.03149606299212 387.21259842519686 28.913385826771652 11.05511811023622 le
190.48818897637796 387.21259842519686 52.724409448818896 11.05511811023622 paysage
228.75590551181102 387.21259842519686 33.732283464566926 11.05511811023622 qui
243.21259842519686 387.21259842519686 24.094488188976378 11.05511811023622 les

13.32283464566929 398.26771653543307 56.40944881889764 12.188976377952756 entoure,
55.84251968503937 398.26771653543307 65.76377952755905 12.188976377952756 rappellent
107.43307086614173 398.26771653543307 32.881889763779526 12.188976377952756 des
126.14173228346456 398.26771653543307 47.05511811023622 12.188976377952756 décors
159.0236220472441 398.26771653543307 65.76377952755905 12.188976377952756 scéniques.
210.61417322834646 398.26771653543307 28.062992125984252 12.188976377952756 Il
224.78740157480314 398.26771653543307 23.52755905511811 12.188976377952756 y
234.14173228346456 398.26771653543307 23.52755905511811 12.188976377952756 a
238.96062992125985 398.26771653543307 28.062992125984252 12.188976377952756 dans

12.755905511811024 410.1732283464567 34.86614173228347 11.622047244094489 ses
32.881889763779526 410.1732283464567 59.811023622047244 11.622047244094489 tableaux
77.66929133858268 410.1732283464567 34.86614173228347 11.622047244094489 une
97.79527559055119 410.1732283464567 64.91338582677166 11.622047244094489 narration
147.68503937007873 410.1732283464567 30.04724409448819 11.622047244094489 de
162.70866141732284 410.1732283464567 45.07086614173228 11.622047244094489 grâce
192.75590551181102 410.1732283464567 59.811023622047244 11.622047244094489 ingénue,
232.7244094488189 410.1732283464567 34.86614173228347 11.622047244094489 d’une

12.188976377952756 420.09448818897636 42.51968503937008 11.622047244094489 sève
38.83464566929134 420.09448818897636 69.16535433070867 11.622047244094489 populaire
92.1259842519685 420.09448818897636 32.031496062992126 11.622047244094489 et
108.0 420.09448818897636 79.93700787401575 11.622047244094489 savoureuse,
172.06299212598427 420.09448818897636 37.41732283464567 11.622047244094489 qui
193.3228346456693 420.09448818897636 47.90551181102362 11.622047244094489 tient
225.35433070866142 420.09448818897636 32.031496062992126 11.622047244094489 en
235.84251968503938 420.09448818897636 32.031496062992126 11.622047244094489 même

13.039370078740157 430.86614173228344 41.10236220472441 11.338582677165354 temps
40.25196850393701 430.86614173228344 27.212598425196852 11.338582677165354 au
54.14173228346457 430.86614173228344 41.10236220472441 11.338582677165354 choix
81.35433070866142 430.86614173228344 32.031496062992126 11.338582677165354 des
99.49606299212599 430.86614173228344 45.63779527559055 11.338582677165354 sujets
131.5275590551181 430.86614173228344 27.212598425196852 11.338582677165354 et
145.13385826771653 430.86614173228344 22.677165354330707 11.338582677165354 à
154.20472440944883 430.86614173228344 27.212598425196852 11.338582677165354 la
167.81102362204723 430.86614173228344 50.173228346456696 11.338582677165354 manière
204.3779527559055 430.86614173228344 36.56692913385827 11.338582677165354 dont
227.0551181102362 430.86614173228344 32.031496062992126 11.338582677165354 ils
240.9448818897638 430.86614173228344 27.212598425196852 11.338582677165354 sont

12.472440944881889 442.20472440944883 53.574803149606296 12.472440944881889 traités,
52.724409448818896 442.20472440944883 71.71653543307086 12.472440944881889 c’est-à-dire
111.11811023622047 442.20472440944883 31.46456692913386 12.472440944881889 par
128.9763779527559 442.20472440944883 31.46456692913386 12.472440944881889 une
146.83464566929135 442.20472440944883 80.50393700787401 12.472440944881889 simplification
209.48031496062993 442.20472440944883 58.110236220472444 12.472440944881889 quasi

12.472440944881889 451.84251968503935 33.16535433070866 13.32283464566929 qui
31.46456692913386 451.84251968503935 51.874015748031496 13.32283464566929 néglige
69.16535433070867 451.84251968503935 33.16535433070866 13.32283464566929 les
88.15748031496064 451.84251968503935 37.7007874015748 13.32283464566929 lois
111.68503937007874 451.84251968503935 28.346456692913385 13.32283464566929 du
125.85826771653544 451.84251968503935 37.7007874015748 13.32283464566929 réel
149.38582677165354 451.84251968503935 28.346456692913385 13.32283464566929 et
163.55905511811022 451.84251968503935 37.7007874015748 13.32283464566929 nous
187.37007874015748 451.84251968503935 66.04724409448819 13.32283464566929 transporte
234.4251968503937 451.84251968503935 33.16535433070866 13.32283464566929 ainsi

11.905511811023622 462.61417322834643 41.10236220472441 14.173228346456693 dans
37.41732283464567 462.61417322834643 30.89763779527559 14.173228346456693 un
53.00787401574803 462.61417322834643 46.20472440944882 14.173228346456693 monde
83.90551181102362 462.61417322834643 30.89763779527559 14.173228346456693 de
94.11023622047244 462.61417322834643 51.30708661417323 14.173228346456693 légende.

22.96062992125984 474.8031496062992 40.818897637795274 12.472440944881889 Dans
48.47244094488189 474.8031496062992 35.71653543307087 12.472440944881889 les
68.88188976377953 474.8031496062992 61.22834645669291 12.472440944881889 tableaux
114.80314960629921 474.8031496062992 30.614173228346456 12.472440944881889 de
130.11023622047244 474.8031496062992 40.818897637795274 12.472440944881889 Beny
155.90551181102362 474.8031496062992 51.023622047244096 12.472440944881889 Efrat,
191.6220472440945 474.8031496062992 35.71653543307087 12.472440944881889 les
212.03149606299212 474.8031496062992 51.023622047244096 12.472440944881889 formes
242.64566929133858 474.8031496062992 25.511811023622048 12.472440944881889 hu-

12.755905511811024 487.2755905511811 49.32283464566929 12.188976377952756 maines
47.05511811023622 487.2755905511811 58.960629921259844 12.188976377952756 occupent
91.55905511811024 487.2755905511811 34.58267716535433 12.188976377952756 une
111.11811023622047 487.2755905511811 44.22047244094488 12.188976377952756 place
140.5984251968504 487.2755905511811 29.480314960629922 12.188976377952756 de
155.33858267716536 487.2755905511811 49.32283464566929 12.188976377952756 choix.
189.92125984251967 487.2755905511811 34.58267716535433 12.188976377952756 Ses
209.76377952755905 487.2755905511811 49.32283464566929 12.188976377952756 toiles
239.24409448818898 487.2755905511811 29.480314960629922 12.188976377952756 sont

12.755905511811024 496.62992125984255 36.0 11.338582677165354 d’un
35.1496062992126 496.62992125984255 44.78740157480315 11.338582677165354 dessin
66.61417322834646 496.62992125984255 31.46456692913386 11.338582677165354 fin
84.75590551181102 496.62992125984255 26.929133858267715 11.338582677165354 et
98.07874015748031 496.62992125984255 58.39370078740158 11.338582677165354 sensible,
143.1496062992126 496.62992125984255 36.0 11.338582677165354 tout
165.54330708661416 496.62992125984255 26.929133858267715 11.338582677165354 en
178.86614173228347 496.62992125984255 67.46456692913385 11.338582677165354 vibrations,
228.18897637795277 496.62992125984255 40.53543307086614 11.338582677165354 l’usage

11.905511811023622 507.68503937007875 28.913385826771652 11.622047244094489 de
26.362204724409448 507.68503937007875 28.913385826771652 11.622047244094489 la
40.818897637795274 507.68503937007875 53.29133858267716 11.622047244094489 couleur
79.65354330708661 507.68503937007875 34.01574803149607 11.622047244094489 est
98.92913385826772 507.68503937007875 58.110236220472444 11.622047244094489 réservé,
142.58267716535434 507.68503937007875 34.01574803149607 11.622047244094489 les
161.85826771653544 507.68503937007875 53.29133858267716 11.622047244094489 couches
200.69291338582678 507.68503937007875 38.83464566929134 11.622047244094489 sont
219.96850393700788 507.68503937007875 48.47244094488189 11.622047244094489 transpa-

12.188976377952756 520.1574803149606 53.29133858267716 13.32283464566929 rentes,
51.023622047244096 520.1574803149606 34.01574803149607 13.32283464566929 les
70.2992125984252 520.1574803149606 53.29133858267716 13.32283464566929 touches
109.13385826771653 520.1574803149606 29.19685039370079 13.32283464566929 de
123.59055118110236 520.1574803149606 53.29133858267716 13.32283464566929 pinceau
162.4251968503937 520.1574803149606 62.92913385826772 13.32283464566929 aériennes
210.89763779527559 520.1574803149606 29.19685039370079 13.32283464566929 et
220.53543307086613 520.1574803149606 48.47244094488189 13.32283464566929 légères,

11.905511811023622 529.2283464566929 56.69291338582677 13.039370078740157 passant
53.00787401574803 529.2283464566929 82.48818897637796 13.039370078740157 délicatement
120.18897637795276 529.2283464566929 46.488188976377955 13.039370078740157 d’une
151.08661417322836 529.2283464566929 51.59055118110236 13.039370078740157 nuance
187.37007874015748 529.2283464566929 25.79527559055118 13.039370078740157 à
197.5748031496063 529.2283464566929 61.79527559055118 13.039370078740157 l’autre.
238.96062992125985 529.2283464566929 30.89763779527559 13.039370078740157 Leur

12.472440944881889 540.2834645669292 72.56692913385827 10.771653543307087 composition
70.58267716535433 540.2834645669292 33.732283464566926 10.771653543307087 est
89.85826771653544 540.2834645669292 58.110236220472444 10.771653543307087 calculée
133.22834645669292 540.2834645669292 38.55118110236221 10.771653543307087 avec
157.60629921259843 540.2834645669292 67.74803149606299 10.771653543307087 précision,
210.61417322834646 540.2834645669292 28.913385826771652 10.771653543307087 la
220.251968503937 540.2834645669292 48.47244094488189 10.771653543307087 réparti-

12.188976377952756 551.3385826771654 37.98425196850393 14.173228346456693 tion
36.0 551.3385826771654 33.16535433070866 14.173228346456693 des
54.99212598425197 551.3385826771654 56.976377952755904 14.173228346456693 surfaces
97.79527559055119 551.3385826771654 33.16535433070866 14.173228346456693 est
116.78740157480316 551.3385826771654 66.61417322834646 14.173228346456693 équilibrée
169.22834645669292 551.3385826771654 37.98425196850393 14.173228346456693 avec
193.03937007874015 551.3385826771654 47.62204724409449 14.173228346456693 sûreté
226.20472440944883 551.3385826771654 28.62992125984252 14.173228346456693 et
235.84251968503938 551.3385826771654 33.16535433070866 14.173228346456693 spon-

11.622047244094489 561.5433070866142 63.21259842519685 13.32283464566929 tanéité.
59.24409448818898 561.5433070866142 36.8503937007874 13.32283464566929 Ses
80.22047244094489 561.5433070866142 63.21259842519685 13.32283464566929 tableaux
127.55905511811024 561.5433070866142 42.23622047244095 13.32283464566929 sont
153.92125984251967 561.5433070866142 84.18897637795276 13.32283464566929 remarquables
222.51968503937007 561.5433070866142 36.8503937007874 13.32283464566929 par
238.39370078740157 561.5433070866142 31.748031496062993 13.32283464566929 leur

11.905511811023622 572.8818897637796 63.21259842519685 11.05511811023622 concision
60.37795275590551 572.8818897637796 24.37795275590551 11.05511811023622 à
70.2992125984252 572.8818897637796 29.19685039370079 11.05511811023622 la
84.75590551181102 572.8818897637796 38.83464566929134 11.05511811023622 fois
109.13385826771653 572.8818897637796 63.21259842519685 11.05511811023622 puissante
157.60629921259843 572.8818897637796 29.19685039370079 11.05511811023622 et
172.3464566929134 572.8818897637796 58.39370078740158 11.05511811023622 délicate
216.0 572.8818897637796 29.19685039370079 11.05511811023622 et
230.74015748031496 572.8818897637796 34.01574803149607 11.05511811023622 par
245.1968503937008 572.8818897637796 24.37795275590551 11.05511811023622 une

11.622047244094489 582.2362204724409 70.86614173228347 11.338582677165354 atmosphère
67.18110236220473 582.2362204724409 30.330708661417322 11.338582677165354 de
82.48818897637796 582.2362204724409 50.45669291338583 11.338582677165354 poésie
117.92125984251969 582.2362204724409 55.55905511811024 11.338582677165354 lyrique
158.45669291338584 582.2362204724409 35.43307086614173 11.338582677165354 qui
178.58267716535434 582.2362204724409 35.43307086614173 11.338582677165354 met
198.70866141732284 582.2362204724409 35.43307086614173 11.338582677165354 son
214.01574803149606 582.2362204724409 55.55905511811024 11.338582677165354 empreinte

11.905511811023622 593.2913385826772 32.881889763779526 14.740157480314961 sur
30.89763779527559 593.2913385826772 47.05511811023622 14.740157480314961 toutes
63.77952755905512 593.2913385826772 32.881889763779526 14.740157480314961 ses
77.95275590551181 593.2913385826772 42.51968503937008 14.740157480314961 œuvres.

22.96062992125984 606.8976377952756 35.43307086614173 11.338582677165354 Les
43.08661417322835 606.8976377952756 70.58267716535433 11.338582677165354 sculptures
98.64566929133858 606.8976377952756 30.330708661417322 11.338582677165354 de
113.66929133858268 606.8976377952756 45.354330708661415 11.338582677165354 Eshet
144.0 606.8976377952756 40.25196850393701 11.338582677165354 sont
169.22834645669292 606.8976377952756 75.68503937007874 11.338582677165354 constituées
229.88976377952756 606.8976377952756 35.43307086614173 11.338582677165354 par
244.91338582677164 606.8976377952756 25.228346456692915 11.338582677165354 des

11.905511811023622 617.3858267716536 51.59055118110236 13.32283464566929 plaques
49.60629921259842 617.3858267716536 42.23622047244095 13.32283464566929 fines
77.66929133858268 617.3858267716536 28.062992125984252 13.32283464566929 de
91.84251968503936 617.3858267716536 42.23622047244095 13.32283464566929 métal
119.90551181102362 617.3858267716536 51.59055118110236 13.32283464566929 soudées
157.3228346456693 617.3858267716536 42.23622047244095 13.32283464566929 l’une
185.38582677165354 617.3858267716536 23.52755905511811 13.32283464566929 à
194.74015748031496 617.3858267716536 51.59055118110236 13.32283464566929 l’autre
232.44094488188978 617.3858267716536 32.881889763779526 13.32283464566929 qui
246.33070866141733 617.3858267716536 23.52755905511811 13.32283464566929 re-

11.622047244094489 625.8897637795276 75.68503937007874 15.023622047244094 présentent
70.86614173228347 625.8897637795276 37.7007874015748 15.023622047244094 des
92.69291338582677 625.8897637795276 59.24409448818898 15.023622047244094 figures
135.7795275590551 625.8897637795276 32.31496062992126 15.023622047244094 et
151.93700787401573 625.8897637795276 37.7007874015748 15.023622047244094 des
173.48031496062993 625.8897637795276 59.24409448818898 15.023622047244094 membres
216.8503937007874 625.8897637795276 32.31496062992126 15.023622047244094 de
227.6220472440945 625.8897637795276 43.08661417322835 15.023622047244094 formes
