307.84251968503935 672.6614173228346
45.92125984251968 24.094488188976378 64.62992125984252 15.023622047244094 FRANCE

58.67716535433071 52.724409448818896 45.63779527559055 15.874015748031496 317
90.4251968503937 52.724409448818896 45.63779527559055 15.874015748031496 CENTRE
117.92125984251969 52.724409448818896 63.77952755905512 15.874015748031496 CULTUREL

58.960629921259844 65.76377952755905 53.00787401574803 14.740157480314961 Présenté
98.92913385826772 65.76377952755905 35.43307086614173 14.740157480314961 sous
120.75590551181102 65.76377952755905 39.68503937007874 14.740157480314961 forme
147.4015748031496 65.76377952755905 26.362204724409448 14.740157480314961 de
156.18897637795277 65.76377952755905 48.47244094488189 14.740157480314961 maquette.

52.724409448818896 77.10236220472441 70.86614173228347 15.590551181102363 Responsable:

58.39370078740158 90.70866141732283 45.07086614173228 24.094488188976378 Atila
92.1259842519685 90.70866141732283 48.75590551181102 24.094488188976378 BIRO
129.54330708661416 90.70866141732283 22.393700787401574 24.094488188976378 né
140.88188976377953 90.70866141732283 22.393700787401574 24.094488188976378 en
152.2204724409449 90.70866141732283 30.04724409448819 24.094488188976378 1931
170.9291338582677 90.70866141732283 18.708661417322833 24.094488188976378 à
178.29921259842519 90.70866141732283 45.07086614173228 24.094488188976378 Budapest
212.31496062992127 90.70866141732283 52.44094488188976 24.094488188976378 (Hongrie).
249.73228346456693 90.70866141732283 48.75590551181102 24.094488188976378 Architecte.

53.574803149606296 101.48031496062993 41.38582677165354 12.188976377952756 peintre.

58.67716535433071 113.10236220472441 44.503937007874015 17.858267716535433 Marc
90.99212598425197 113.10236220472441 60.661417322834644 17.858267716535433 ALVAREZ
139.748031496063 113.10236220472441 24.37795275590551 17.858267716535433 né
151.93700787401573 113.10236220472441 24.37795275590551 17.858267716535433 en
163.84251968503938 113.10236220472441 36.56692913385827 17.858267716535433 1941.
184.251968503937 113.10236220472441 56.69291338582677 17.858267716535433 Journaliste.

57.826771653543304 125.29133858267717 49.60629921259842 22.96062992125984 Claude
95.81102362204724 125.29133858267717 64.91338582677166 22.96062992125984 BEAUJOUR
149.38582677165354 125.29133858267717 22.96062992125984 22.96062992125984 né
161.00787401574803 125.29133858267717 22.96062992125984 22.96062992125984 en
172.3464566929134 125.29133858267717 30.614173228346456 22.96062992125984 1934
191.33858267716536 125.29133858267717 18.992125984251967 22.96062992125984 à
198.99212598425197 125.29133858267717 41.95275590551181 22.96062992125984 Auxerre
229.60629921259843 125.29133858267717 49.60629921259842 22.96062992125984 (France).
264.18897637795277 125.29133858267717 34.2992125984252 22.96062992125984 Peinte

52.724409448818896 134.9291338582677 53.29133858267716 12.188976377952756 fresquiste.

57.25984251968504 145.41732283464566 65.76377952755905 22.393700787401574 Jean-Pierre
111.96850393700787 145.41732283464566 51.023622047244096 22.393700787401574 FERRY
152.2204724409449 145.41732283464566 21.826771653543307 22.393700787401574 né
163.2755905511811 145.41732283464566 21.826771653543307 22.393700787401574 en
174.33070866141733 145.41732283464566 29.19685039370079 22.393700787401574 1937
192.4724409448819 145.41732283464566 18.141732283464567 22.393700787401574 à
199.84251968503938 145.41732283464566 36.56692913385827 22.393700787401574 Albert
225.35433070866142 145.41732283464566 47.62204724409449 22.393700787401574 (France).
258.23622047244095 145.41732283464566 40.25196850393701 22.393700787401574 Sculpteu.

56.125984251968504 160.15748031496062 70.01574803149606 19.559055118110237 Jean-Marie
113.95275590551181 160.15748031496062 61.79527559055118 19.559055118110237 RENAUD
163.2755905511811 160.15748031496062 24.661417322834644 19.559055118110237 né
175.748031496063 160.15748031496062 24.661417322834644 19.559055118110237 en
188.2204724409449 160.15748031496062 32.881889763779526 19.559055118110237 1938
208.62992125984252 160.15748031496062 20.69291338582677 19.559055118110237 à
212.88188976377953 160.15748031496062 86.45669291338582 19.559055118110237 St

57.826771653543304 168.3779527559055 58.960629921259844 16.440944881889763 (France).
98.64566929133858 168.3779527559055 63.496062992125985 16.440944881889763 Photographe.

55.55905511811024 215.71653543307087 47.90551181102362 21.826771653543307 318
89.00787401574803 215.71653543307087 52.44094488188976 21.826771653543307 L'ECOLE
127.2755905511811 215.71653543307087 62.07874015748032 21.826771653543307 LETTRISTE
175.1811023622047 215.71653543307087 28.62992125984252 21.826771653543307 AU
189.35433070866142 215.71653543307087 52.44094488188976 21.826771653543307 SERVICE
227.6220472440945 215.71653543307087 28.62992125984252 21.826771653543307 DU
237.25984251968504 215.71653543307087 62.07874015748032 21.826771653543307 FRONTDE

56.125984251968504 225.92125984251967 36.8503937007874 13.039370078740157 LA
76.53543307086615 225.92125984251967 56.976377952755904 13.039370078740157 JEUNESSE

56.40944881889764 239.5275590551181 53.29133858267716 17.858267716535433 Présentée
97.22834645669292 239.5275590551181 32.881889763779526 17.858267716535433 sous
117.92125984251969 239.5275590551181 36.8503937007874 17.858267716535433 forme
142.58267716535434 239.5275590551181 24.661417322834644 17.858267716535433 de
154.77165354330708 239.5275590551181 61.511811023622045 17.858267716535433 projections
199.84251968503938 239.5275590551181 73.98425196850394 17.858267716535433 audio

49.60629921259842 251.43307086614172 71.43307086614173 15.023622047244094 Responsable:

55.84251968503937 264.18897637795277 56.40944881889764 21.25984251968504 Roland
99.21259842519684 264.18897637795277 73.98425196850394 21.25984251968504 SABATIER
160.15748031496062 264.18897637795277 26.078740157480315 21.25984251968504 né
173.1968503937008 264.18897637795277 26.078740157480315 21.25984251968504 en
185.95275590551182 264.18897637795277 34.86614173228347 21.25984251968504 1942
207.7795275590551 264.18897637795277 21.826771653543307 21.25984251968504 à
216.56692913385828 264.18897637795277 52.15748031496063 21.25984251968504 Toulouse
251.1496062992126 264.18897637795277 47.90551181102362 21.25984251968504 (France.)

55.275590551181104 274.96062992125985 46.77165354330709 12.755905511811024 peintre,
86.45669291338582 274.96062992125985 42.803149606299215 12.755905511811024 écrivain.

55.55905511811024 286.2992125984252 61.79527559055118 19.275590551181104 Roberto
104.31496062992126 286.2992125984252 70.58267716535433 19.275590551181104 ALTMANN
161.5748031496063 286.2992125984252 26.362204724409448 19.275590551181104 né
174.89763779527559 286.2992125984252 26.362204724409448 19.275590551181104 en
188.2204724409449 286.2992125984252 35.43307086614173 19.275590551181104 1942
210.33070866141733 286.2992125984252 22.11023622047244 19.275590551181104 à
219.11811023622047 286.2992125984252 26.362204724409448 19.275590551181104 La
232.15748031496062 286.2992125984252 44.22047244094488 19.275590551181104 Havane
258.8031496062992 286.2992125984252 39.68503937007874 19.275590551181104 (Cuba).

51.30708661417323 296.78740157480314 69.44881889763779 13.32283464566929 Peintre

55.55905511811024 309.25984251968504 53.574803149606296 20.69291338582677 Pierre
96.94488188976378 309.25984251968504 66.04724409448819 20.69291338582677 BATTINI
150.51968503937007 309.25984251968504 24.661417322834644 20.69291338582677 né
162.70866141732284 309.25984251968504 24.661417322834644 20.69291338582677 en
175.1811023622047 309.25984251968504 32.881889763779526 20.69291338582677 1939
195.8740157480315 309.25984251968504 20.69291338582677 20.69291338582677 à
204.09448818897638 309.25984251968504 37.13385826771653 20.69291338582677 Paris
228.75590551181102 309.25984251968504 53.574803149606296 20.69291338582677 (France).
265.8897637795276 309.25984251968504 32.881889763779526 20.69291338582677 Peinte

54.425196850393704 319.748031496063 56.125984251968504 18.708661417322833 Viviane
98.36220472440945 319.748031496063 52.15748031496063 18.708661417322833 BROWN
138.33070866141733 319.748031496063 28.062992125984252 18.708661417322833 née
154.48818897637796 319.748031496063 24.094488188976378 18.708661417322833 en
166.39370078740157 319.748031496063 32.031496062992126 18.708661417322833 1940
186.51968503937007 319.748031496063 20.125984251968504 18.708661417322833 à
194.45669291338584 319.748031496063 43.93700787401575 18.708661417322833 Alençon
226.48818897637796 319.748031496063 52.15748031496063 18.708661417322833 (France).
262.48818897637796 319.748031496063 36.0 18.708661417322833 Peinte

49.889763779527556 329.1023622047244 55.55905511811024 13.88976377952756 journaliste.

54.70866141732284 342.70866141732284 68.31496062992126 19.84251968503937 Micheline
110.26771653543307 342.70866141732284 72.85039370078741 19.84251968503937 HACHETTE
170.07874015748033 342.70866141732284 30.04724409448819 19.84251968503937 née
187.37007874015748 342.70866141732284 25.79527559055118 19.84251968503937 en
200.1259842519685 342.70866141732284 34.2992125984252 19.84251968503937 1939
221.38582677165354 342.70866141732284 21.25984251968504 19.84251968503937 à
230.17322834645668 342.70866141732284 38.55118110236221 19.84251968503937 Paris
251.43307086614172 342.70866141732284 47.05511811023622 19.84251968503937 (France).

50.173228346456696 351.496062992126 41.95275590551181 12.188976377952756 Peintre.

54.425196850393704 363.9685039370079 41.38582677165354 20.125984251968504 Aude
84.4724409448819 363.9685039370079 64.06299212598425 20.125984251968504 JESSEMIN
137.1968503937008 363.9685039370079 26.362204724409448 20.125984251968504 née
152.2204724409449 363.9685039370079 22.677165354330707 20.125984251968504 en
163.2755905511811 363.9685039370079 30.04724409448819 20.125984251968504 1937
182.26771653543307 363.9685039370079 18.708661417322833 20.125984251968504 à
189.63779527559055 363.9685039370079 86.45669291338582 20.125984251968504 Premilly-sur-Claise
261.07086614173227 363.9685039370079 37.7007874015748 20.125984251968504 (France)

49.039370078740156 373.03937007874015 41.38582677165354 12.472440944881889 peintre.

53.85826771653543 384.66141732283467 48.188976377952756 17.007874015748033 Alain
89.85826771653544 384.66141732283467 24.094488188976378 17.007874015748033 de
102.04724409448819 384.66141732283467 60.37795275590551 17.007874015748033 LATOUR
150.23622047244095 384.66141732283467 24.094488188976378 17.007874015748033 né
162.14173228346456 384.66141732283467 24.094488188976378 17.007874015748033 en
174.33070866141733 384.66141732283467 32.031496062992126 17.007874015748033 1932
194.45669291338584 384.66141732283467 20.125984251968504 17.007874015748033 à
202.39370078740157 384.66141732283467 32.031496062992126 17.007874015748033 Auch
222.51968503937007 384.66141732283467 52.15748031496063 17.007874015748033 (France).
262.7716535433071 384.66141732283467 36.28346456692913 17.007874015748033 Homme
282.61417322834643 384.66141732283467 16.15748031496063 17.007874015748033 de

54.14173228346457 394.5826771653543 45.354330708661415 13.606299212598426 lettres.
84.18897637795276 394.5826771653543 37.7007874015748 13.606299212598426 Peintre.

54.14173228346457 406.7716535433071 76.53543307086615 17.291338582677167 Claude-Pierre
119.05511811023622 406.7716535433071 57.25984251968504 17.291338582677167 QUENIY
164.69291338582678 406.7716535433071 22.96062992125984 17.291338582677167 né
176.31496062992127 406.7716535433071 22.96062992125984 17.291338582677167 en
187.6535433070866 406.7716535433071 30.614173228346456 17.291338582677167 1941
206.9291338582677 406.7716535433071 18.992125984251967 17.291338582677167 à
210.61417322834646 406.7716535433071 87.8740157480315 17.291338582677167 Ferrières

54.70866141732284 415.84251968503935 53.574803149606296 14.173228346456693 (France).
91.55905511811024 415.84251968503935 41.10236220472441 14.173228346456693 peintre.

53.29133858267716 428.31496062992125 43.93700787401575 15.874015748031496 Alain
86.1732283464567 428.31496062992125 51.30708661417323 15.874015748031496 SATIER
126.4251968503937 428.31496062992125 21.826771653543307 15.874015748031496 né
137.48031496062993 428.31496062992125 21.826771653543307 15.874015748031496 en
148.53543307086613 428.31496062992125 29.19685039370079 15.874015748031496 1944
166.6771653543307 428.31496062992125 18.4251968503937 15.874015748031496 à
174.04724409448818 428.31496062992125 43.93700787401575 15.874015748031496 Toulouse
206.9291338582677 428.31496062992125 47.62204724409449 15.874015748031496 (France).
239.81102362204723 428.31496062992125 58.67716535433071 15.874015748031496 Peintre

52.15748031496063 440.503937007874 55.55905511811024 15.590551181102363 Jacques
95.81102362204724 440.503937007874 67.74803149606299 15.590551181102363 SPACAGNA
151.6535433070866 440.503937007874 23.811023622047244 15.590551181102363 né
163.55905511811022 440.503937007874 23.811023622047244 15.590551181102363 eb
175.46456692913387 440.503937007874 31.748031496062993 15.590551181102363 1936
195.30708661417322 440.503937007874 19.84251968503937 15.590551181102363 à
203.24409448818898 440.503937007874 35.71653543307087 15.590551181102363 Paris
227.0551181102362 440.503937007874 51.59055118110236 15.590551181102363 (France).
263.0551181102362 440.503937007874 35.71653543307087 15.590551181102363 Peinte.

53.574803149606296 450.1417322834646 59.811023622047244 17.291338582677167 Frédéric
101.19685039370079 450.1417322834646 63.77952755905512 17.291338582677167 STUDENY
153.0708661417323 450.1417322834646 23.811023622047244 17.291338582677167 né
164.9763779527559 450.1417322834646 23.811023622047244 17.291338582677167 en
176.88188976377953 450.1417322834646 31.748031496062993 17.291338582677167 1935
196.7244094488189 450.1417322834646 19.84251968503937 17.291338582677167 à
204.66141732283464 450.1417322834646 31.748031496062993 17.291338582677167 Agen
224.50393700787401 450.1417322834646 51.59055118110236 17.291338582677167 (France).
260.503937007874 450.1417322834646 35.71653543307087 17.291338582677167 Peinte.

55.275590551181104 461.4803149606299 45.63779527559055 19.275590551181104 Rosie
89.29133858267717 461.4803149606299 34.2992125984252 19.275590551181104 VRONS
112.25196850393701 461.4803149606299 41.95275590551181 19.275590551181104 KY
142.58267716535434 461.4803149606299 26.64566929133858 19.275590551181104 née
157.88976377952756 461.4803149606299 22.96062992125984 19.275590551181104 en
169.22834645669292 461.4803149606299 30.330708661417322 19.275590551181104 1937
188.50393700787401 461.4803149606299 18.992125984251967 19.275590551181104 à
195.8740157480315 461.4803149606299 34.2992125984252 19.275590551181104 Paris
218.83464566929135 461.4803149606299 49.60629921259842 19.275590551181104 (France).
253.13385826771653 461.4803149606299 45.63779527559055 19.275590551181104 Sculpteur.

51.59055118110236 507.11811023622045 45.07086614173228 15.874015748031496 319
78.51968503937007 507.11811023622045 81.07086614173228 15.874015748031496 ESPACE

52.724409448818896 519.3070866141733 35.43307086614173 18.992125984251967 Essai
76.53543307086615 519.3070866141733 23.811023622047244 18.992125984251967 de
88.15748031496064 519.3070866141733 39.40157480314961 18.992125984251967 centre
115.93700787401575 519.3070866141733 39.40157480314961 18.992125984251967 public
143.43307086614172 519.3070866141733 35.43307086614173 18.992125984251967 animé
167.24409448818898 519.3070866141733 31.46456692913386 18.992125984251967 pour
187.08661417322836 519.3070866141733 23.811023622047244 18.992125984251967 la
198.70866141732284 519.3070866141733 35.43307086614173 18.992125984251967 ville
222.51968503937007 519.3070866141733 23.811023622047244 18.992125984251967 de
230.45669291338584 519.3070866141733 39.40157480314961 18.992125984251967 Béziers.

52.724409448818896 532.0629921259842 51.59055118110236 17.5748031496063 Présenté
91.2755905511811 532.0629921259842 34.2992125984252 17.5748031496063 sous
112.81889763779527 532.0629921259842 38.83464566929134 17.5748031496063 forme
138.61417322834646 532.0629921259842 25.79527559055118 17.5748031496063 de
151.6535433070866 532.0629921259842 51.59055118110236 17.5748031496063 maquette
190.48818897637796 532.0629921259842 25.79527559055118 17.5748031496063 et
203.24409448818898 532.0629921259842 25.79527559055118 17.5748031496063 de
216.28346456692913 532.0629921259842 64.62992125984252 17.5748031496063 projections
263.62204724409446 532.0629921259842 34.2992125984252 17.5748031496063 audio

47.90551181102362 542.8346456692914 47.05511811023622 13.039370078740157 visuelles.

54.14173228346457 556.7244094488188 56.69291338582677 16.15748031496063 Surplombant
99.21259842519684 556.7244094488188 22.677165354330707 16.15748031496063 la
110.55118110236221 556.7244094488188 37.7007874015748 16.15748031496063 vallée
137.1968503937008 556.7244094488188 34.01574803149607 16.15748031496063 cette
159.59055118110237 556.7244094488188 60.37795275590551 16.15748031496063 construction
208.91338582677164 556.7244094488188 49.039370078740156 16.15748031496063 accueille
246.61417322834646 556.7244094488188 26.362204724409448 16.15748031496063 les
257.9527559055118 556.7244094488188 41.38582677165354 16.15748031496063 visiteurs

52.44094488188976 569.1968503937007 37.41732283464567 13.88976377952756 dans
75.68503937007874 569.1968503937007 32.59842519685039 13.88976377952756 une
94.39370078740157 569.1968503937007 55.84251968503937 13.88976377952756 ambiance
136.3464566929134 569.1968503937007 60.661417322834644 13.88976377952756 consacrée
182.83464566929135 569.1968503937007 28.062992125984252 13.88976377952756 au
196.7244094488189 569.1968503937007 46.488188976377955 13.88976377952756 Rugby.
229.3228346456693 569.1968503937007 32.59842519685039 13.88976377952756 Ces
243.49606299212599 569.1968503937007 55.84251968503937 13.88976377952756 visiteursy

53.29133858267716 577.1338582677165 55.55905511811024 14.173228346456693 pénètrent,
96.94488188976378 577.1338582677165 51.59055118110236 14.173228346456693 circulent
136.62992125984252 577.1338582677165 23.811023622047244 14.173228346456693 au
148.53543307086613 577.1338582677165 39.68503937007874 14.173228346456693 hasard
176.31496062992127 577.1338582677165 27.77952755905512 14.173228346456693 des
191.90551181102362 577.1338582677165 75.4015748031496 14.173228346456693 sollicitations,
251.43307086614172 577.1338582677165 47.62204724409449 14.173228346456693 empruntant

54.99212598425197 586.488188976378 24.661417322834644 12.472440944881889 les
68.88188976377953 586.488188976378 49.60629921259842 12.472440944881889 escaliers,
108.0 586.488188976378 24.661417322834644 12.472440944881889 les
122.1732283464567 586.488188976378 38.83464566929134 12.472440944881889 rampes,
150.51968503937007 586.488188976378 24.661417322834644 12.472440944881889 les
164.69291338582678 586.488188976378 35.43307086614173 12.472440944881889 ponts,
189.35433070866142 586.488188976378 24.661417322834644 12.472440944881889 les
203.5275590551181 586.488188976378 56.69291338582677 12.472440944881889 passerelles,
249.4488188976378 586.488188976378 24.661417322834644 12.472440944881889 les
260.2204724409449 586.488188976378 38.83464566929134 12.472440944881889 couloirs,

52.724409448818896 595.8425196850394 32.031496062992126 15.590551181102363 les
70.86614173228347 595.8425196850394 54.70866141732284 15.590551181102363 paliers,
111.96850393700787 595.8425196850394 32.031496062992126 15.590551181102363 les
130.39370078740157 595.8425196850394 82.20472440944881 15.590551181102363 plates-formes,
198.99212598425197 595.8425196850394 45.63779527559055 15.590551181102363 conçus
230.74015748031496 595.8425196850394 41.10236220472441 15.590551181102363 comme
258.23622047244095 595.8425196850394 32.031496062992126 15.590551181102363 une
271.84251968503935 595.8425196850394 27.496062992125985 15.590551181102363 œuve

52.724409448818896 605.1968503937007 49.32283464566929 14.173228346456693 sculptée
89.85826771653544 605.1968503937007 24.661417322834644 14.173228346456693 et
102.33070866141732 605.1968503937007 45.354330708661415 14.173228346456693 peinte.
135.21259842519686 605.1968503937007 28.913385826771652 14.173228346456693 Ils
151.6535433070866 605.1968503937007 49.32283464566929 14.173228346456693 prennent
188.50393700787401 605.1968503937007 70.01574803149606 14.173228346456693 connaissance,
246.04724409448818 605.1968503937007 37.13385826771653 14.173228346456693 comme
270.70866141732284 605.1968503937007 28.913385826771652 14.173228346456693 ils
283.18110236220474 605.1968503937007 16.440944881889763 14.173228346456693 le

51.874015748031496 615.9685039370079 46.20472440944882 13.606299212598426 seraient
86.74015748031496 615.9685039370079 34.86614173228347 13.606299212598426 grâce
109.98425196850394 615.9685039370079 19.275590551181104 13.606299212598426 à
117.63779527559055 615.9685039370079 23.244094488188978 13.606299212598426 la
129.25984251968504 615.9685039370079 38.55118110236221 13.606299212598426 camera
156.18897637795277 615.9685039370079 26.929133858267715 13.606299212598426 par
171.7795275590551 615.9685039370079 26.929133858267715 13.606299212598426 des
187.08661417322836 615.9685039370079 57.826771653543304 13.606299212598426 travellings
233.29133858267716 615.9685039370079 42.51968503937008 13.606299212598426 variés,
264.18897637795277 615.9685039370079 23.244094488188978 13.606299212598426 et
272.12598425196853 615.9685039370079 26.929133858267715 13.606299212598426 comme

51.023622047244096 622.2047244094488 36.0 18.992125984251967 s’ils
75.11811023622047 622.2047244094488 24.094488188976378 18.992125984251967 se
87.02362204724409 622.2047244094488 60.09448818897638 18.992125984251967 déplaçaient
135.21259842519686 622.2047244094488 52.15748031496063 18.992125984251967 librement
175.1811023622047 622.2047244094488 32.031496062992126 18.992125984251967 dans
195.30708661417322 622.2047244094488 52.15748031496063 18.992125984251967 l’espace,
235.55905511811022 622.2047244094488 36.0 18.992125984251967 d’une
255.4015748031496 622.2047244094488 44.22047244094488 18.992125984251967 évocation

48.188976377952756 638.9291338582677 23.244094488188978 13.606299212598426 150
