316.06299212598424 672.6614173228346
146.5511811023622 6.2362204724409445 84.4724409448819 17.5748031496063 RÉPUBLIQUE
211.1811023622047 6.2362204724409445 69.73228346456693 17.5748031496063 FÉDÉRALE

150.23622047244095 18.4251968503937 55.275590551181104 17.291338582677167 D
177.73228346456693 18.4251968503937 103.46456692913385 17.291338582677167 ALLEMAGNE

3.1181102362204722 44.78740157480315 65.48031496062993 21.25984251968504 vibrants,
53.574803149606296 44.78740157480315 70.58267716535433 21.25984251968504 transforme
108.85039370078741 44.78740157480315 30.330708661417322 21.25984251968504 la
123.8740157480315 44.78740157480315 55.275590551181104 21.25984251968504 gravité
164.40944881889763 44.78740157480315 30.330708661417322 21.25984251968504 du
179.43307086614172 44.78740157480315 45.354330708661415 21.25984251968504 métal
209.48031496062993 44.78740157480315 30.330708661417322 21.25984251968504 en
224.78740157480314 44.78740157480315 30.330708661417322 21.25984251968504 un
234.70866141732284 44.78740157480315 25.228346456692915 21.25984251968504 vol

3.6850393700787403 58.39370078740158 46.20472440944882 19.275590551181104 plané
34.58267716535433 58.39370078740158 30.89763779527559 19.275590551181104 se
49.889763779527556 58.39370078740158 56.69291338582677 19.275590551181104 mouvant
90.99212598425197 58.39370078740158 41.10236220472441 19.275590551181104 dans
116.78740157480316 58.39370078740158 36.0 19.275590551181104 des
137.48031496062993 58.39370078740158 56.69291338582677 19.275590551181104 espaces
178.58267716535434 58.39370078740158 66.89763779527559 19.275590551181104 lointains
224.78740157480314 58.39370078740158 36.0 19.275590551181104 comme

3.6850393700787403 74.26771653543307 28.913385826771652 13.32283464566929 un
13.32283464566929 74.26771653543307 33.732283464566926 13.32283464566929 rêve.

15.590551181102363 83.05511811023622 35.71653543307087 21.826771653543307 Les
36.0 83.05511811023622 51.023622047244096 21.826771653543307 images
71.71653543307086 83.05511811023622 40.818897637795274 21.826771653543307 d’un
97.22834645669292 83.05511811023622 45.92125984251968 21.826771653543307 blanc
127.84251968503936 83.05511811023622 66.33070866141732 21.826771653543307 d’hermine
179.1496062992126 83.05511811023622 56.125984251968504 21.826771653543307 formées
219.96850393700788 83.05511811023622 35.71653543307087 21.826771653543307 par
235.2755905511811 83.05511811023622 25.511811023622048 21.826771653543307 des

3.968503937007874 96.09448818897638 44.503937007874015 17.5748031496063 clous
33.44881889763779 96.09448818897638 29.763779527559056 17.5748031496063 de
48.47244094488189 96.09448818897638 49.60629921259842 17.5748031496063 Uecker
83.05511811023622 96.09448818897638 29.763779527559056 17.5748031496063 ne
97.79527559055119 96.09448818897638 64.34645669291339 17.5748031496063 reçoivent
147.4015748031496 96.09448818897638 44.503937007874015 17.5748031496063 aussi
176.88188976377953 96.09448818897638 39.68503937007874 17.5748031496063 leur
201.82677165354332 96.09448818897638 54.425196850393704 17.5748031496063 réalité
236.40944881889763 96.09448818897638 24.661417322834644 17.5748031496063 que

4.535433070866142 104.88188976377953 32.59842519685039 20.976377952755904 par
22.96062992125984 104.88188976377953 55.84251968503937 20.976377952755904 l’apport
64.91338582677166 104.88188976377953 28.062992125984252 20.976377952755904 de
79.08661417322834 104.88188976377953 28.062992125984252 20.976377952755904 la
92.97637795275591 104.88188976377953 55.84251968503937 20.976377952755904 lumière.
134.9291338582677 104.88188976377953 32.59842519685039 20.976377952755904 Ses
153.63779527559055 104.88188976377953 46.488188976377955 20.976377952755904 champs
186.23622047244095 104.88188976377953 28.062992125984252 20.976377952755904 et
195.59055118110237 104.88188976377953 65.19685039370079 20.976377952755904 dispositions

6.803149606299213 115.93700787401575 29.763779527559056 18.992125984251967 de
21.826771653543307 115.93700787401575 64.62992125984252 18.992125984251967 structure
71.43307086614173 115.93700787401575 49.60629921259842 18.992125984251967 formés
106.2992125984252 115.93700787401575 29.763779527559056 18.992125984251967 de
121.32283464566929 115.93700787401575 49.60629921259842 18.992125984251967 douces
156.18897637795277 115.93700787401575 74.55118110236221 18.992125984251967 ondulations
210.89763779527559 115.93700787401575 49.60629921259842 18.992125984251967 connais-

3.4015748031496065 125.00787401574803 41.10236220472441 20.409448818897637 sent
29.19685039370079 125.00787401574803 30.89763779527559 20.409448818897637 le
44.503937007874015 125.00787401574803 56.69291338582677 20.409448818897637 langage
85.60629921259843 125.00787401574803 30.89763779527559 20.409448818897637 du
101.19685039370079 125.00787401574803 41.10236220472441 20.409448818897637 vent
126.70866141732283 125.00787401574803 30.89763779527559 20.409448818897637 et
142.29921259842519 125.00787401574803 30.89763779527559 20.409448818897637 le
157.60629921259843 125.00787401574803 46.20472440944882 20.409448818897637 chant
188.50393700787401 125.00787401574803 66.89763779527559 20.409448818897637 méditatif
234.70866141732284 125.00787401574803 25.79527559055118 20.409448818897637 des

3.968503937007874 136.91338582677164 48.47244094488189 20.409448818897637 chœurs
37.7007874015748 136.91338582677164 91.84251968503936 20.409448818897637 pré-grégoriens.
115.08661417322834 136.91338582677164 58.110236220472444 20.409448818897637 Parfois,
158.74015748031496 136.91338582677164 28.913385826771652 20.409448818897637 il
173.1968503937008 136.91338582677164 53.29133858267716 20.409448818897637 enfonce
211.748031496063 136.91338582677164 33.732283464566926 20.409448818897637 ses
226.48818897637796 136.91338582677164 33.732283464566926 20.409448818897637 clous

3.968503937007874 148.251968503937 38.83464566929134 17.007874015748033 dans
28.062992125984252 148.251968503937 34.01574803149607 17.007874015748033 des
47.62204724409449 148.251968503937 53.29133858267716 17.007874015748033 tables,
86.45669291338582 148.251968503937 34.01574803149607 17.007874015748033 des
105.73228346456693 148.251968503937 53.29133858267716 17.007874015748033 chaises
144.56692913385828 148.251968503937 29.19685039370079 17.007874015748033 et
159.0236220472441 148.251968503937 38.83464566929134 17.007874015748033 même
183.11811023622047 148.251968503937 34.01574803149607 17.007874015748033 des
202.6771653543307 148.251968503937 53.29133858267716 17.007874015748033 pianos,
236.69291338582678 148.251968503937 24.094488188976378 17.007874015748033 les

4.535433070866142 159.30708661417322 82.48818897637796 17.5748031496063 rendantparfois
73.13385826771653 159.30708661417322 87.02362204724409 17.5748031496063 aussieffrayants
146.5511811023622 159.30708661417322 32.031496062992126 17.5748031496063 que
164.9763779527559 159.30708661417322 32.031496062992126 17.5748031496063 les
178.58267716535434 159.30708661417322 82.48818897637796 17.5748031496063 figures

4.251968503937008 171.7795275590551 66.04724409448819 15.590551181102363 africaines
56.40944881889764 171.7795275590551 37.7007874015748 15.590551181102363 dans
79.93700787401575 171.7795275590551 66.04724409448819 15.590551181102363 lesquelles
131.81102362204723 171.7795275590551 28.346456692913385 15.590551181102363 le
145.98425196850394 171.7795275590551 61.511811023622045 15.590551181102363 primitif,
193.3228346456693 171.7795275590551 47.338582677165356 15.590551181102363 poussé
226.20472440944883 171.7795275590551 33.16535433070866 15.590551181102363 par
240.3779527559055 171.7795275590551 18.992125984251967 15.590551181102363 la

4.535433070866142 179.71653543307087 44.503937007874015 18.141732283464567 force
34.01574803149607 179.71653543307087 29.480314960629922 18.141732283464567 de
48.75590551181102 179.71653543307087 29.480314960629922 18.141732283464567 la
63.496062992125985 179.71653543307087 49.32283464566929 18.141732283464567 magie,
98.07874015748031 179.71653543307087 24.661417322834644 18.141732283464567 a
108.0 179.71653543307087 54.14173228346457 18.141732283464567 enfoncé
147.4015748031496 179.71653543307087 34.58267716535433 18.141732283464567 des
167.24409448818898 179.71653543307087 64.06299212598425 18.141732283464567 centaines
216.28346456692913 179.71653543307087 29.480314960629922 18.141732283464567 de
226.20472440944883 179.71653543307087 34.58267716535433 18.141732283464567 clous

3.968503937007874 195.59055118110237 49.889763779527556 15.307086614173228 venant
34.01574803149607 195.59055118110237 54.99212598425197 15.307086614173228 d’Europe.

15.590551181102363 205.22834645669292 50.173228346456696 20.125984251968504 Macks
49.039370078740156 205.22834645669292 33.44881889763779 20.125984251968504 et
65.76377952755905 205.22834645669292 55.84251968503937 20.125984251968504 Uecker
104.88188976377953 205.22834645669292 61.22834645669291 20.125984251968504 forment
149.38582677165354 205.22834645669292 44.503937007874015 20.125984251968504 avec
177.16535433070865 205.22834645669292 44.503937007874015 20.125984251968504 Otto
204.9448818897638 205.22834645669292 55.84251968503937 20.125984251968504 Pienne
238.39370078740157 205.22834645669292 22.393700787401574 20.125984251968504 le

3.968503937007874 218.83464566929135 50.45669291338583 18.4251968503937 groupe
39.40157480314961 218.83464566929135 45.354330708661415 18.4251968503937 Zéro.
69.44881889763779 218.83464566929135 40.25196850393701 18.4251968503937 Dans
94.67716535433071 218.83464566929135 45.354330708661415 18.4251968503937 leurs
124.7244094488189 218.83464566929135 75.4015748031496 18.4251968503937 manifestes,
185.38582677165354 218.83464566929135 35.1496062992126 18.4251968503937 ils
205.51181102362204 218.83464566929135 55.275590551181104 18.4251968503937 vantent
240.66141732283464 218.83464566929135 20.125984251968504 18.4251968503937 la

5.3858267716535435 228.75590551181102 46.488188976377955 17.858267716535433 pureté
37.7007874015748 228.75590551181102 27.77952755905512 17.858267716535433 de
51.59055118110236 228.75590551181102 27.77952755905512 17.858267716535433 la
65.48031496062993 228.75590551181102 55.55905511811024 17.858267716535433 couleur,
107.43307086614173 228.75590551181102 27.77952755905512 17.858267716535433 la
121.32283464566929 228.75590551181102 69.73228346456693 17.858267716535433 fascination
176.88188976377953 228.75590551181102 27.77952755905512 17.858267716535433 de
190.77165354330708 228.75590551181102 27.77952755905512 17.858267716535433 la
204.9448818897638 228.75590551181102 55.55905511811024 17.858267716535433 lumière,
242.07874015748033 228.75590551181102 18.4251968503937 17.858267716535433 la

4.535433070866142 240.09448818897638 54.425196850393704 17.5748031496063 beauté
42.51968503937008 240.09448818897638 32.59842519685039 17.5748031496063 du
58.960629921259844 240.09448818897638 70.58267716535433 17.5748031496063 mouvement
113.10236220472441 240.09448818897638 54.425196850393704 17.5748031496063 freiné
151.37007874015748 240.09448818897638 32.59842519685039 17.5748031496063 et
167.5275590551181 240.09448818897638 32.59842519685039 17.5748031496063 la
183.96850393700788 240.09448818897638 75.96850393700787 17.5748031496063 possiblité
238.11023622047244 240.09448818897638 21.826771653543307 17.5748031496063 du

5.3858267716535435 252.56692913385828 70.58267716535433 15.307086614173228 changement.
62.07874015748032 252.56692913385828 37.7007874015748 15.307086614173228 Leur
85.60629921259843 252.56692913385828 51.874015748031496 15.307086614173228 travail
123.30708661417323 252.56692913385828 56.40944881889764 15.307086614173228 d’équipe
165.54330708661416 252.56692913385828 28.346456692913385 15.307086614173228 en
179.71653543307087 252.56692913385828 32.881889763779526 15.307086614173228 est
198.4251968503937 252.56692913385828 28.346456692913385 15.307086614173228 la
208.06299212598427 252.56692913385828 42.23622047244095 15.307086614173228 preuve.

17.291338582677167 269.8582677165354 45.354330708661415 12.188976377952756 Bernd
47.62204724409449 269.8582677165354 50.45669291338583 12.188976377952756 Vôlkle
83.05511811023622 269.8582677165354 50.45669291338583 12.188976377952756 montre
118.48818897637796 269.8582677165354 35.43307086614173 12.188976377952756 que
138.61417322834646 269.8582677165354 55.55905511811024 12.188976377952756 l’usage
179.1496062992126 269.8582677165354 35.43307086614173 12.188976377952756 des
199.2755905511811 269.8582677165354 50.45669291338583 12.188976377952756 moyens
229.60629921259843 269.8582677165354 30.330708661417322 12.188976377952756 tra-

5.102362204724409 280.06299212598424 66.04724409448819 14.456692913385826 ditionnels
56.976377952755904 280.06299212598424 23.52755905511811 14.456692913385826 -
66.61417322834646 280.06299212598424 51.874015748031496 14.456692913385826 toiles,
104.31496062992126 280.06299212598424 56.69291338582677 14.456692913385826 pinceaux
146.83464566929135 280.06299212598424 28.346456692913385 14.456692913385826 et
161.00787401574803 280.06299212598424 56.69291338582677 14.456692913385826 couleurs
203.24409448818898 280.06299212598424 23.52755905511811 14.456692913385826 à
212.88188976377953 280.06299212598424 51.874015748031496 14.456692913385826 l’huile-

6.519685039370079 287.7165354330709 71.14960629921259 15.874015748031496 n’impliquent
64.62992125984252 287.7165354330709 31.181102362204726 15.874015748031496 pas
82.20472440944881 287.7165354330709 31.181102362204726 15.874015748031496 une
100.06299212598425 287.7165354330709 39.968503937007874 15.874015748031496 perte
126.99212598425197 287.7165354330709 75.68503937007874 15.874015748031496 d’originalité
189.35433070866142 287.7165354330709 26.64566929133858 15.874015748031496 et
198.14173228346456 287.7165354330709 62.36220472440945 15.874015748031496 d’actualité.

5.3858267716535435 303.0236220472441 37.13385826771653 11.905511811023622 Ses
26.64566929133858 303.0236220472441 63.77952755905512 11.905511811023622 drapeaux
74.55118110236221 303.0236220472441 58.39370078740158 11.905511811023622 brossés
117.07086614173228 303.0236220472441 42.51968503937008 11.905511811023622 avec
143.71653543307087 303.0236220472441 79.65354330708661 11.905511811023622 tempérament
202.11023622047244 303.0236220472441 58.39370078740158 11.905511811023622 apparais-

4.818897637795276 309.8267716535433 42.51968503937008 14.740157480314961 sent
31.46456692913386 309.8267716535433 47.90551181102362 14.740157480314961 comme
63.496062992125985 309.8267716535433 32.031496062992126 14.740157480314961 de
79.37007874015748 309.8267716535433 74.55118110236221 14.740157480314961 véritables
138.04724409448818 309.8267716535433 58.67716535433071 14.740157480314961 signaux
180.56692913385828 309.8267716535433 53.29133858267716 14.740157480314961 tandis
212.5984251968504 309.8267716535433 47.90551181102362 14.740157480314961 qu’Axel

6.2362204724409445 321.73228346456693 44.22047244094488 14.456692913385826 Knopp
35.43307086614173 321.73228346456693 39.118110236220474 14.456692913385826 fait
60.09448818897638 321.73228346456693 53.85826771653543 14.456692913385826 jaillir
99.21259842519684 321.73228346456693 34.2992125984252 14.456692913385826 des
118.77165354330708 321.73228346456693 53.85826771653543 14.456692913385826 lettres
158.17322834645668 321.73228346456693 29.480314960629922 14.456692913385826 de
172.91338582677164 321.73228346456693 49.039370078740156 14.456692913385826 plomb,
207.21259842519686 321.73228346456693 34.2992125984252 14.456692913385826 une
221.95275590551182 321.73228346456693 39.118110236220474 14.456692913385826 source

5.102362204724409 333.6377952755906 94.11023622047244 12.188976377952756 d’associations
83.33858267716535 333.6377952755906 62.92913385826772 12.188976377952756 humaines
130.6771653543307 333.6377952755906 31.46456692913386 12.188976377952756 et
146.26771653543307 333.6377952755906 73.13385826771653 12.188976377952756 techniques
203.81102362204723 333.6377952755906 31.46456692913386 12.188976377952756 en
214.29921259842519 333.6377952755906 47.05511811023622 12.188976377952756 rapport

5.3858267716535435 345.25984251968504 38.83464566929134 13.88976377952756 avec
29.480314960629922 345.25984251968504 38.83464566929134 13.88976377952756 tout
53.85826771653543 345.25984251968504 29.19685039370079 13.88976377952756 ce
68.31496062992126 345.25984251968504 34.01574803149607 13.88976377952756 qui
87.8740157480315 345.25984251968504 48.47244094488189 13.88976377952756 touche
121.60629921259843 345.25984251968504 29.19685039370079 13.88976377952756 au
131.24409448818898 345.25984251968504 34.01574803149607 13.88976377952756 sexe.

17.291338582677167 360.56692913385825 36.28346456692913 12.755905511811024 Les
37.98425196850393 360.56692913385825 72.56692913385827 12.755905511811024 découpures
94.96062992125984 360.56692913385825 31.181102362204726 12.755905511811024 en
110.55118110236221 360.56692913385825 62.07874015748032 12.755905511811024 linoléum
157.03937007874015 360.56692913385825 31.181102362204726 12.755905511811024 de
172.62992125984252 360.56692913385825 62.07874015748032 12.755905511811024 couleurs
214.01574803149606 360.56692913385825 46.77165354330709 12.755905511811024 simple-

5.3858267716535435 371.62204724409446 39.40157480314961 11.622047244094489 ment
29.763779527559056 371.62204724409446 29.480314960629922 11.622047244094489 et
44.78740157480315 371.62204724409446 68.88188976377953 11.622047244094489 clairement
98.92913385826772 371.62204724409446 68.88188976377953 11.622047244094489 assemblées
153.0708661417323 371.62204724409446 29.480314960629922 11.622047244094489 de
167.81102362204723 371.62204724409446 29.480314960629922 11.622047244094489 H.
182.5511811023622 371.62204724409446 29.480314960629922 11.622047244094489 M.
197.29133858267716 371.62204724409446 54.14173228346457 11.622047244094489 Erhardt
231.8740157480315 371.62204724409446 29.480314960629922 11.622047244094489 dont

5.669291338582677 381.54330708661416 32.031496062992126 13.039370078740157 les
23.811023622047244 381.54330708661416 50.173228346456696 13.039370078740157 valeurs
60.37795275590551 381.54330708661416 50.173228346456696 13.039370078740157 placées
96.94488188976378 381.54330708661416 41.10236220472441 13.039370078740157 l’une
124.44094488188976 381.54330708661416 36.56692913385827 13.039370078740157 près
147.11811023622047 381.54330708661416 27.496062992125985 13.039370078740157 de
161.00787401574803 381.54330708661416 50.173228346456696 13.039370078740157 l’autre
197.29133858267716 381.54330708661416 50.173228346456696 13.039370078740157 vibrent
229.3228346456693 381.54330708661416 32.031496062992126 13.039370078740157 sour-

4.535433070866142 391.748031496063 56.40944881889764 12.472440944881889 dement,
45.63779527559055 391.748031496063 41.10236220472441 12.472440944881889 nous
71.14960629921259 391.748031496063 66.89763779527559 12.472440944881889 informent
122.74015748031496 391.748031496063 30.89763779527559 12.472440944881889 de
138.04724409448818 391.748031496063 66.89763779527559 12.472440944881889 l’abandon
189.35433070866142 391.748031496063 36.0 12.472440944881889 des
210.04724409448818 391.748031496063 46.20472440944882 12.472440944881889 êtres
235.55905511811022 391.748031496063 25.79527559055118 12.472440944881889 vi-

4.818897637795276 405.07086614173227 42.803149606299215 11.05511811023622 vants
33.44881889763779 405.07086614173227 28.62992125984252 11.05511811023622 et
47.62204724409449 405.07086614173227 33.16535433070866 11.05511811023622 des
66.61417322834646 405.07086614173227 47.62204724409449 11.05511811023622 choses
100.06299212598425 405.07086614173227 37.98425196850393 11.05511811023622 qui,
123.8740157480315 405.07086614173227 37.98425196850393 11.05511811023622 dans
147.4015748031496 405.07086614173227 71.43307086614173 11.05511811023622 l’isolement
204.66141732283464 405.07086614173227 28.62992125984252 11.05511811023622 de
214.01574803149606 405.07086614173227 47.62204724409449 11.05511811023622 l’espace

5.102362204724409 416.12598425196853 62.07874015748032 14.456692913385826 attendent
53.00787401574803 416.12598425196853 33.44881889763779 14.456692913385826 des
72.0 416.12598425196853 66.89763779527559 14.456692913385826 rencontres
124.7244094488189 416.12598425196853 28.62992125984252 14.456692913385826 et
139.1811023622047 416.12598425196853 33.44881889763779 14.456692913385826 des
153.35433070866142 416.12598425196853 52.724409448818896 14.456692913385826 réponses.

17.007874015748033 431.43307086614175 39.968503937007874 14.456692913385826 Pour
41.95275590551181 431.43307086614175 29.763779527559056 14.456692913385826 la
56.976377952755904 431.43307086614175 59.811023622047244 14.456692913385826 première
101.76377952755905 431.43307086614175 44.78740157480315 14.456692913385826 fois,
131.5275590551181 431.43307086614175 74.55118110236221 14.456692913385826 l’Allemagne
191.33858267716536 431.43307086614175 59.811023622047244 14.456692913385826 Fédérale
231.30708661417322 431.43307086614175 29.763779527559056 14.456692913385826 pré-

5.3858267716535435 443.0551181102362 45.354330708661415 12.755905511811024 sente
35.71653543307087 443.0551181102362 25.228346456692915 12.755905511811024 à
45.63779527559055 443.0551181102362 45.354330708661415 12.755905511811024 Paris
75.96850393700787 443.0551181102362 35.1496062992126 12.755905511811024 les
96.09448818897638 443.0551181102362 55.275590551181104 12.755905511811024 travaux
136.3464566929134 443.0551181102362 30.04724409448819 12.755905511811024 de
151.37007874015748 443.0551181102362 50.173228346456696 12.755905511811024 jeunes
186.51968503937007 443.0551181102362 75.4015748031496 12.755905511811024 décorateurs
241.79527559055117 443.0551181102362 20.125984251968504 12.755905511811024 de

5.3858267716535435 452.40944881889766 62.645669291338585 13.606299212598426 théâtre.
52.44094488188976 452.40944881889766 31.46456692913386 13.606299212598426 Ce
68.03149606299213 452.40944881889766 41.95275590551181 13.606299212598426 sont
94.11023622047244 452.40944881889766 36.56692913385827 13.606299212598426 des
115.08661417322834 452.40944881889766 57.54330708661417 13.606299212598426 modèles
156.75590551181102 452.40944881889766 31.46456692913386 13.606299212598426 de
172.62992125984252 452.40944881889766 83.62204724409449 13.606299212598426 décorations,
235.2755905511811 452.40944881889766 26.078740157480315 13.606299212598426 des

5.952755905511811 464.31496062992125 77.10236220472441 12.188976377952756 propositions
68.5984251968504 464.31496062992125 28.913385826771652 12.188976377952756 et
83.05511811023622 464.31496062992125 33.732283464566926 12.188976377952756 des
102.33070866141732 464.31496062992125 72.28346456692914 12.188976377952756 expériences
160.44094488188978 464.31496062992125 62.645669291338585 12.188976377952756 destinées
208.62992125984252 464.31496062992125 24.094488188976378 12.188976377952756 à
218.26771653543307 464.31496062992125 43.37007874015748 12.188976377952756 jeter
242.36220472440945 464.31496062992125 19.275590551181104 12.188976377952756 le

5.669291338582677 475.37007874015745 50.173228346456696 10.771653543307087 trouble
41.95275590551181 475.37007874015745 36.28346456692913 10.771653543307087 dans
64.91338582677166 475.37007874015745 31.748031496062993 10.771653543307087 les
83.05511811023622 475.37007874015745 54.70866141732284 10.771653543307087 routines
119.33858267716535 475.37007874015745 59.24409448818898 10.771653543307087 existantes.

18.4251968503937 491.244094488189 34.01574803149607 13.88976377952756 Les
37.7007874015748 491.244094488189 68.03149606299213 13.88976377952756 partitions
91.2755905511811 491.244094488189 34.01574803149607 13.88976377952756 des
110.55118110236221 491.244094488189 77.66929133858268 13.88976377952756 compositeurs
173.76377952755905 491.244094488189 48.47244094488189 13.88976377952756 Dieter
202.96062992125985 491.244094488189 58.110236220472444 13.88976377952756 Schônbach,

7.3700787401574805 501.1653543307087 48.75590551181102 14.456692913385826 Roland
41.38582677165354 501.1653543307087 39.118110236220474 14.456692913385826 Kayn
66.04724409448819 501.1653543307087 29.19685039370079 14.456692913385826 et
80.50393700787401 501.1653543307087 87.8740157480315 14.456692913385826 Ernst-Albrecht
153.92125984251967 501.1653543307087 58.67716535433071 14.456692913385826 Stiebler
197.85826771653544 501.1653543307087 24.37795275590551 14.456692913385826 -
202.6771653543307 501.1653543307087 58.67716535433071 14.456692913385826 trahissent

6.2362204724409445 513.6377952755905 30.04724409448819 13.039370078740157 du
21.25984251968504 513.6377952755905 54.99212598425197 13.039370078740157 premier
61.22834645669291 513.6377952755905 39.968503937007874 13.039370078740157 coup
86.45669291338582 513.6377952755905 45.07086614173228 13.039370078740157 d’œil
116.22047244094489 513.6377952755905 45.07086614173228 13.039370078740157 qu’on
146.26771653543307 513.6377952755905 39.968503937007874 13.039370078740157 peut
171.21259842519686 513.6377952755905 34.86614173228347 13.039370078740157 non
191.33858267716536 513.6377952755905 64.91338582677166 13.039370078740157 seulement
236.40944881889763 513.6377952755905 24.944881889763778 13.039370078740157 les

7.086614173228346 524.4094488188977 38.267716535433074 15.307086614173228 lire
31.181102362204726 524.4094488188977 38.267716535433074 15.307086614173228 mais
54.99212598425197 524.4094488188977 43.08661417322835 15.307086614173228 qu’on
83.90551181102362 524.4094488188977 38.267716535433074 15.307086614173228 peut
107.71653543307086 524.4094488188977 43.08661417322835 15.307086614173228 aussi
136.62992125984252 524.4094488188977 28.913385826771652 15.307086614173228 en
151.08661417322836 524.4094488188977 43.08661417322835 15.307086614173228 jouir
179.71653543307087 524.4094488188977 28.913385826771652 15.307086614173228 en
194.17322834645668 524.4094488188977 38.267716535433074 15.307086614173228 tant
218.26771653543307 524.4094488188977 33.44881889763779 15.307086614173228 que
232.44094488188978 524.4094488188977 28.913385826771652 15.307086614173228 gra-

7.3700787401574805 536.3149606299213 48.75590551181102 12.188976377952756 phique
41.38582677165354 536.3149606299213 73.41732283464567 12.188976377952756 sculptural.
100.06299212598425 536.3149606299213 34.2992125984252 12.188976377952756 Ces
119.62204724409449 536.3149606299213 68.31496062992126 12.188976377952756 partitions
173.48031496062993 536.3149606299213 39.118110236220474 12.188976377952756 nous
197.85826771653544 536.3149606299213 58.67716535433071 12.188976377952756 montrent
236.9763779527559 536.3149606299213 24.37795275590551 12.188976377952756 que

7.3700787401574805 546.2362204724409 31.748031496062993 13.32283464566929 les
25.511811023622048 546.2362204724409 72.85039370078741 13.32283464566929 possibilités
84.75590551181102 546.2362204724409 27.212598425196852 13.32283464566929 de
98.36220472440945 546.2362204724409 27.212598425196852 13.32283464566929 la
111.96850393700787 546.2362204724409 49.889763779527556 13.32283464566929 musique
148.251968503937 546.2362204724409 27.212598425196852 13.32283464566929 et
161.85826771653544 546.2362204724409 27.212598425196852 13.32283464566929 de
175.46456692913387 546.2362204724409 40.818897637795274 13.32283464566929 l’art
202.96062992125985 546.2362204724409 58.960629921259844 13.32283464566929 plastique
243.7795275590551 546.2362204724409 18.141732283464567 13.32283464566929 se

7.086614173228346 558.1417322834645 40.818897637795274 12.188976377952756 sont
32.59842519685039 558.1417322834645 76.25196850393701 12.188976377952756 rapprochées
93.54330708661418 558.1417322834645 55.84251968503937 12.188976377952756 d’assez
134.36220472440945 558.1417322834645 45.63779527559055 12.188976377952756 près.
164.69291338582678 558.1417322834645 40.818897637795274 12.188976377952756 Avec
190.20472440944883 558.1417322834645 45.63779527559055 12.188976377952756 juste
215.71653543307087 558.1417322834645 45.63779527559055 12.188976377952756 raison,

8.220472440944881 566.3622047244095 48.47244094488189 15.590551181102363 Roland
42.23622047244095 566.3622047244095 38.83464566929134 15.590551181102363 Kayn
66.61417322834646 566.3622047244095 58.39370078740158 15.590551181102363 constate
110.26771653543307 566.3622047244095 24.37795275590551 15.590551181102363 :
119.90551181102362 566.3622047244095 29.19685039370079 15.590551181102363 La
134.36220472440945 566.3622047244095 68.03149606299213 15.590551181102363 dispersion
187.93700787401573 566.3622047244095 29.19685039370079 15.590551181102363 de
202.39370078740157 566.3622047244095 29.19685039370079 15.590551181102363 la
212.31496062992127 566.3622047244095 48.47244094488189 15.590551181102363 sonorité

7.937007874015748 579.4015748031496 27.77952755905512 13.039370078740157 et
21.826771653543307 579.4015748031496 32.31496062992126 13.039370078740157 les
40.25196850393701 579.4015748031496 69.16535433070867 13.039370078740157 différentes
95.5275590551181 579.4015748031496 73.7007874015748 13.039370078740157 possibilités
155.33858267716536 579.4015748031496 27.77952755905512 13.039370078740157 de
169.22834645669292 579.4015748031496 27.77952755905512 13.039370078740157 la
183.11811023622047 579.4015748031496 64.62992125984252 13.039370078740157 dispersion
233.5748031496063 579.4015748031496 27.77952755905512 13.039370078740157 de
242.9291338582677 579.4015748031496 18.4251968503937 13.039370078740157 la

7.653543307086614 590.4566929133858 52.724409448818896 10.204724409448819 couleur
45.92125984251968 590.4566929133858 28.62992125984252 10.204724409448819 en
60.37795275590551 590.4566929133858 38.267716535433074 10.204724409448819 tant
84.18897637795276 590.4566929133858 33.44881889763779 10.204724409448819 que
103.46456692913385 590.4566929133858 66.89763779527559 10.204724409448819 diversion,
156.18897637795277 590.4566929133858 81.35433070866142 10.204724409448819 fléchissement
223.08661417322836 590.4566929133858 28.62992125984252 10.204724409448819 ou
232.7244094488189 590.4566929133858 28.62992125984252 10.204724409448819 bri-

45.92125984251968 601.2283464566929 68.31496062992126 13.039370078740157 sonorité,
98.64566929133858 601.2283464566929 89.29133858267717 13.039370078740157 correspondent
172.3464566929134 601.2283464566929 26.362204724409448 13.039370078740157 à
182.83464566929135 601.2283464566929 36.8503937007874 13.039370078740157 des
198.4251968503937 601.2283464566929 63.21259842519685 13.039370078740157 événements

7.086614173228346 610.5826771653543 67.18110236220473 15.874015748031496 semblables
60.09448818897638 610.5826771653543 38.55118110236221 15.874015748031496 dans
83.90551181102362 610.5826771653543 28.913385826771652 15.874015748031496 le
98.36220472440945 610.5826771653543 53.00787401574803 15.874015748031496 domaine
136.91338582677164 610.5826771653543 28.913385826771652 15.874015748031496 de
151.37007874015748 610.5826771653543 67.18110236220473 15.874015748031496 l’optique.
204.09448818897638 610.5826771653543 33.732283464566926 15.874015748031496 Les
223.37007874015748 610.5826771653543 38.55118110236221 15.874015748031496 sons
242.64566929133858 610.5826771653543 19.275590551181104 15.874015748031496 se

240.66141732283464 629.007874015748 20.976377952755904 13.32283464566929 23
