307.84251968503935 660.7559055118111
38.55118110236221 8.503937007874017 169.79527559055117 23.52755905511811 MANIFESTATIONS
176.03149606299212 8.503937007874017 105.16535433070867 23.52755905511811 ANNEXES

138.33070866141733 56.69291338582677 59.811023622047244 20.125984251968504 GALERIE
185.10236220472441 56.69291338582677 25.511811023622048 20.125984251968504 DE
193.88976377952756 56.69291338582677 51.30708661417323 20.125984251968504 FRANCE

88.44094488188976 68.88188976377953 25.511811023622048 19.84251968503937 3.
101.19685039370079 68.88188976377953 51.30708661417323 19.84251968503937 faubourg
139.748031496063 68.88188976377953 59.811023622047244 19.84251968503937 St-Honoré,
186.51968503937007 68.88188976377953 38.55118110236221 19.84251968503937 Paris
212.31496062992127 68.88188976377953 38.55118110236221 19.84251968503937 (8e)-
237.82677165354332 68.88188976377953 34.2992125984252 19.84251968503937 ANJ.
255.11811023622047 68.88188976377953 29.763779527559056 19.84251968503937 69

86.45669291338582 81.07086614173228 59.24409448818898 19.559055118110237 Exposition
132.9448818897638 81.07086614173228 25.511811023622048 19.559055118110237 du
145.70078740157481 81.07086614173228 29.763779527559056 19.559055118110237 1er
162.70866141732284 81.07086614173228 46.488188976377955 19.559055118110237 octobre
196.44094488188978 81.07086614173228 25.511811023622048 19.559055118110237 au
209.1968503937008 81.07086614173228 25.511811023622048 19.559055118110237 13
221.95275590551182 81.07086614173228 50.74015748031496 19.559055118110237 novembre
255.68503937007873 81.07086614173228 29.763779527559056 19.559055118110237 1965.

87.02362204724409 93.54330708661418 56.40944881889764 19.275590551181104 Vernissage
131.24409448818898 93.54330708661418 24.094488188976378 19.275590551181104 le
143.43307086614172 93.54330708661418 48.47244094488189 19.275590551181104 vendredi
179.71653543307087 93.54330708661418 28.062992125984252 19.275590551181104 1er
195.59055118110237 93.54330708661418 44.22047244094488 19.275590551181104 octobre
227.90551181102362 93.54330708661418 24.094488188976378 19.275590551181104 de
240.09448818897638 93.54330708661418 24.094488188976378 19.275590551181104 17
252.0 93.54330708661418 20.125984251968504 19.275590551181104 à
260.2204724409449 93.54330708661418 24.094488188976378 19.275590551181104 20
268.15748031496065 93.54330708661418 16.15748031496063 19.275590551181104 h.

121.88976377952756 106.01574803149606 33.732283464566926 15.590551181102363 Tous
142.86614173228347 106.01574803149606 29.480314960629922 15.590551181102363 les
159.8740157480315 106.01574803149606 37.98425196850393 15.590551181102363 jours
185.10236220472441 106.01574803149606 33.732283464566926 15.590551181102363 sauf
206.36220472440945 106.01574803149606 25.228346456692915 15.590551181102363 le
214.58267716535434 106.01574803149606 42.23622047244095 15.590551181102363 dimanche

117.35433070866142 115.93700787401575 24.944881889763778 16.724409448818896 de
129.82677165354332 115.93700787401575 24.944881889763778 16.724409448818896 10
142.58267716535434 115.93700787401575 20.976377952755904 16.724409448818896 h
150.8031496062992 115.93700787401575 20.976377952755904 16.724409448818896 à
159.30708661417322 115.93700787401575 24.944881889763778 16.724409448818896 13
171.7795275590551 115.93700787401575 20.976377952755904 16.724409448818896 h
180.0 115.93700787401575 24.944881889763778 16.724409448818896 et
192.4724409448819 115.93700787401575 24.944881889763778 16.724409448818896 de
205.22834645669292 115.93700787401575 24.944881889763778 16.724409448818896 14
217.70078740157481 115.93700787401575 20.976377952755904 16.724409448818896 h
225.92125984251967 115.93700787401575 20.976377952755904 16.724409448818896 à
234.4251968503937 115.93700787401575 24.944881889763778 16.724409448818896 19
242.64566929133858 115.93700787401575 16.724409448818896 16.724409448818896 h.

161.5748031496063 134.64566929133858 53.85826771653543 13.88976377952756 MARYAN

150.51968503937007 144.0 50.173228346456696 18.141732283464567 Oeuvres
182.26771653543307 144.0 45.63779527559055 18.141732283464567 récentes

58.67716535433071 158.74015748031496 23.244094488188978 20.976377952755904 Il
70.2992125984252 158.74015748031496 30.89763779527559 20.976377952755904 nous
89.5748031496063 158.74015748031496 19.275590551181104 20.976377952755904 a
97.51181102362204 158.74015748031496 30.89763779527559 20.976377952755904 paru
116.78740157480316 158.74015748031496 57.826771653543304 20.976377952755904 intéressant
162.99212598425197 158.74015748031496 23.244094488188978 20.976377952755904 de
174.61417322834646 158.74015748031496 54.14173228346457 20.976377952755904 présenter,
217.13385826771653 158.74015748031496 23.244094488188978 20.976377952755904 au
228.75590551181102 158.74015748031496 38.55118110236221 20.976377952755904 moment
255.68503937007873 158.74015748031496 23.244094488188978 20.976377952755904 de
267.3070866141732 158.74015748031496 23.244094488188978 20.976377952755904 la
275.244094488189 158.74015748031496 26.929133858267715 20.976377952755904 Bien-

57.826771653543304 170.9291338582677 32.031496062992126 17.291338582677167 nale
77.95275590551181 170.9291338582677 24.094488188976378 17.291338582677167 de
89.85826771653544 170.9291338582677 40.25196850393701 17.291338582677167 Paris,
117.92125984251969 170.9291338582677 28.062992125984252 17.291338582677167 les
134.07874015748033 170.9291338582677 40.25196850393701 17.291338582677167 œuvres
162.14173228346456 170.9291338582677 52.15748031496063 17.291338582677167 récentes,
202.11023622047244 170.9291338582677 52.15748031496063 17.291338582677167 peintures
242.36220472440945 170.9291338582677 24.094488188976378 17.291338582677167 et
254.26771653543307 170.9291338582677 48.188976377952756 17.291338582677167 dessins,
286.2992125984252 170.9291338582677 16.15748031496063 17.291338582677167 de

57.54330708661417 178.58267716535434 41.669291338582674 17.858267716535433 Maryan
86.74015748031496 178.58267716535434 29.19685039370079 17.858267716535433 qui
103.46456692913385 178.58267716535434 29.19685039370079 17.858267716535433 fut
119.90551181102362 178.58267716535434 45.63779527559055 17.858267716535433 lauréat
153.35433070866142 178.58267716535434 24.944881889763778 17.858267716535433 de
165.82677165354332 178.58267716535434 37.41732283464567 17.858267716535433 cette
190.77165354330708 178.58267716535434 49.889763779527556 17.858267716535433 Biennale
228.18897637795277 178.58267716535434 24.944881889763778 17.858267716535433 en
236.40944881889763 178.58267716535434 29.19685039370079 17.858267716535433 1959.

57.25984251968504 187.93700787401573 24.094488188976378 20.125984251968504 Ce
69.16535433070867 187.93700787401573 43.93700787401575 20.125984251968504 peintre
101.19685039370079 187.93700787401573 28.062992125984252 20.125984251968504 âgé
117.35433070866142 187.93700787401573 24.094488188976378 20.125984251968504 de
129.25984251968504 187.93700787401573 24.094488188976378 20.125984251968504 38
141.4488188976378 187.93700787401573 28.062992125984252 20.125984251968504 ans
157.3228346456693 187.93700787401573 24.094488188976378 20.125984251968504 et
169.51181102362204 187.93700787401573 28.062992125984252 20.125984251968504 qui
185.38582677165354 187.93700787401573 39.968503937007874 20.125984251968504 habite
213.4488188976378 187.93700787401573 64.06299212598425 20.125984251968504 actuellement
265.6062992125984 187.93700787401573 28.062992125984252 20.125984251968504 New
277.51181102362204 187.93700787401573 24.094488188976378 20.125984251968504 Voik

56.976377952755904 199.55905511811022 44.78740157480315 17.007874015748033 occupe,
89.5748031496063 199.55905511811022 36.8503937007874 17.007874015748033 parmi
113.95275590551181 199.55905511811022 28.62992125984252 17.007874015748033 les
130.39370078740157 199.55905511811022 49.039370078740156 17.007874015748033 artistes
167.24409448818898 199.55905511811022 24.37795275590551 17.007874015748033 de
179.43307086614172 199.55905511811022 24.37795275590551 17.007874015748033 sa
191.6220472440945 199.55905511811022 61.22834645669291 17.007874015748033 génération,
240.66141732283464 199.55905511811022 28.62992125984252 17.007874015748033 une
257.1023622047244 199.55905511811022 36.8503937007874 17.007874015748033 place
277.51181102362204 199.55905511811022 24.37795275590551 17.007874015748033 très

56.40944881889764 206.9291338582677 61.511811023622045 18.992125984251967 importante.
105.44881889763779 206.9291338582677 36.8503937007874 18.992125984251967 Notre
130.11023622047244 206.9291338582677 45.07086614173228 18.992125984251967 galerie
162.99212598425197 206.9291338582677 49.32283464566929 18.992125984251967 présente
199.84251968503938 206.9291338582677 28.62992125984252 18.992125984251967 ses
216.28346456692913 206.9291338582677 41.10236220472441 18.992125984251967 œuvres
240.9448818897638 206.9291338582677 61.511811023622045 18.992125984251967 régulièrement

56.40944881889764 216.8503937007874 43.08661417322835 12.755905511811024 depuis
86.45669291338582 216.8503937007874 30.04724409448819 12.755905511811024 dix
99.49606299212599 216.8503937007874 25.79527559055118 12.755905511811024 ans.

56.125984251968504 227.0551181102362 20.125984251968504 18.4251968503937 «
64.06299212598425 227.0551181102362 68.5984251968504 18.4251968503937 L’inspiration
120.4724409448819 227.0551181102362 24.094488188976378 18.4251968503937 de
132.66141732283464 227.0551181102362 40.25196850393701 18.4251968503937 Maryan
160.7244094488189 227.0551181102362 20.125984251968504 18.4251968503937 a
168.9448818897638 227.0551181102362 32.31496062992126 18.4251968503937 deux
189.0708661417323 227.0551181102362 48.47244094488189 18.4251968503937 sources:
225.35433070866142 227.0551181102362 24.094488188976378 18.4251968503937 le
237.54330708661416 227.0551181102362 36.28346456692913 18.4251968503937 monde
257.6692913385827 227.0551181102362 44.22047244094488 18.4251968503937 contempo-

55.84251968503937 236.9763779527559 31.181102362204726 18.141732283464567 rain
75.4015748031496 236.9763779527559 23.52755905511811 18.141732283464567 et
87.30708661417323 236.9763779527559 23.52755905511811 18.141732283464567 la
98.92913385826772 236.9763779527559 39.118110236220474 18.141732283464567 Bible.
126.14173228346456 236.9763779527559 23.52755905511811 18.141732283464567 Le
138.04724409448818 236.9763779527559 35.1496062992126 18.141732283464567 monde
161.5748031496063 236.9763779527559 62.645669291338585 18.141732283464567 contemporain
212.31496062992127 236.9763779527559 35.1496062992126 18.141732283464567 offre
235.84251968503938 236.9763779527559 23.52755905511811 18.141732283464567 un
247.46456692913387 236.9763779527559 50.74015748031496 18.141732283464567 spectacle
282.61417322834643 236.9763779527559 19.559055118110237 18.141732283464567 qui

55.275590551181104 246.04724409448818 55.275590551181104 18.992125984251967 ressemble
97.79527559055119 246.04724409448818 29.763779527559056 18.992125984251967 aux
114.80314960629921 246.04724409448818 34.01574803149607 18.992125984251967 Jeux
136.06299212598427 246.04724409448818 25.511811023622048 18.992125984251967 du
148.8188976377953 246.04724409448818 42.51968503937008 18.992125984251967 Juste,
178.58267716535434 246.04724409448818 21.25984251968504 18.992125984251967 à
187.08661417322836 246.04724409448818 38.267716535433074 18.992125984251967 celui
212.5984251968504 246.04724409448818 29.763779527559056 18.992125984251967 que
229.60629921259843 246.04724409448818 68.03149606299213 18.992125984251967 présentaient
280.62992125984255 246.04724409448818 21.25984251968504 18.992125984251967 les

54.99212598425197 257.38582677165357 45.63779527559055 16.440944881889763 ennemis
88.15748031496064 257.38582677165357 24.944881889763778 16.440944881889763 de
100.62992125984252 257.38582677165357 41.38582677165354 16.440944881889763 David.
129.82677165354332 257.38582677165357 24.944881889763778 16.440944881889763 Le
142.01574803149606 257.38582677165357 37.41732283464567 16.440944881889763 Juste
166.96062992125985 257.38582677165357 33.16535433070866 16.440944881889763 peut
187.6535433070866 257.38582677165357 33.16535433070866 16.440944881889763 dire
208.3464566929134 257.38582677165357 33.16535433070866 16.440944881889763 avec
229.03937007874015 257.38582677165357 24.944881889763778 16.440944881889763 le
237.54330708661416 257.38582677165357 49.60629921259842 16.440944881889763 Psalmiste:

70.86614173228347 265.03937007874015 30.89763779527559 16.15748031496063 Mon
88.7244094488189 265.03937007874015 30.89763779527559 16.15748031496063 âme
106.2992125984252 265.03937007874015 30.89763779527559 16.15748031496063 est
123.8740157480315 265.03937007874015 26.362204724409448 16.15748031496063 au
136.91338582677164 265.03937007874015 43.93700787401575 16.15748031496063 milieu
167.81102362204723 265.03937007874015 30.89763779527559 16.15748031496063 des
181.13385826771653 265.03937007874015 35.1496062992126 16.15748031496063 lions;

70.2992125984252 276.9448818897638 51.30708661417323 18.4251968503937 J’habite
108.56692913385827 276.9448818897638 34.01574803149607 18.4251968503937 avec
130.11023622047244 276.9448818897638 29.763779527559056 18.4251968503937 des
147.11811023622047 276.9448818897638 42.803149606299215 18.4251968503937 hommes
176.88188976377953 276.9448818897638 29.763779527559056 18.4251968503937 qui
194.17322834645668 276.9448818897638 55.55905511811024 18.4251968503937 vomissent
236.69291338582678 276.9448818897638 29.763779527559056 18.4251968503937 des
249.4488188976378 276.9448818897638 42.803149606299215 18.4251968503937 flammes,

71.43307086614173 284.88188976377955 32.59842519685039 16.15748031496063 Dont
91.55905511811024 284.88188976377955 28.62992125984252 16.15748031496063 les
108.0 284.88188976377955 36.56692913385827 16.15748031496063 dents
132.3779527559055 284.88188976377955 32.59842519685039 16.15748031496063 sont
152.78740157480314 284.88188976377955 28.62992125984252 16.15748031496063 des
169.22834645669292 284.88188976377955 40.818897637795274 16.15748031496063 lances
197.5748031496063 284.88188976377955 24.37795275590551 16.15748031496063 et
209.76377952755905 284.88188976377955 28.62992125984252 16.15748031496063 des
221.95275590551182 284.88188976377955 40.818897637795274 16.15748031496063 flèches,

70.58267716535433 294.5196850393701 27.496062992125985 17.858267716535433 Et
84.18897637795276 294.5196850393701 36.56692913385827 17.858267716535433 dont
107.14960629921259 294.5196850393701 27.496062992125985 17.858267716535433 la
121.03937007874016 294.5196850393701 45.92125984251968 17.858267716535433 langue
153.0708661417323 294.5196850393701 32.031496062992126 17.858267716535433 est
171.49606299212599 294.5196850393701 27.496062992125985 17.858267716535433 un
185.10236220472441 294.5196850393701 45.92125984251968 17.858267716535433 glaive
217.13385826771653 294.5196850393701 45.92125984251968 17.858267716535433 acéré.
244.62992125984252 294.5196850393701 45.92125984251968 17.858267716535433 (LVIl,5)

54.70866141732284 304.15748031496065 23.811023622047244 20.409448818897637 Ne
66.61417322834646 304.15748031496065 63.77952755905512 20.409448818897637 reconnaît-on
118.48818897637796 304.15748031496065 27.77952755905512 20.409448818897637 pas
134.36220472440945 304.15748031496065 31.748031496062993 20.409448818897637 dans
154.20472440944883 304.15748031496065 23.811023622047244 20.409448818897637 ce
166.11023622047244 304.15748031496065 39.68503937007874 20.409448818897637 verset
194.17322834645668 304.15748031496065 27.77952755905512 20.409448818897637 les
210.04724409448818 304.15748031496065 43.93700787401575 20.409448818897637 masques
241.79527559055117 304.15748031496065 27.77952755905512 20.409448818897637 des
253.70078740157481 304.15748031496065 47.90551181102362 20.409448818897637 Chevaliers

53.574803149606296 318.0472440944882 39.40157480314961 15.874015748031496 sortis
81.07086614173228 318.0472440944882 23.52755905511811 15.874015748031496 du
92.97637795275591 318.0472440944882 31.46456692913386 15.874015748031496 fond
112.53543307086615 318.0472440944882 27.496062992125985 15.874015748031496 des
128.1259842519685 318.0472440944882 35.43307086614173 15.874015748031496 âges,
151.93700787401573 318.0472440944882 23.52755905511811 15.874015748031496 et
163.55905511811022 318.0472440944882 27.496062992125985 15.874015748031496 qui
179.43307086614172 318.0472440944882 51.023622047244096 15.874015748031496 assiègent
218.5511811023622 318.0472440944882 23.52755905511811 15.874015748031496 le
230.45669291338584 318.0472440944882 39.40157480314961 15.874015748031496 Temple
253.98425196850394 318.0472440944882 47.05511811023622 15.874015748031496 intérieur)

53.85826771653543 326.8346456692913 33.44881889763779 17.5748031496063 Nous
74.83464566929133 326.8346456692913 37.7007874015748 17.5748031496063 avons
100.06299212598425 326.8346456692913 33.44881889763779 17.5748031496063 dans
120.75590551181102 326.8346456692913 45.92125984251968 17.5748031496063 l’œuvre
154.20472440944883 326.8346456692913 33.44881889763779 17.5748031496063 déjà
175.1811023622047 326.8346456692913 54.425196850393704 17.5748031496063 accomplie
217.13385826771653 326.8346456692913 25.228346456692915 17.5748031496063 de
229.60629921259843 326.8346456692913 45.92125984251968 17.5748031496063 Maryan,
263.0551181102362 326.8346456692913 29.19685039370079 17.5748031496063 les
275.5275590551181 326.8346456692913 25.228346456692915 17.5748031496063 élé-

52.724409448818896 337.3228346456693 42.51968503937008 14.173228346456693 ments
81.07086614173228 337.3228346456693 37.7007874015748 14.173228346456693 d’un
104.5984251968504 337.3228346456693 51.874015748031496 14.173228346456693 nouveau
137.76377952755905 337.3228346456693 47.05511811023622 14.173228346456693 Guernica

242.36220472440945 349.2283464566929 29.763779527559056 14.456692913385826 Jean
257.1023622047244 349.2283464566929 37.41732283464567 14.456692913385826 Grenier.

82.77165354330708 387.496062992126 72.28346456692914 15.590551181102363 GALERIE
139.46456692913387 387.496062992126 62.07874015748032 15.590551181102363 FLORENCE
180.8503937007874 387.496062992126 98.07874015748031 15.590551181102363 HOUSTON

81.07086614173228 400.53543307086613 24.944881889763778 12.755905511811024 4,
93.54330708661418 400.53543307086613 29.19685039370079 12.755905511811024 rue
110.26771653543307 400.53543307086613 24.944881889763778 12.755905511811024 du
122.74015748031496 400.53543307086613 74.83464566929133 12.755905511811024 Pré-aux-Clers,
185.10236220472441 400.53543307086613 37.41732283464567 12.755905511811024 Paris
210.04724409448818 400.53543307086613 37.41732283464567 12.755905511811024 (7e)-
234.99212598425197 400.53543307086613 33.16535433070866 12.755905511811024 LIT.
251.43307086614172 400.53543307086613 29.19685039370079 12.755905511811024 36

79.93700787401575 410.45669291338584 61.22834645669291 17.291338582677167 Exposition
127.84251968503936 410.45669291338584 26.362204724409448 17.291338582677167 du
140.88188976377953 410.45669291338584 26.362204724409448 17.291338582677167 21
154.20472440944883 410.45669291338584 48.188976377952756 17.291338582677167 octobre
189.0708661417323 410.45669291338584 26.362204724409448 17.291338582677167 au
202.11023622047244 410.45669291338584 26.362204724409448 17.291338582677167 21
215.43307086614172 410.45669291338584 52.44094488188976 17.291338582677167 novembre
250.29921259842519 410.45669291338584 30.614173228346456 17.291338582677167 1965.

87.59055118110236 424.9133858267717 57.826771653543304 17.007874015748033 Vernissage
132.9448818897638 424.9133858267717 24.661417322834644 17.007874015748033 le
145.41732283464566 424.9133858267717 37.13385826771653 17.007874015748033 jeudi
170.07874015748033 424.9133858267717 24.661417322834644 17.007874015748033 21
182.5511811023622 424.9133858267717 45.354330708661415 17.007874015748033 octobre
215.43307086614172 424.9133858267717 24.661417322834644 17.007874015748033 de
227.90551181102362 424.9133858267717 24.661417322834644 17.007874015748033 18
240.3779527559055 424.9133858267717 20.69291338582677 17.007874015748033 à
248.5984251968504 424.9133858267717 24.661417322834644 17.007874015748033 22
256.81889763779526 424.9133858267717 16.440944881889763 17.007874015748033 h.

114.23622047244095 436.81889763779526 34.01574803149607 17.007874015748033 Tous
135.49606299212599 436.81889763779526 29.763779527559056 17.007874015748033 les
152.50393700787401 436.81889763779526 38.267716535433074 17.007874015748033 jours
178.01574803149606 436.81889763779526 34.01574803149607 17.007874015748033 sauf
199.2755905511811 436.81889763779526 25.511811023622048 17.007874015748033 le
207.7795275590551 436.81889763779526 42.51968503937008 17.007874015748033 dimanche

140.31496062992127 449.8582677165354 26.362204724409448 14.456692913385826 de
153.63779527559055 449.8582677165354 26.362204724409448 14.456692913385826 14
166.96062992125985 449.8582677165354 22.11023622047244 14.456692913385826 h
175.748031496063 449.8582677165354 22.11023622047244 14.456692913385826 à
184.53543307086613 449.8582677165354 26.362204724409448 14.456692913385826 19
197.85826771653544 449.8582677165354 22.11023622047244 14.456692913385826 h
202.11023622047244 449.8582677165354 22.11023622047244 14.456692913385826 30.

136.62992125984252 467.43307086614175 87.30708661417323 16.15748031496063 KRASNO

149.38582677165354 481.3228346456693 59.24409448818898 13.88976377952756 1960

51.023622047244096 498.8976377952756 68.88188976377953 15.874015748031496 L’exposition
106.86614173228347 498.8976377952756 30.04724409448819 15.874015748031496 des
124.15748031496064 498.8976377952756 43.08661417322835 15.874015748031496 œuvres
154.20472440944883 498.8976377952756 25.79527559055118 15.874015748031496 de
167.24409448818898 498.8976377952756 47.338582677165356 15.874015748031496 Krasno,
201.54330708661416 498.8976377952756 55.84251968503937 15.874015748031496 présentée
244.62992125984252 498.8976377952756 30.04724409448819 15.874015748031496 par
257.38582677165357 498.8976377952756 43.08661417322835 15.874015748031496 Florence

50.45669291338583 508.251968503937 77.10236220472441 15.874015748031496 Houston-Brown
113.95275590551181 508.251968503937 22.677165354330707 15.874015748031496 à
123.02362204724409 508.251968503937 63.496062992125985 15.874015748031496 l’occasion
172.91338582677164 508.251968503937 27.212598425196852 15.874015748031496 de
186.8031496062992 508.251968503937 27.212598425196852 15.874015748031496 la
200.40944881889763 508.251968503937 58.960629921259844 15.874015748031496 Quatrième
245.76377952755905 508.251968503937 54.425196850393704 15.874015748031496 Biennale
282.0472440944882 508.251968503937 18.141732283464567 15.874015748031496 de

51.59055118110236 517.8897637795276 37.13385826771653 17.007874015748033 Paris,
77.66929133858268 517.8897637795276 37.13385826771653 17.007874015748033 montre
103.46456692913385 517.8897637795276 44.503937007874015 17.007874015748033 l’esprit
136.91338582677164 517.8897637795276 22.393700787401574 17.007874015748033 et
148.251968503937 517.8897637795276 22.393700787401574 17.007874015748033 le
159.30708661417322 517.8897637795276 44.503937007874015 17.007874015748033 résultat
192.75590551181102 517.8897637795276 26.078740157480315 17.007874015748033 des
207.49606299212599 517.8897637795276 51.874015748031496 17.007874015748033 recherches
248.5984251968504 517.8897637795276 26.078740157480315 17.007874015748033 que
259.65354330708664 517.8897637795276 40.818897637795274 17.007874015748033 l’artiste

50.45669291338583 528.6614173228346 19.559055118110237 15.307086614173228 a
58.39370078740158 528.6614173228346 58.39370078740158 15.307086614173228 entreprises
105.16535433070867 528.6614173228346 19.559055118110237 15.307086614173228 à
112.81889763779527 528.6614173228346 35.1496062992126 15.307086614173228 Paris
136.3464566929134 528.6614173228346 38.83464566929134 15.307086614173228 depuis
163.55905511811022 528.6614173228346 35.1496062992126 15.307086614173228 1960,
186.8031496062992 528.6614173228346 38.83464566929134 15.307086614173228 époque
214.29921259842519 528.6614173228346 23.244094488188978 15.307086614173228 où
225.92125984251967 528.6614173228346 23.244094488188978 15.307086614173228 il
237.54330708661416 528.6614173228346 27.212598425196852 15.307086614173228 s’y
253.13385826771653 528.6614173228346 27.212598425196852 15.307086614173228 est
268.7244094488189 528.6614173228346 31.181102362204726 15.307086614173228 fixé
284.31496062992125 528.6614173228346 15.590551181102363 15.307086614173228 en

50.173228346456696 538.2992125984252 49.039370078740156 12.755905511811024 arrivant
82.77165354330708 538.2992125984252 56.976377952755904 12.755905511811024 d’Argentine.

50.173228346456696 550.488188976378 29.480314960629922 14.456692913385826 Ces
67.18110236220473 550.488188976378 59.24409448818898 14.456692913385826 recherches
113.66929133858268 550.488188976378 46.488188976377955 14.456692913385826 partent
147.4015748031496 550.488188976378 25.228346456692915 14.456692913385826 de
160.15748031496062 550.488188976378 25.228346456692915 14.456692913385826 la
172.91338582677164 550.488188976378 50.74015748031496 14.456692913385826 peinture
210.89763779527559 550.488188976378 25.228346456692915 14.456692913385826 et
223.6535433070866 550.488188976378 25.228346456692915 14.456692913385826 de
236.1259842519685 550.488188976378 25.228346456692915 14.456692913385826 la
244.62992125984252 550.488188976378 54.99212598425197 14.456692913385826 néo

51.30708661417323 562.1102362204724 48.75590551181102 15.023622047244094 (procédé
87.8740157480315 562.1102362204724 24.37795275590551 15.023622047244094 de
100.06299212598425 562.1102362204724 44.78740157480315 15.023622047244094 gravure
132.66141732283464 562.1102362204724 40.818897637795274 15.023622047244094 propre
161.29133858267716 562.1102362204724 20.409448818897637 15.023622047244094 à
169.22834645669292 562.1102362204724 56.976377952755904 15.023622047244094 l’artiste)
214.01574803149606 562.1102362204724 32.59842519685039 15.023622047244094 pour
234.4251968503937 562.1102362204724 48.75590551181102 15.023622047244094 parvenir
270.99212598425197 562.1102362204724 24.37795275590551 15.023622047244094 au
279.21259842519686 562.1102362204724 20.409448818897637 15.023622047244094 li-

49.32283464566929 571.1811023622047 47.62204724409449 15.023622047244094 vrobjet
83.90551181102362 571.1811023622047 25.79527559055118 15.023622047244094 et
96.66141732283465 571.1811023622047 30.330708661417322 15.023622047244094 aux
113.95275590551181 571.1811023622047 99.21259842519684 15.023622047244094 objets-personnages,
200.40944881889763 571.1811023622047 47.62204724409449 15.023622047244094 ceux-ci
234.99212598425197 571.1811023622047 38.83464566929134 15.023622047244094 créés
260.78740157480314 571.1811023622047 25.79527559055118 15.023622047244094 en
269.29133858267716 571.1811023622047 30.330708661417322 15.023622047244094 1965.

50.173228346456696 578.5511811023622 29.19685039370079 15.874015748031496 Ils
66.89763779527559 578.5511811023622 29.19685039370079 15.874015748031496 ont
83.62204724409449 578.5511811023622 29.19685039370079 15.874015748031496 été
100.06299212598425 578.5511811023622 66.33070866141732 15.874015748031496 spécialement
153.92125984251967 578.5511811023622 41.38582677165354 15.874015748031496 conçus
183.11811023622047 578.5511811023622 33.16535433070866 15.874015748031496 pour
203.81102362204723 578.5511811023622 24.944881889763778 15.874015748031496 le
216.28346456692913 578.5511811023622 53.85826771653543 15.874015748031496 spectacle
257.9527559055118 578.5511811023622 41.38582677165354 15.874015748031496 Exercice

49.039370078740156 589.8897637795276 31.748031496062993 14.456692913385826 des
67.18110236220473 589.8897637795276 45.63779527559055 14.456692913385826 Choses
103.74803149606299 589.8897637795276 27.212598425196852 14.456692913385826 de
117.35433070866142 589.8897637795276 77.38582677165354 14.456692913385826 Jean-Clarence
181.13385826771653 589.8897637795276 54.70866141732284 14.456692913385826 Lambert,
221.95275590551182 589.8897637795276 36.28346456692913 14.456692913385826 mise
244.62992125984252 589.8897637795276 27.212598425196852 14.456692913385826 en
258.5196850393701 589.8897637795276 41.10236220472441 14.456692913385826 scène
281.1968503937008 589.8897637795276 18.141732283464567 14.456692913385826 de

49.32283464566929 598.3937007874016 49.889763779527556 15.023622047244094 Jean-Lou
86.74015748031496 598.3937007874016 54.14173228346457 15.023622047244094 Philippe,
128.40944881889763 598.3937007874016 54.14173228346457 15.023622047244094 spectacle
170.07874015748033 598.3937007874016 49.889763779527556 15.023622047244094 présenté
207.49606299212599 598.3937007874016 33.16535433070866 15.023622047244094 dans
228.18897637795277 598.3937007874016 24.944881889763778 15.023622047244094 le
240.9448818897638 598.3937007874016 37.41732283464567 15.023622047244094 cadre
265.8897637795276 598.3937007874016 29.19685039370079 15.023622047244094 des
278.3622047244094 598.3937007874016 20.69291338582677 15.023622047244094 ma-

50.173228346456696 609.1653543307086 63.77952755905512 15.307086614173228 nifestations
102.04724409448819 609.1653543307086 23.811023622047244 15.307086614173228 de
113.95275590551181 609.1653543307086 23.811023622047244 15.307086614173228 la
121.88976377952756 609.1653543307086 43.93700787401575 15.307086614173228 Biennale.

45.354330708661415 622.7716535433071 23.52755905511811 12.472440944881889 194
