307.84251968503935 672.6614173228346
14.740157480314961 21.25984251968504 98.64566929133858 18.4251968503937 PORTUGAL

55.275590551181104 123.02362204724409 74.83464566929133 20.409448818897637 Commissaire
115.08661417322834 123.02362204724409 54.70866141732284 20.409448818897637 général
155.0551181102362 123.02362204724409 24.944881889763778 20.409448818897637 :
164.9763779527559 123.02362204724409 44.78740157480315 20.409448818897637 César
195.0236220472441 123.02362204724409 59.811023622047244 20.409448818897637 Henrique
234.70866141732284 123.02362204724409 39.968503937007874 20.409448818897637 Morein

50.45669291338583 136.06299212598427 50.74015748031496 12.472440944881889 Baptista

55.84251968503937 145.41732283464566 56.125984251968504 16.724409448818896 Secrétaire
99.77952755905511 145.41732283464566 48.188976377952756 16.724409448818896 national
136.06299212598427 145.41732283464566 20.125984251968504 16.724409448818896 à
140.03149606299212 145.41732283464566 64.06299212598425 16.724409448818896 l’Information.

56.976377952755904 164.9763779527559 72.0 18.141732283464567 Commissaire
114.51968503937007 164.9763779527559 52.724409448818896 18.141732283464567 général
152.78740157480314 164.9763779527559 57.54330708661417 18.141732283464567 adjoint:
195.8740157480315 164.9763779527559 43.08661417322835 18.141732283464567 Paulo
219.96850393700788 164.9763779527559 47.90551181102362 18.141732283464567 Feirrera

39.118110236220474 193.3228346456693 49.039370078740156 16.440944881889763 Depuis
73.41732283464567 193.3228346456693 34.2992125984252 16.440944881889763 les
92.97637795275591 193.3228346456693 49.039370078740156 16.440944881889763 débuts
127.2755905511811 193.3228346456693 29.480314960629922 16.440944881889763 de
142.01574803149606 193.3228346456693 43.93700787401575 16.440944881889763 cette
171.21259842519686 193.3228346456693 88.15748031496064 16.440944881889763 manifestation-
244.62992125984252 193.3228346456693 24.37795275590551 16.440944881889763 à
249.73228346456693 193.3228346456693 24.37795275590551 16.440944881889763 la-

25.228346456692915 209.1968503937008 54.14173228346457 13.32283464566929 quelle
63.21259842519685 209.1968503937008 43.37007874015748 13.32283464566929 nous
90.14173228346456 209.1968503937008 43.37007874015748 13.32283464566929 nous
117.07086614173228 209.1968503937008 64.91338582677166 13.32283464566929 plaisons
165.82677165354332 209.1968503937008 26.929133858267715 13.32283464566929 à
176.5984251968504 209.1968503937008 54.14173228346457 13.32283464566929 rendre
214.58267716535434 209.1968503937008 59.52755905511811 13.32283464566929 hommage
252.56692913385828 209.1968503937008 21.543307086614174 13.32283464566929 en

26.362204724409448 218.83464566929135 45.92125984251968 15.307086614173228 raison
58.39370078740158 218.83464566929135 27.496062992125985 15.307086614173228 de
72.28346456692914 218.83464566929135 82.77165354330708 15.307086614173228 l’incomparable
141.16535433070865 218.83464566929135 73.41732283464567 15.307086614173228 contribution
200.9763779527559 218.83464566929135 50.45669291338583 15.307086614173228 qu’elle
233.00787401574803 218.83464566929135 41.38582677165354 15.307086614173228 apporte

25.511811023622048 229.88976377952756 28.062992125984252 13.32283464566929 au
39.68503937007874 229.88976377952756 79.65354330708661 13.32283464566929 développement
105.16535433070867 229.88976377952756 28.062992125984252 13.32283464566929 de
119.33858267716535 229.88976377952756 46.77165354330709 13.32283464566929 l’art-
152.2204724409449 229.88976377952756 42.23622047244095 13.32283464566929 notre
180.28346456692913 229.88976377952756 32.881889763779526 13.32283464566929 but
198.99212598425197 229.88976377952756 32.881889763779526 13.32283464566929 est
217.70078740157481 229.88976377952756 51.59055118110236 13.32283464566929 demeuré
250.29921259842519 229.88976377952756 23.52755905511811 13.32283464566929 in-

25.79527559055118 239.5275590551181 50.45669291338583 15.590551181102363 changé.
62.36220472440945 239.5275590551181 36.8503937007874 15.590551181102363 Pour
85.32283464566929 239.5275590551181 41.38582677165354 15.590551181102363 nous,
113.10236220472441 239.5275590551181 27.496062992125985 15.590551181102363 il
126.70866141732283 239.5275590551181 45.92125984251968 15.590551181102363 s’agit
159.0236220472441 239.5275590551181 27.496062992125985 15.590551181102363 de
172.62992125984252 239.5275590551181 54.99212598425197 15.590551181102363 montrer,
214.01574803149606 239.5275590551181 36.8503937007874 15.590551181102363 avec
236.9763779527559 239.5275590551181 32.031496062992126 15.590551181102363 une
250.86614173228347 239.5275590551181 22.96062992125984 15.590551181102363 to-

24.944881889763778 249.73228346456693 37.7007874015748 15.023622047244094 tale
48.47244094488189 249.73228346456693 51.59055118110236 15.023622047244094 vérité,
86.1732283464567 249.73228346456693 32.881889763779526 15.023622047244094 les
104.88188976377953 249.73228346456693 51.59055118110236 15.023622047244094 valeurs
142.58267716535434 249.73228346456693 32.881889763779526 15.023622047244094 qui
161.29133858267716 249.73228346456693 37.7007874015748 15.023622047244094 tout
184.8188976377953 249.73228346456693 28.062992125984252 15.023622047244094 en
198.99212598425197 249.73228346456693 42.23622047244095 15.023622047244094 étant
227.0551181102362 249.73228346456693 47.05511811023622 15.023622047244094 encore
255.4015748031496 249.73228346456693 18.708661417322833 15.023622047244094 en

25.511811023622048 260.503937007874 43.93700787401575 15.590551181102363 cours
54.70866141732284 260.503937007874 29.19685039370079 15.590551181102363 de
69.44881889763779 260.503937007874 73.13385826771653 15.590551181102363 formations,
127.84251968503936 260.503937007874 29.19685039370079 15.590551181102363 se
142.58267716535434 260.503937007874 39.118110236220474 15.590551181102363 sont
166.96062992125985 260.503937007874 63.496062992125985 15.590551181102363 néanmoins
215.71653543307087 260.503937007874 39.118110236220474 15.590551181102363 déjà
234.99212598425197 260.503937007874 39.118110236220474 15.590551181102363 acquis

25.511811023622048 272.6929133858268 34.01574803149607 14.456692913385826 une
45.07086614173228 272.6929133858268 43.93700787401575 14.456692913385826 ferme
74.26771653543307 272.6929133858268 58.39370078740158 14.456692913385826 position
118.20472440944881 272.6929133858268 39.118110236220474 14.456692913385826 dans
142.58267716535434 272.6929133858268 29.19685039370079 14.456692913385826 le
157.03937007874015 272.6929133858268 43.93700787401575 14.456692913385826 riche
186.23622047244095 272.6929133858268 58.39370078740158 14.456692913385826 panorama
230.17322834645668 272.6929133858268 29.19685039370079 14.456692913385826 de
240.09448818897638 272.6929133858268 34.01574803149607 14.456692913385826 l’art

20.976377952755904 281.4803149606299 59.52755905511811 14.740157480314961 Portugais.

37.13385826771653 295.0866141732283 45.354330708661415 16.440944881889763 Aussi
67.46456692913385 295.0866141732283 30.330708661417322 16.440944881889763 ne
82.48818897637796 295.0866141732283 40.25196850393701 16.440944881889763 nous
107.71653543307086 295.0866141732283 75.4015748031496 16.440944881889763 sommes-nous
168.09448818897638 295.0866141732283 45.354330708661415 16.440944881889763 guère
198.4251968503937 295.0866141732283 70.58267716535433 16.440944881889763 préoccupés
248.5984251968504 295.0866141732283 25.228346456692915 16.440944881889763 des

30.04724409448819 306.1417322834646 44.78740157480315 17.007874015748033 ismes
64.91338582677166 306.1417322834646 29.763779527559056 17.007874015748033 et
79.93700787401575 306.1417322834646 69.73228346456693 17.007874015748033 avons-nous
134.64566929133858 306.1417322834646 49.889763779527556 17.007874015748033 décidé
169.51181102362204 306.1417322834646 29.763779527559056 17.007874015748033 de
184.53543307086613 306.1417322834646 64.62992125984252 17.007874015748033 présenter
234.14173228346456 306.1417322834646 24.944881889763778 17.007874015748033 à
239.24409448818898 306.1417322834646 34.86614173228347 17.007874015748033 cette

25.79527559055118 315.21259842519686 54.99212598425197 15.590551181102363 Biennale
67.18110236220473 315.21259842519686 32.031496062992126 15.590551181102363 des
85.32283464566929 315.21259842519686 45.92125984251968 15.590551181102363 élèves
117.63779527559055 315.21259842519686 27.496062992125985 15.590551181102363 ou
131.5275590551181 315.21259842519686 32.031496062992126 15.590551181102363 des
149.66929133858267 315.21259842519686 54.99212598425197 15.590551181102363 artistes
191.0551181102362 315.21259842519686 22.96062992125984 15.590551181102363 à
200.40944881889763 315.21259842519686 41.38582677165354 15.590551181102363 peine
227.90551181102362 315.21259842519686 45.92125984251968 15.590551181102363 sortis
255.4015748031496 315.21259842519686 18.4251968503937 15.590551181102363 de

25.511811023622048 327.68503937007875 54.99212598425197 16.15748031496063 l’Ecole-
66.89763779527559 327.68503937007875 36.8503937007874 16.15748031496063 mais
89.85826771653544 327.68503937007875 36.8503937007874 16.15748031496063 déjà
112.81889763779527 327.68503937007875 32.031496062992126 16.15748031496063 des
131.24409448818898 327.68503937007875 82.77165354330708 16.15748031496063 professionnels
200.1259842519685 327.68503937007875 22.96062992125984 16.15748031496063 à
209.1968503937008 327.68503937007875 36.8503937007874 16.15748031496063 part
227.6220472440945 327.68503937007875 45.92125984251968 16.15748031496063 entière-

25.228346456692915 341.29133858267716 36.0 11.338582677165354 afin
47.90551181102362 341.29133858267716 26.929133858267715 11.338582677165354 de
61.22834645669291 341.29133858267716 36.0 11.338582677165354 leur
83.90551181102362 341.29133858267716 63.21259842519685 11.338582677165354 permetter,
133.51181102362204 341.29133858267716 22.677165354330707 11.338582677165354 à
142.58267716535434 341.29133858267716 49.60629921259842 11.338582677165354 travers
178.58267716535434 341.29133858267716 26.929133858267715 11.338582677165354 le
192.18897637795277 341.29133858267716 36.0 11.338582677165354 mode
210.04724409448818 341.29133858267716 63.21259842519685 11.338582677165354 d’expression

24.944881889763778 350.6456692913386 27.77952755905512 14.456692913385826 de
38.83464566929134 350.6456692913386 36.8503937007874 14.456692913385826 leur
61.79527559055118 350.6456692913386 41.38582677165354 14.456692913385826 choix
89.29133858267717 350.6456692913386 27.77952755905512 14.456692913385826 et
103.18110236220473 350.6456692913386 41.38582677165354 14.456692913385826 selon
130.96062992125985 350.6456692913386 41.38582677165354 14.456692913385826 leurs
158.45669291338584 350.6456692913386 41.38582677165354 14.456692913385826 goûts
186.23622047244095 350.6456692913386 50.74015748031496 14.456692913385826 propres
218.5511811023622 350.6456692913386 55.275590551181104 14.456692913385826 d’exprimer

25.228346456692915 360.0 38.267716535433074 15.023622047244094 leur
49.039370078740156 360.0 76.53543307086615 15.023622047244094 personnalité
111.4015748031496 360.0 28.62992125984252 15.023622047244094 et
125.5748031496063 360.0 43.08661417322835 15.023622047244094 leurs
154.20472440944883 360.0 43.08661417322835 15.023622047244094 idées
183.11811023622047 360.0 33.44881889763779 15.023622047244094 sur
202.11023622047244 360.0 28.62992125984252 15.023622047244094 ce
216.56692913385828 360.0 43.08661417322835 15.023622047244094 monde
245.1968503937008 360.0 28.62992125984252 15.023622047244094 où
254.83464566929135 360.0 18.992125984251967 15.023622047244094 is

24.944881889763778 373.6062992125984 37.13385826771653 13.32283464566929 sont
47.90551181102362 373.6062992125984 32.31496062992126 13.32283464566929 nés
66.61417322834646 373.6062992125984 27.77952755905512 13.32283464566929 et
80.50393700787401 373.6062992125984 27.77952755905512 13.32283464566929 où
94.39370078740157 373.6062992125984 32.31496062992126 13.32283464566929 ils
108.28346456692914 373.6062992125984 41.669291338582674 13.32283464566929 vivent.

37.13385826771653 384.37795275590554 61.22834645669291 16.15748031496063 Sarsfield
84.4724409448819 384.37795275590554 47.338582677165356 16.15748031496063 Cabral
117.35433070866142 384.37795275590554 28.346456692913385 16.15748031496063 et
131.5275590551181 384.37795275590554 37.7007874015748 16.15748031496063 Remo
155.33858267716536 384.37795275590554 56.69291338582677 16.15748031496063 achèvent
197.85826771653544 384.37795275590554 37.7007874015748 16.15748031496063 tous
221.38582677165354 384.37795275590554 37.7007874015748 16.15748031496063 deux
240.09448818897638 384.37795275590554 33.16535433070866 16.15748031496063 leurs

24.37795275590551 396.2834645669291 47.05511811023622 13.32283464566929 études
57.25984251968504 396.2834645669291 23.52755905511811 13.32283464566929 à
66.89763779527559 396.2834645669291 51.59055118110236 13.32283464566929 l’Ecole
104.31496062992126 396.2834645669291 65.76377952755905 13.32283464566929 Supérieure
156.18897637795277 396.2834645669291 32.881889763779526 13.32283464566929 des
174.89763779527559 396.2834645669291 65.76377952755905 13.32283464566929 Beaux-Arts
226.48818897637796 396.2834645669291 28.062992125984252 13.32283464566929 de
235.84251968503938 396.2834645669291 37.7007874015748 13.32283464566929 Porto;

25.511811023622048 406.7716535433071 41.10236220472441 11.05511811023622 Maria
53.00787401574803 406.7716535433071 41.10236220472441 11.05511811023622 Irene
80.50393700787401 406.7716535433071 45.92125984251968 11.05511811023622 Vilar,
112.53543307086615 406.7716535433071 64.06299212598425 11.05511811023622 sculpteur,
162.70866141732284 406.7716535433071 27.496062992125985 11.05511811023622 et
176.5984251968504 406.7716535433071 27.496062992125985 11.05511811023622 le
190.20472440944883 406.7716535433071 50.45669291338583 11.05511811023622 peintre
226.77165354330708 406.7716535433071 36.56692913385827 11.05511811023622 Luis
245.1968503937008 406.7716535433071 27.496062992125985 11.05511811023622 Gon-

24.661417322834644 419.81102362204723 47.90551181102362 11.05511811023622 çalves
58.110236220472444 419.81102362204723 33.44881889763779 11.05511811023622 ont
77.38582677165354 419.81102362204723 52.724409448818896 11.05511811023622 terminé
115.65354330708661 419.81102362204723 43.08661417322835 11.05511811023622 leurs
144.28346456692913 419.81102362204723 52.724409448818896 11.05511811023622 études,
182.5511811023622 419.81102362204723 86.1732283464567 11.05511811023622 respectivement
249.73228346456693 419.81102362204723 23.811023622047244 11.05511811023622 aux

24.37795275590551 428.59842519685037 50.74015748031496 14.173228346456693 Ecoles
60.09448818897638 428.59842519685037 76.25196850393701 14.173228346456693 Supérieures
121.03937007874016 428.59842519685037 35.71653543307087 14.173228346456693 des
141.4488188976378 428.59842519685037 71.14960629921259 14.173228346456693 Beaux-Arts
197.29133858267716 428.59842519685037 30.614173228346456 14.173228346456693 de
212.5984251968504 428.59842519685037 45.63779527559055 14.173228346456693 Porto
242.9291338582677 428.59842519685037 30.614173228346456 14.173228346456693 et
253.13385826771653 428.59842519685037 20.409448818897637 14.173228346456693 de

18.992125984251967 438.5196850393701 58.67716535433071 15.023622047244094 Lisbonne.

37.13385826771653 452.6929133858268 29.480314960629922 13.039370078740157 De
51.874015748031496 452.6929133858268 34.58267716535433 13.039370078740157 ces
71.43307086614173 452.6929133858268 49.32283464566929 13.039370078740157 divers
106.01574803149606 452.6929133858268 58.960629921259844 13.039370078740157 artistes
150.23622047244095 452.6929133858268 44.22047244094488 13.039370078740157 émane
179.71653543307087 452.6929133858268 34.58267716535433 13.039370078740157 une
199.55905511811022 452.6929133858268 58.960629921259844 13.039370078740157 évidente
238.6771653543307 452.6929133858268 34.58267716535433 13.039370078740157 unité

23.811023622047244 463.46456692913387 39.118110236220474 15.307086614173228 dont
48.188976377952756 463.46456692913387 29.19685039370079 15.307086614173228 il
62.92913385826772 463.46456692913387 39.118110236220474 15.307086614173228 faut
87.30708661417323 463.46456692913387 58.67716535433071 15.307086614173228 chercher
131.24409448818898 463.46456692913387 29.19685039370079 15.307086614173228 la
145.98425196850394 463.46456692913387 48.75590551181102 15.307086614173228 raison
180.0 463.46456692913387 39.118110236220474 15.307086614173228 dans
204.66141732283464 463.46456692913387 29.19685039370079 15.307086614173228 la
214.29921259842519 463.46456692913387 58.67716535433071 15.307086614173228 communauté

23.811023622047244 474.5196850393701 28.346456692913385 13.606299212598426 de
37.98425196850393 474.5196850393701 47.05511811023622 13.606299212598426 souche
70.86614173228347 474.5196850393701 28.346456692913385 13.606299212598426 et
85.03937007874016 474.5196850393701 37.7007874015748 13.606299212598426 dans
108.56692913385827 474.5196850393701 28.346456692913385 13.606299212598426 le
122.74015748031496 474.5196850393701 51.874015748031496 13.606299212598426 partage
160.44094488188978 474.5196850393701 32.881889763779526 13.606299212598426 des
179.1496062992126 474.5196850393701 56.40944881889764 13.606299212598426 réalités
221.38582677165354 474.5196850393701 28.346456692913385 13.606299212598426 de
231.0236220472441 474.5196850393701 42.23622047244095 13.606299212598426 l’heure

18.992125984251967 485.00787401574803 54.70866141732284 14.740157480314961 présente.

36.8503937007874 497.76377952755905 40.818897637795274 16.15748031496063 C’est
64.06299212598425 497.76377952755905 27.212598425196852 16.15748031496063 en
77.66929133858268 497.76377952755905 40.818897637795274 16.15748031496063 effet
104.88188976377953 497.76377952755905 40.818897637795274 16.15748031496063 notre
132.09448818897638 497.76377952755905 63.496062992125985 16.15748031496063 conviction
182.26771653543307 497.76377952755905 54.425196850393704 16.15748031496063 profonde
223.08661417322836 497.76377952755905 40.818897637795274 16.15748031496063 qu’il
245.76377952755905 497.76377952755905 27.212598425196852 16.15748031496063 n’ya

24.661417322834644 509.6692913385827 31.181102362204726 15.590551181102363 pas
42.51968503937008 509.6692913385827 39.968503937007874 15.590551181102363 d’art
69.16535433070867 509.6692913385827 35.43307086614173 15.590551181102363 sans
91.2755905511811 509.6692913385827 48.75590551181102 15.590551181102363 Patrie,
126.99212598425197 509.6692913385827 31.181102362204726 15.590551181102363 car
144.56692913385828 509.6692913385827 57.826771653543304 15.590551181102363 l’artiste
189.0708661417323 509.6692913385827 26.64566929133858 15.590551181102363 ne
202.39370078740157 509.6692913385827 35.43307086614173 15.590551181102363 naît
224.78740157480314 509.6692913385827 35.43307086614173 15.590551181102363 pas,
246.89763779527559 509.6692913385827 26.64566929133858 15.590551181102363 ne
255.68503937007873 509.6692913385827 17.858267716535433 15.590551181102363 se

24.094488188976378 523.2755905511812 61.22834645669291 12.472440944881889 développe
71.14960629921259 523.2755905511812 37.7007874015748 12.472440944881889 pas,
94.67716535433071 523.2755905511812 28.346456692913385 12.472440944881889 ne
108.85039370078741 523.2755905511812 32.881889763779526 12.472440944881889 vit
127.84251968503936 523.2755905511812 32.881889763779526 12.472440944881889 pas
146.5511811023622 523.2755905511812 28.346456692913385 12.472440944881889 et
160.7244094488189 523.2755905511812 28.346456692913385 12.472440944881889 ne
174.61417322834646 523.2755905511812 42.23622047244095 12.472440944881889 meurt
202.96062992125985 523.2755905511812 32.881889763779526 12.472440944881889 pas
221.66929133858267 523.2755905511812 42.23622047244095 12.472440944881889 perdu
245.1968503937008 523.2755905511812 28.346456692913385 12.472440944881889 dans

24.37795275590551 531.496062992126 29.19685039370079 14.740157480314961 le
38.83464566929134 531.496062992126 53.85826771653543 14.740157480314961 cosmos,
77.95275590551181 531.496062992126 39.118110236220474 14.740157480314961 mais
102.61417322834646 531.496062992126 39.118110236220474 14.740157480314961 bien
126.99212598425197 531.496062992126 29.19685039370079 14.740157480314961 au
141.73228346456693 531.496062992126 39.118110236220474 14.740157480314961 cœur
166.11023622047244 531.496062992126 39.118110236220474 14.740157480314961 d’un
190.48818897637796 531.496062992126 53.85826771653543 14.740157480314961 paysage
224.78740157480314 531.496062992126 48.75590551181102 14.740157480314961 physique

24.661417322834644 543.4015748031496 25.79527559055118 9.637795275590552 et
37.41732283464567 543.4015748031496 38.55118110236221 9.637795275590552 moral
63.21259842519685 543.4015748031496 34.2992125984252 9.637795275590552 dont
84.4724409448819 543.4015748031496 25.79527559055118 9.637795275590552 il
97.22834645669292 543.4015748031496 34.2992125984252 9.637795275590552 fait
118.77165354330708 543.4015748031496 47.05511811023622 9.637795275590552 partie,
153.0708661417323 543.4015748031496 34.2992125984252 9.637795275590552 dont
174.33070866141733 543.4015748031496 25.79527559055118 9.637795275590552 il
187.08661417322836 543.4015748031496 30.04724409448819 9.637795275590552 est
204.3779527559055 543.4015748031496 25.79527559055118 9.637795275590552 un
217.13385826771653 543.4015748031496 47.05511811023622 9.637795275590552 élément
246.89763779527559 543.4015748031496 25.79527559055118 9.637795275590552 lui-

24.094488188976378 553.6062992125984 39.968503937007874 11.338582677165354 même
49.039370078740156 553.6062992125984 29.763779527559056 11.338582677165354 et
64.06299212598425 553.6062992125984 59.811023622047244 11.338582677165354 d’autant
108.85039370078741 553.6062992125984 39.968503937007874 11.338582677165354 plus
133.79527559055117 553.6062992125984 69.73228346456693 11.338582677165354 signifiant
188.50393700787401 553.6062992125984 34.86614173228347 11.338582677165354 que
208.62992125984252 553.6062992125984 29.763779527559056 11.338582677165354 sa
218.5511811023622 553.6062992125984 54.70866141732284 11.338582677165354 puissance

24.37795275590551 564.6614173228346 60.94488188976378 12.472440944881889 créatrice
71.14960629921259 564.6614173228346 32.881889763779526 12.472440944881889 est
89.85826771653544 564.6614173228346 37.41732283464567 12.472440944881889 plus
108.56692913385827 564.6614173228346 42.23622047244095 12.472440944881889 grande.

37.13385826771653 576.8503937007874 58.960629921259844 13.88976377952756 L’artiste
82.48818897637796 576.8503937007874 27.212598425196852 13.88976377952756 ne
96.09448818897638 576.8503937007874 31.748031496062993 13.88976377952756 vit
114.23622047244095 576.8503937007874 31.748031496062993 13.88976377952756 pas
132.3779527559055 576.8503937007874 31.748031496062993 13.88976377952756 les
150.51968503937007 576.8503937007874 36.28346456692913 13.88976377952756 yeux
173.1968503937008 576.8503937007874 49.889763779527556 13.88976377952756 fermés,
209.48031496062993 576.8503937007874 36.28346456692913 13.88976377952756 ceux
232.15748031496062 576.8503937007874 27.212598425196852 13.88976377952756 du
241.22834645669292 576.8503937007874 31.748031496062993 13.88976377952756 comps

24.37795275590551 588.4724409448819 30.330708661417322 12.472440944881889 et
39.68503937007874 588.4724409448819 40.53543307086614 12.472440944881889 ceux
64.91338582677166 588.4724409448819 30.330708661417322 12.472440944881889 de
80.22047244094489 588.4724409448819 50.74015748031496 12.472440944881889 l’âme,
115.65354330708661 588.4724409448819 30.330708661417322 12.472440944881889 au
130.96062992125985 588.4724409448819 66.04724409448819 12.472440944881889 spectacle
181.70078740157481 588.4724409448819 30.330708661417322 12.472440944881889 du
197.00787401574803 588.4724409448819 50.74015748031496 12.472440944881889 monde.
232.44094488188978 588.4724409448819 40.53543307086614 12.472440944881889 Bien
252.56692913385828 588.4724409448819 20.409448818897637 12.472440944881889 au

24.661417322834644 598.9606299212599 62.07874015748032 17.007874015748033 contraire,
73.41732283464567 598.9606299212599 35.43307086614173 17.007874015748033 tout
95.5275590551181 598.9606299212599 26.64566929133858 17.007874015748033 ce
108.85039370078741 598.9606299212599 30.89763779527559 17.007874015748033 qui
126.70866141732283 598.9606299212599 30.89763779527559 17.007874015748033 est
144.28346456692913 598.9606299212599 39.968503937007874 17.007874015748033 perçu
170.9291338582677 598.9606299212599 30.89763779527559 17.007874015748033 par
188.50393700787401 598.9606299212599 26.64566929133858 17.007874015748033 sa
201.82677165354332 598.9606299212599 66.33070866141732 17.007874015748033 sensibilité
250.58267716535434 598.9606299212599 22.11023622047244 17.007874015748033 dé-

24.37795275590551 609.4488188976378 54.70866141732284 12.188976377952756 clenche
64.34645669291339 609.4488188976378 94.39370078740157 12.188976377952756 automatiquement
143.71653543307087 609.4488188976378 39.68503937007874 12.188976377952756 dans
168.66141732283464 609.4488188976378 29.763779527559056 12.188976377952756 sa
183.4015748031496 609.4488188976378 49.60629921259842 12.188976377952756 rétine
218.26771653543307 609.4488188976378 29.763779527559056 12.188976377952756 un
228.18897637795277 609.4488188976378 44.78740157480315 12.188976377952756 réflexe

19.84251968503937 619.6535433070866 62.07874015748032 15.874015748031496 spécifique.

24.661417322834644 634.9606299212599 22.11023622047244 14.173228346456693 104
