307.84251968503935 672.6614173228346
6.2362204724409445 19.84251968503937 70.01574803149606 17.5748031496063 SUEDE

57.54330708661417 108.85039370078741 77.10236220472441 22.393700787401574 Commissaire
119.05511811023622 108.85039370078741 61.79527559055118 22.393700787401574 général:
165.54330708661416 108.85039370078741 61.79527559055118 22.393700787401574 Christer
206.64566929133858 108.85039370078741 51.30708661417323 22.393700787401574 Jacobson

58.110236220472444 123.59055118110236 52.15748031496063 14.456692913385826 Directeur
98.07874015748031 123.59055118110236 24.094488188976378 14.456692913385826 de
110.26771653543307 123.59055118110236 56.125984251968504 14.456692913385826 l’Institut
150.23622047244095 123.59055118110236 40.25196850393701 14.456692913385826 Suédois.

56.976377952755904 135.49606299212599 44.503937007874015 16.440944881889763 Attaché
89.29133858267717 135.49606299212599 48.47244094488189 16.440944881889763 culturel
125.5748031496063 135.49606299212599 32.31496062992126 16.440944881889763 près
145.98425196850394 135.49606299212599 60.661417322834644 16.440944881889763 l’Ambassade
194.45669291338584 135.49606299212599 24.37795275590551 16.440944881889763 de
206.64566929133858 135.49606299212599 36.28346456692913 16.440944881889763 Suède
231.0236220472441 135.49606299212599 20.125984251968504 16.440944881889763 à
234.99212598425197 135.49606299212599 32.31496062992126 16.440944881889763 Paris.

41.38582677165354 162.4251968503937 32.881889763779526 22.393700787401574 Une
60.37795275590551 162.4251968503937 56.125984251968504 22.393700787401574 nouvelle
102.33070866141732 162.4251968503937 65.48031496062993 22.393700787401574 génération
153.92125984251967 162.4251968503937 28.062992125984252 22.393700787401574 de
168.09448818897638 162.4251968503937 46.77165354330709 22.393700787401574 jeunes
200.9763779527559 162.4251968503937 56.125984251968504 22.393700787401574 artistes
242.9291338582677 162.4251968503937 32.881889763779526 22.393700787401574 est
257.1023622047244 162.4251968503937 18.708661417322833 22.393700787401574 en

27.496062992125985 175.46456692913387 42.23622047244095 20.125984251968504 train
55.84251968503937 175.46456692913387 28.062992125984252 20.125984251968504 de
69.73228346456693 175.46456692913387 28.062992125984252 20.125984251968504 se
83.90551181102362 175.46456692913387 46.77165354330709 20.125984251968504 frayer
116.78740157480316 175.46456692913387 32.881889763779526 20.125984251968504 une
135.49606299212599 175.46456692913387 37.41732283464567 20.125984251968504 voie
159.0236220472441 175.46456692913387 28.062992125984252 20.125984251968504 en
172.91338582677164 175.46456692913387 46.77165354330709 20.125984251968504 Suède.
205.79527559055117 175.46456692913387 32.881889763779526 20.125984251968504 Ils
219.96850393700788 175.46456692913387 56.125984251968504 20.125984251968504 s’opposent

27.77952755905512 187.08661417322836 62.92913385826772 18.141732283464567 résolument
77.38582677165354 187.08661417322836 22.393700787401574 18.141732283464567 à
86.45669291338582 187.08661417322836 26.929133858267715 18.141732283464567 la
99.77952755905511 187.08661417322836 58.67716535433071 18.141732283464567 situation
144.8503937007874 187.08661417322836 67.46456692913385 18.141732283464567 provinciale
198.99212598425197 187.08661417322836 26.929133858267715 18.141732283464567 et
208.06299212598427 187.08661417322836 67.46456692913385 18.141732283464567 conservatrice

26.929133858267715 198.14173228346456 29.19685039370079 18.141732283464567 de
41.38582677165354 198.14173228346456 43.93700787401575 18.141732283464567 l’art
70.86614173228347 198.14173228346456 29.19685039370079 18.141732283464567 en
85.32283464566929 198.14173228346456 43.93700787401575 18.141732283464567 Suède
114.80314960629921 198.14173228346456 29.19685039370079 18.141732283464567 et
129.25984251968504 198.14173228346456 39.118110236220474 18.141732283464567 sont
153.92125984251967 198.14173228346456 63.496062992125985 18.141732283464567 davantage
202.6771653543307 198.14173228346456 68.31496062992126 18.141732283464567 influencés
251.43307086614172 198.14173228346456 24.37795275590551 18.141732283464567 par

26.929133858267715 209.1968503937008 36.28346456692913 17.858267716535433 des
47.62204724409449 209.1968503937008 62.36220472440945 17.858267716535433 artistes
94.39370078740157 209.1968503937008 41.38582677165354 17.858267716535433 plus
120.18897637795276 209.1968503937008 72.56692913385827 17.858267716535433 universels
177.16535433070865 209.1968503937008 41.38582677165354 17.858267716535433 tels
203.24409448818898 209.1968503937008 36.28346456692913 17.858267716535433 que
218.83464566929135 209.1968503937008 56.976377952755904 17.858267716535433 Baerting,

27.77952755905512 217.98425196850394 65.48031496062993 18.992125984251967 Fahlstrôm,
79.08661417322834 217.98425196850394 74.83464566929133 18.992125984251967 Reuterswvârd
139.748031496063 217.98425196850394 28.062992125984252 18.992125984251967 et
153.92125984251967 217.98425196850394 51.30708661417323 18.992125984251967 Ultvedt
191.0551181102362 217.98425196850394 32.59842519685039 18.992125984251967 que
209.76377952755905 217.98425196850394 32.59842519685039 18.992125984251967 par
228.4724409448819 217.98425196850394 32.59842519685039 18.992125984251967 les
242.64566929133858 217.98425196850394 32.59842519685039 18.992125984251967 célé-

27.212598425196852 228.75590551181102 46.77165354330709 19.559055118110237 brités
60.09448818897638 228.75590551181102 56.125984251968504 19.559055118110237 locales.
102.33070866141732 228.75590551181102 46.77165354330709 19.559055118110237 Nombre
134.9291338582677 228.75590551181102 51.59055118110236 19.559055118110237 d’entre
172.62992125984252 228.75590551181102 32.881889763779526 19.559055118110237 eux
191.33858267716536 228.75590551181102 28.062992125984252 19.559055118110237 se
205.22834645669292 228.75590551181102 37.41732283464567 19.559055118110237 sont
228.75590551181102 228.75590551181102 46.77165354330709 19.559055118110237 lassés
256.81889763779526 228.75590551181102 18.708661417322833 19.559055118110237 de

26.64566929133858 240.09448818897638 29.763779527559056 19.559055118110237 la
41.669291338582674 240.09448818897638 69.73228346456693 19.559055118110237 dépendance
96.37795275590551 240.09448818897638 89.5748031496063 19.559055118110237 traditionnelle
171.21259842519686 240.09448818897638 29.763779527559056 19.559055118110237 de
186.23622047244095 240.09448818897638 44.78740157480315 19.559055118110237 l’art
216.0 240.09448818897638 54.70866141732284 19.559055118110237 suédois
250.86614173228347 240.09448818897638 24.944881889763778 19.559055118110237 des

26.362204724409448 252.8503937007874 57.54330708661417 15.874015748031496 courants
69.44881889763779 252.8503937007874 62.07874015748032 15.874015748031496 parisiens
117.35433070866142 252.8503937007874 28.62992125984252 15.874015748031496 et
131.81102362204723 252.8503937007874 33.44881889763779 15.874015748031496 ont
150.8031496062992 252.8503937007874 47.90551181102362 15.874015748031496 décidé
184.251968503937 252.8503937007874 28.62992125984252 15.874015748031496 de
198.70866141732284 252.8503937007874 28.62992125984252 15.874015748031496 se
213.16535433070865 252.8503937007874 52.724409448818896 15.874015748031496 tourner
246.61417322834646 252.8503937007874 28.62992125984252 15.874015748031496 vers

26.078740157480315 261.07086614173227 41.10236220472441 15.023622047244094 New
43.93700787401575 261.07086614173227 41.10236220472441 15.023622047244094 York.

39.118110236220474 276.37795275590554 28.913385826771652 18.4251968503937 La
53.574803149606296 276.37795275590554 53.00787401574803 18.4251968503937 plupart
92.1259842519685 276.37795275590554 28.913385826771652 18.4251968503937 de
106.58267716535433 276.37795275590554 33.732283464566926 18.4251968503937 ces
125.85826771653544 276.37795275590554 48.188976377952756 18.4251968503937 jeunes
159.8740157480315 276.37795275590554 57.826771653543304 18.4251968503937 artistes
203.24409448818898 276.37795275590554 38.55118110236221 18.4251968503937 sont
222.51968503937007 276.37795275590554 53.00787401574803 18.4251968503937 cependant

26.362204724409448 286.5826771653543 38.267716535433074 17.5748031496063 loin
50.45669291338583 286.5826771653543 47.90551181102362 17.5748031496063 d’être
83.90551181102362 286.5826771653543 43.08661417322835 17.5748031496063 prêts
112.53543307086615 286.5826771653543 28.62992125984252 17.5748031496063 ou
126.99212598425197 286.5826771653543 38.267716535433074 17.5748031496063 même
150.8031496062992 286.5826771653543 43.08661417322835 17.5748031496063 mûrs.
179.43307086614172 286.5826771653543 28.62992125984252 17.5748031496063 Il
193.88976377952756 286.5826771653543 23.811023622047244 17.5748031496063 y
203.5275590551181 286.5826771653543 23.811023622047244 17.5748031496063 a
213.16535433070865 286.5826771653543 43.08661417322835 17.5748031496063 parmi
241.79527559055117 286.5826771653543 33.44881889763779 17.5748031496063 eux
255.96850393700788 286.5826771653543 19.275590551181104 17.5748031496063 de

26.078740157480315 298.7716535433071 62.36220472440945 16.15748031496063 nombreux
72.56692913385827 298.7716535433071 56.976377952755904 16.15748031496063 talents
114.23622047244095 298.7716535433071 36.28346456692913 16.15748031496063 qui
134.9291338582677 298.7716535433071 41.38582677165354 16.15748031496063 sont
160.7244094488189 298.7716535433071 83.05511811023622 16.15748031496063 prometteurs,
228.18897637795277 298.7716535433071 41.38582677165354 16.15748031496063 mais
249.16535433070865 298.7716535433071 25.79527559055118 16.15748031496063 pet

26.078740157480315 309.54330708661416 33.44881889763779 16.15748031496063 ont
45.354330708661415 309.54330708661416 28.62992125984252 16.15748031496063 eu
59.52755905511811 309.54330708661416 28.62992125984252 16.15748031496063 le
73.98425196850394 309.54330708661416 52.724409448818896 16.15748031496063 courage
112.25196850393701 309.54330708661416 52.724409448818896 16.15748031496063 d’aller
150.51968503937007 309.54330708661416 57.54330708661417 16.15748031496063 jusqu’au
193.60629921259843 309.54330708661416 38.267716535433074 16.15748031496063 bout
217.41732283464566 309.54330708661416 28.62992125984252 16.15748031496063 et
231.8740157480315 309.54330708661416 28.62992125984252 16.15748031496063 de
241.51181102362204 309.54330708661416 33.44881889763779 16.15748031496063 faire

25.228346456692915 320.59842519685037 38.267716535433074 12.755905511811024 sans
49.32283464566929 320.59842519685037 62.07874015748032 12.755905511811024 compromis
96.94488188976378 320.59842519685037 28.62992125984252 12.755905511811024 ce
111.4015748031496 320.59842519685037 47.90551181102362 12.755905511811024 qu’ils
144.8503937007874 320.59842519685037 57.54330708661417 12.755905511811024 désirent
187.93700787401573 320.59842519685037 28.62992125984252 12.755905511811024 en
202.39370078740157 320.59842519685037 38.267716535433074 12.755905511811024 leur
226.20472440944883 320.59842519685037 33.44881889763779 12.755905511811024 for
240.66141732283464 320.59842519685037 33.44881889763779 12.755905511811024 inté-

25.228346456692915 329.9527559055118 53.00787401574803 17.007874015748033 rieur.
62.36220472440945 329.9527559055118 74.26771653543307 17.007874015748033 Exactement
121.03937007874016 329.9527559055118 47.90551181102362 17.007874015748033 comme
152.78740157480314 329.9527559055118 42.51968503937008 17.007874015748033 dans
179.43307086614172 329.9527559055118 31.748031496062993 17.007874015748033 la
195.30708661417322 329.9527559055118 74.26771653543307 17.007874015748033 génération
248.31496062992127 329.9527559055118 26.64566929133858 17.007874015748033 des

26.078740157480315 340.7244094488189 52.44094488188976 16.724409448818896 artistes
65.19685039370079 340.7244094488189 47.90551181102362 16.724409448818896 suédois
100.06299212598425 340.7244094488189 34.86614173228347 16.724409448818896 plus
121.88976377952756 340.7244094488189 39.40157480314961 16.724409448818896 âgés,
148.251968503937 340.7244094488189 26.078740157480315 16.724409448818896 il
161.29133858267716 340.7244094488189 21.826771653543307 16.724409448818896 y
170.07874015748033 340.7244094488189 21.826771653543307 16.724409448818896 a
178.58267716535434 340.7244094488189 26.078740157480315 16.724409448818896 au
191.90551181102362 340.7244094488189 34.86614173228347 16.724409448818896 sein
213.73228346456693 340.7244094488189 26.078740157480315 16.724409448818896 de
226.77165354330708 340.7244094488189 30.614173228346456 16.724409448818896 ces
239.81102362204723 340.7244094488189 34.86614173228347 16.724409448818896 jeunes

25.511811023622048 353.4803149606299 32.881889763779526 13.606299212598426 une
44.503937007874015 353.4803149606299 56.40944881889764 13.606299212598426 tendance
86.74015748031496 353.4803149606299 65.76377952755905 13.606299212598426 centripète
138.33070866141733 353.4803149606299 32.881889763779526 13.606299212598426 qui
157.3228346456693 353.4803149606299 32.881889763779526 13.606299212598426 les
176.03149606299212 353.4803149606299 51.59055118110236 13.606299212598426 empêche
213.73228346456693 353.4803149606299 28.062992125984252 13.606299212598426 de
227.6220472440945 353.4803149606299 28.062992125984252 13.606299212598426 se
236.9763779527559 353.4803149606299 37.7007874015748 13.606299212598426 porter

24.661417322834644 361.7007874015748 37.13385826771653 13.88976377952756 aux
40.53543307086614 361.7007874015748 58.39370078740158 13.88976377952756 extrêmes.

38.267716535433074 374.74015748031496 35.1496062992126 18.4251968503937 Les
58.39370078740158 374.74015748031496 65.19685039370079 18.4251968503937 tendances
108.56692913385827 374.74015748031496 40.25196850393701 18.4251968503937 pop,
133.79527559055117 374.74015748031496 80.22047244094489 18.4251968503937 surréalistes
198.99212598425197 374.74015748031496 30.04724409448819 18.4251968503937 et
214.01574803149606 374.74015748031496 30.04724409448819 18.4251968503937 op
229.03937007874015 374.74015748031496 40.25196850393701 18.4251968503937 sont
249.16535433070865 374.74015748031496 24.944881889763778 18.4251968503937 ri-

24.944881889763778 385.2283464566929 57.25984251968504 19.275590551181104 chement
66.33070866141732 385.2283464566929 83.05511811023622 19.275590551181104 représentées
134.07874015748033 385.2283464566929 41.669291338582674 19.275590551181104 mais
160.15748031496062 385.2283464566929 31.181102362204726 19.275590551181104 ne
175.748031496063 385.2283464566929 67.46456692913385 19.275590551181104 possèdent
227.6220472440945 385.2283464566929 46.77165354330709 19.275590551181104 guère
253.70078740157481 385.2283464566929 20.69291338582677 19.275590551181104 de

24.944881889763778 400.251968503937 83.33858267716535 12.755905511811024 protagonistes
93.54330708661418 400.251968503937 44.22047244094488 12.755905511811024 purs.
122.74015748031496 400.251968503937 39.118110236220474 12.755905511811024 D’un
147.4015748031496 400.251968503937 44.22047244094488 12.755905511811024 autre
176.5984251968504 400.251968503937 44.22047244094488 12.755905511811024 côté,
206.07874015748033 400.251968503937 29.480314960629922 12.755905511811024 on
220.8188976377953 400.251968503937 29.480314960629922 12.755905511811024 ne
230.45669291338584 400.251968503937 44.22047244094488 12.755905511811024 pourait

24.944881889763778 409.03937007874015 50.74015748031496 15.874015748031496 trouver
61.79527559055118 409.03937007874015 27.77952755905512 15.874015748031496 en
75.68503937007874 409.03937007874015 41.669291338582674 15.874015748031496 Suède
103.46456692913385 409.03937007874015 27.77952755905512 15.874015748031496 de
117.35433070866142 409.03937007874015 41.669291338582674 15.874015748031496 jeune
145.13385826771653 409.03937007874015 50.74015748031496 15.874015748031496 artiste
181.98425196850394 409.03937007874015 32.31496062992126 15.874015748031496 qui
200.40944881889763 409.03937007874015 36.8503937007874 15.874015748031496 soit
218.83464566929135 409.03937007874015 55.55905511811024 15.874015748031496 totalement

25.228346456692915 418.96062992125985 64.62992125984252 14.456692913385826 insensible
75.96850393700787 418.96062992125985 22.96062992125984 14.456692913385826 à
85.03937007874016 418.96062992125985 32.31496062992126 14.456692913385826 ces
103.46456692913385 418.96062992125985 69.16535433070867 14.456692913385826 influences.
158.74015748031496 418.96062992125985 41.38582677165354 14.456692913385826 D’une
186.51968503937007 418.96062992125985 41.38582677165354 14.456692913385826 façon
214.29921259842519 418.96062992125985 59.811023622047244 14.456692913385826 générale,
255.68503937007873 418.96062992125985 18.4251968503937 14.456692913385826 le

24.37795275590551 432.2834645669291 47.05511811023622 10.771653543307087 climat
57.25984251968504 432.2834645669291 65.76377952755905 10.771653543307087 artistique
109.13385826771653 432.2834645669291 32.881889763779526 10.771653543307087 s’y
127.84251968503936 432.2834645669291 32.881889763779526 10.771653543307087 est
146.5511811023622 432.2834645669291 61.22834645669291 10.771653543307087 modernisé
193.60629921259843 432.2834645669291 37.7007874015748 10.771653543307087 avec
217.13385826771653 432.2834645669291 32.881889763779526 10.771653543307087 une
231.30708661417322 432.2834645669291 42.23622047244095 10.771653543307087 accélé-

24.37795275590551 441.9212598425197 49.889763779527556 16.15748031496063 ration
59.24409448818898 441.9212598425197 39.968503937007874 16.15748031496063 sans
84.18897637795276 441.9212598425197 64.62992125984252 16.15748031496063 précédent
134.07874015748033 441.9212598425197 29.763779527559056 16.15748031496063 au
149.10236220472441 441.9212598425197 44.78740157480315 16.15748031496063 cours
178.86614173228347 441.9212598425197 34.86614173228347 16.15748031496063 des
198.70866141732284 441.9212598425197 39.968503937007874 16.15748031496063 cinq
218.83464566929135 441.9212598425197 54.70866141732284 16.15748031496063 dernières

18.141732283464567 451.5590551181102 50.173228346456696 13.32283464566929 années.

37.98425196850393 464.59842519685037 54.425196850393704 15.307086614173228 Nombreux
78.80314960629921 464.59842519685037 36.28346456692913 15.307086614173228 sont
101.48031496062993 464.59842519685037 40.818897637795274 15.307086614173228 aussi
128.69291338582678 464.59842519685037 31.748031496062993 15.307086614173228 les
146.83464566929135 464.59842519685037 45.354330708661415 15.307086614173228 jeunes
178.58267716535434 464.59842519685037 54.425196850393704 15.307086614173228 artistes
214.86614173228347 464.59842519685037 58.960629921259844 15.307086614173228 travaillant

24.661417322834644 476.78740157480314 36.8503937007874 16.15748031496063 dans
47.62204724409449 476.78740157480314 32.31496062992126 16.15748031496063 les
66.04724409448819 476.78740157480314 36.8503937007874 16.15748031496063 arts
89.29133858267717 476.78740157480314 69.16535433070867 16.15748031496063 graphiques,
144.56692913385828 476.78740157480314 50.74015748031496 16.15748031496063 domaine
181.41732283464566 476.78740157480314 27.77952755905512 16.15748031496063 où
195.30708661417322 476.78740157480314 32.31496062992126 16.15748031496063 les
213.73228346456693 476.78740157480314 60.09448818897638 16.15748031496063 résultats
255.4015748031496 476.78740157480314 18.4251968503937 16.15748031496063 se

24.661417322834644 489.25984251968504 34.86614173228347 11.338582677165354 sont
46.488188976377955 489.25984251968504 48.188976377952756 11.338582677165354 révélés
81.35433070866142 489.25984251968504 34.86614173228347 11.338582677165354 fort
103.18110236220473 489.25984251968504 74.26771653543307 11.338582677165354 intéressants.
164.40944881889763 489.25984251968504 34.86614173228347 11.338582677165354 Nils
186.23622047244095 489.25984251968504 26.078740157480315 11.338582677165354 G.
199.2755905511811 489.25984251968504 56.69291338582677 11.338582677165354 Stenqvist
242.9291338582677 489.25984251968504 21.826771653543307 11.338582677165354 a
247.46456692913387 489.25984251968504 26.078740157480315 11.338582677165354 fait

23.52755905511811 499.18110236220474 37.13385826771653 13.88976377952756 ses
44.78740157480315 499.18110236220474 53.00787401574803 13.88976377952756 débuts
81.92125984251969 499.18110236220474 47.90551181102362 13.88976377952756 comme
113.95275590551181 499.18110236220474 37.13385826771653 13.88976377952756 une
135.21259842519686 499.18110236220474 47.90551181102362 13.88976377952756 sorte
166.96062992125985 499.18110236220474 106.2992125984252 13.88976377952756 d’enfant-miracle
252.0 499.18110236220474 21.25984251968504 13.88976377952756 du

24.661417322834644 508.81889763779526 59.811023622047244 13.606299212598426 graphisme
70.58267716535433 508.81889763779526 27.496062992125985 13.606299212598426 et
84.18897637795276 508.81889763779526 32.031496062992126 13.606299212598426 est
102.61417322834646 508.81889763779526 36.8503937007874 13.606299212598426 déjà
125.5748031496063 508.81889763779526 64.34645669291339 13.606299212598426 professeur
176.31496062992127 508.81889763779526 22.96062992125984 13.606299212598426 à
185.38582677165354 508.81889763779526 50.45669291338583 13.606299212598426 l’Ecole
222.23622047244095 508.81889763779526 32.031496062992126 13.606299212598426 des
235.84251968503938 508.81889763779526 36.8503937007874 13.606299212598426 Beaux-

24.094488188976378 520.7244094488188 39.118110236220474 15.023622047244094 Arts
48.47244094488189 520.7244094488188 29.480314960629922 15.023622047244094 de
63.21259842519685 520.7244094488188 68.5984251968504 15.023622047244094 Stockholm.
117.07086614173228 520.7244094488188 29.480314960629922 15.023622047244094 Il
131.5275590551181 520.7244094488188 24.37795275590551 15.023622047244094 a
141.4488188976378 520.7244094488188 58.67716535433071 15.023622047244094 commencé
185.38582677165354 520.7244094488188 34.2992125984252 15.023622047244094 par
204.9448818897638 520.7244094488188 68.5984251968504 15.023622047244094 s’inspirer
253.98425196850394 520.7244094488188 19.559055118110237 15.023622047244094 du

24.094488188976378 531.2125984251968 78.23622047244095 16.440944881889763 surréalisme,
87.59055118110236 531.2125984251968 39.118110236220474 16.440944881889763 mais
111.96850393700787 531.2125984251968 63.496062992125985 16.440944881889763 s’exprime
160.7244094488189 531.2125984251968 24.37795275590551 16.440944881889763 à
170.64566929133858 531.2125984251968 53.85826771653543 16.440944881889763 présent
209.76377952755905 531.2125984251968 39.118110236220474 16.440944881889763 dans
234.14173228346456 531.2125984251968 29.19685039370079 16.440944881889763 un
244.06299212598427 531.2125984251968 29.19685039370079 16.440944881889763 lan-

23.811023622047244 539.1496062992126 38.83464566929134 15.590551181102363 gage
48.188976377952756 539.1496062992126 58.39370078740158 15.590551181102363 abstrait
91.84251968503936 539.1496062992126 29.19685039370079 15.590551181102363 et
101.48031496062993 539.1496062992126 63.21259842519685 15.590551181102363 non

36.56692913385827 554.7401574803149 44.503937007874015 15.307086614173228 Bernt
66.04724409448819 554.7401574803149 69.16535433070867 15.307086614173228 Pettersson
120.18897637795276 554.7401574803149 34.58267716535433 15.307086614173228 est
140.03149606299212 554.7401574803149 29.480314960629922 15.307086614173228 un
154.77165354330708 554.7401574803149 54.14173228346457 15.307086614173228 artiste
194.45669291338584 554.7401574803149 39.40157480314961 15.307086614173228 d’un
219.11811023622047 554.7401574803149 39.40157480314961 15.307086614173228 tout
238.6771653543307 554.7401574803149 34.58267716535433 15.307086614173228 autre

24.37795275590551 565.7952755905512 42.803149606299215 11.338582677165354 genre.
54.425196850393704 565.7952755905512 25.79527559055118 11.338582677165354 Il
67.18110236220473 565.7952755905512 34.2992125984252 11.338582677165354 mène
88.44094488188976 565.7952755905512 25.79527559055118 11.338582677165354 de
101.48031496062993 565.7952755905512 38.55118110236221 11.338582677165354 front
126.99212598425197 565.7952755905512 55.55905511811024 11.338582677165354 plusieurs
169.79527559055117 565.7952755905512 42.803149606299215 11.338582677165354 styles
199.84251968503938 565.7952755905512 64.34645669291339 11.338582677165354 différents,
246.89763779527559 565.7952755905512 25.79527559055118 11.338582677165354 pré-

23.811023622047244 576.8503937007874 47.05511811023622 15.874015748031496 férant
56.976377952755904 576.8503937007874 65.76377952755905 15.874015748031496 influencer
108.56692913385827 576.8503937007874 28.346456692913385 15.874015748031496 le
122.74015748031496 576.8503937007874 65.76377952755905 15.874015748031496 spectateur
174.33070866141733 576.8503937007874 47.05511811023622 15.874015748031496 plutôt
207.49606299212599 576.8503937007874 32.881889763779526 15.874015748031496 que
221.38582677165354 576.8503937007874 51.874015748031496 15.874015748031496 d’exprmer

23.52755905511811 587.9055118110236 29.19685039370079 11.622047244094489 sa
37.98425196850393 587.9055118110236 48.75590551181102 11.622047244094489 propre
72.28346456692914 587.9055118110236 83.05511811023622 11.622047244094489 personnalité.
140.88188976377953 587.9055118110236 29.19685039370079 11.622047244094489 Il
155.33858267716536 587.9055118110236 29.19685039370079 11.622047244094489 se
170.07874015748033 587.9055118110236 53.85826771653543 11.622047244094489 ressent
209.1968503937008 587.9055118110236 63.496062992125985 11.622047244094489 fortement
253.13385826771653 587.9055118110236 19.559055118110237 11.622047244094489 de

24.944881889763778 596.1259842519685 58.110236220472444 14.456692913385826 Duchamp,
68.5984251968504 596.1259842519685 48.47244094488189 14.456692913385826 Joyce,
102.61417322834646 596.1259842519685 48.47244094488189 14.456692913385826 Parker
136.62992125984252 596.1259842519685 29.19685039370079 14.456692913385826 et
151.08661417322836 596.1259842519685 68.03149606299213 14.456692913385826 Schwitters
204.3779527559055 596.1259842519685 29.19685039370079 14.456692913385826 et
219.11811023622047 596.1259842519685 34.01574803149607 14.456692913385826 une
233.5748031496063 596.1259842519685 38.83464566929134 14.456692913385826 grande

24.094488188976378 608.5984251968504 49.889763779527556 15.307086614173228 partie
58.960629921259844 608.5984251968504 29.763779527559056 15.307086614173228 de
73.98425196850394 608.5984251968504 34.86614173228347 15.307086614173228 ses
93.8267716535433 608.5984251968504 74.55118110236221 15.307086614173228 productions
153.63779527559055 608.5984251968504 74.55118110236221 15.307086614173228 artistiques
213.16535433070865 608.5984251968504 29.763779527559056 15.307086614173228 en
228.18897637795277 608.5984251968504 39.68503937007874 15.307086614173228 sont
248.03149606299212 608.5984251968504 24.944881889763778 15.307086614173228 des

24.37795275590551 619.9370078740158 79.65354330708661 15.874015748031496 commentaires.
89.85826771653544 619.9370078740158 46.77165354330709 15.874015748031496 Ancien
122.45669291338582 619.9370078740158 56.125984251968504 15.874015748031496 musicien
164.69291338582678 619.9370078740158 28.062992125984252 15.874015748031496 de
178.58267716535434 619.9370078740158 42.23622047244095 15.874015748031496 jazz,
206.64566929133858 619.9370078740158 28.062992125984252 15.874015748031496 la
220.8188976377953 619.9370078740158 46.77165354330709 15.874015748031496 langue
248.88188976377953 619.9370078740158 23.52755905511811 15.874015748031496 an
