334.7716535433071 660.7559055118111
74.26771653543307 13.039370078740157 173.76377952755905 18.708661417322833 MANIFESTATIONS
214.86614173228347 13.039370078740157 107.71653543307086 18.708661417322833 ANNEXES

117.63779527559055 62.645669291338585 60.09448818897638 13.88976377952756 GALERIE
164.9763779527559 62.645669291338585 30.04724409448819 13.88976377952756 DES
177.73228346456693 62.645669291338585 51.59055118110236 13.88976377952756 JEUNES

64.91338582677166 74.26771653543307 30.04724409448819 14.173228346456693 67,
81.92125984251969 74.26771653543307 30.04724409448819 14.173228346456693 rue
99.21259842519684 74.26771653543307 94.11023622047244 14.173228346456693 St-André-des-Arts,
180.28346456692913 74.26771653543307 38.55118110236221 14.173228346456693 Paris
206.07874015748033 74.26771653543307 34.2992125984252 14.173228346456693 (6e)
227.33858267716536 74.26771653543307 21.25984251968504 14.173228346456693 —
235.84251968503938 74.26771653543307 34.2992125984252 14.173228346456693 MED.
252.8503937007874 74.26771653543307 30.04724409448819 14.173228346456693 34

94.96062992125984 86.45669291338582 60.94488188976378 15.023622047244094 Exposition
142.58267716535434 86.45669291338582 26.078740157480315 15.023622047244094 du
155.6220472440945 86.45669291338582 21.826771653543307 15.023622047244094 5
164.40944881889763 86.45669291338582 26.078740157480315 15.023622047244094 au
177.4488188976378 86.45669291338582 26.078740157480315 15.023622047244094 31
190.48818897637796 86.45669291338582 47.90551181102362 15.023622047244094 octobre
221.10236220472441 86.45669291338582 30.330708661417322 15.023622047244094 1965.

81.63779527559055 100.91338582677166 58.960629921259844 13.88976377952756 Vernissage
127.84251968503936 100.91338582677166 25.228346456692915 13.88976377952756 le
140.5984251968504 100.91338582677166 37.98425196850393 13.88976377952756 mardi
165.82677165354332 100.91338582677166 20.976377952755904 13.88976377952756 5
174.33070866141733 100.91338582677166 46.20472440944882 13.88976377952756 octobre
207.7795275590551 100.91338582677166 25.228346456692915 13.88976377952756 de
220.53543307086613 100.91338582677166 25.228346456692915 13.88976377952756 18
233.00787401574803 100.91338582677166 20.976377952755904 13.88976377952756 à
241.51181102362204 100.91338582677166 25.228346456692915 13.88976377952756 24
250.01574803149606 100.91338582677166 16.724409448818896 13.88976377952756 h.

65.19685039370079 113.95275590551181 32.881889763779526 15.023622047244094 Tous
85.88976377952756 113.95275590551181 28.913385826771652 15.023622047244094 les
102.33070866141732 113.95275590551181 37.13385826771653 15.023622047244094 jours
127.2755905511811 113.95275590551181 32.881889763779526 15.023622047244094 sauf
147.96850393700788 113.95275590551181 24.661417322834644 15.023622047244094 le
160.15748031496062 113.95275590551181 53.574803149606296 15.023622047244094 dimanche,
201.54330708661416 113.95275590551181 24.661417322834644 15.023622047244094 de
214.01574803149606 113.95275590551181 24.661417322834644 15.023622047244094 14
226.20472440944883 113.95275590551181 24.661417322834644 15.023622047244094 h.
238.6771653543307 113.95275590551181 20.69291338582677 15.023622047244094 à
246.89763779527559 113.95275590551181 24.661417322834644 15.023622047244094 22
259.37007874015745 113.95275590551181 20.69291338582677 15.023622047244094 h
263.33858267716533 113.95275590551181 20.69291338582677 15.023622047244094 30.

110.55118110236221 133.79527559055117 65.19685039370079 16.440944881889763 PEINTRES
162.4251968503937 133.79527559055117 26.078740157480315 16.440944881889763 DE
175.46456692913387 133.79527559055117 26.078740157480315 16.440944881889763 LA
184.251968503937 133.79527559055117 56.40944881889764 16.440944881889763 GALERIE

58.960629921259844 151.93700787401573 52.15748031496063 16.15748031496063 Serge
98.07874015748031 151.93700787401573 39.118110236220474 16.15748031496063 Bara-
124.15748031496064 151.93700787401573 43.37007874015748 16.15748031496063 Claude
154.48818897637796 151.93700787401573 52.15748031496063 16.15748031496063 Gourley-
193.60629921259843 151.93700787401573 47.90551181102362 16.15748031496063 Michael
228.4724409448819 151.93700787401573 52.15748031496063 16.15748031496063 Lonsdale

54.70866141732284 165.54330708661416 54.14173228346457 16.440944881889763 André
95.24409448818898 165.54330708661416 40.53543307086614 16.440944881889763 Pier-
122.45669291338582 165.54330708661416 54.14173228346457 16.440944881889763 Benedito
162.99212598425197 165.54330708661416 94.67716535433071 16.440944881889763 Sanchez-Véronique
239.5275590551181 165.54330708661416 58.67716535433071 16.440944881889763 Vermeil

49.889763779527556 188.50393700787401 28.346456692913385 12.755905511811024 Les
66.04724409448819 188.50393700787401 48.75590551181102 12.755905511811024 artistes
102.61417322834646 188.50393700787401 28.346456692913385 12.755905511811024 qui
119.05511811023622 188.50393700787401 28.346456692913385 12.755905511811024 ont
135.21259842519686 188.50393700787401 28.346456692913385 12.755905511811024 été
151.6535433070866 188.50393700787401 40.818897637795274 12.755905511811024 réunis
180.0 188.50393700787401 32.59842519685039 12.755905511811024 dans
200.40944881889763 188.50393700787401 36.56692913385827 12.755905511811024 cette
224.78740157480314 188.50393700787401 56.976377952755904 12.755905511811024 exposition
269.5748031496063 188.50393700787401 28.346456692913385 12.755905511811024 ont
281.76377952755905 188.50393700787401 24.37795275590551 12.755905511811024 tous

49.32283464566929 197.5748031496063 51.59055118110236 13.039370078740157 collaboré
89.00787401574803 197.5748031496063 23.811023622047244 13.039370078740157 au
100.91338582677166 197.5748031496063 43.653543307086615 13.039370078740157 travail
132.66141732283464 197.5748031496063 23.811023622047244 13.039370078740157 de
144.56692913385828 197.5748031496063 39.68503937007874 13.039370078740157 groupe
172.3464566929134 197.5748031496063 47.62204724409449 13.039370078740157 présenté
207.7795275590551 197.5748031496063 31.748031496062993 13.039370078740157 dans
227.6220472440945 197.5748031496063 23.811023622047244 13.039370078740157 le
239.5275590551181 197.5748031496063 35.71653543307087 13.039370078740157 cadre
263.33858267716533 197.5748031496063 23.811023622047244 13.039370078740157 du
271.2755905511811 197.5748031496063 35.71653543307087 13.039370078740157 Théâtre

49.32283464566929 210.04724409448818 43.37007874015748 13.32283464566929 d’Essai
80.78740157480316 210.04724409448818 23.52755905511811 13.32283464566929 de
92.69291338582677 210.04724409448818 23.52755905511811 13.32283464566929 la
104.31496062992126 210.04724409448818 47.338582677165356 13.32283464566929 Biennale
139.748031496063 210.04724409448818 23.52755905511811 13.32283464566929 de
147.68503937007873 210.04724409448818 31.46456692913386 13.32283464566929 Paris.

126.99212598425197 326.26771653543307 60.37795275590551 15.307086614173228 GALERIE
170.07874015748033 326.26771653543307 60.37795275590551 15.307086614173228 LACLOCHE

83.62204724409449 339.0236220472441 25.79527559055118 13.606299212598426 8,
96.37795275590551 339.0236220472441 38.83464566929134 13.606299212598426 place
122.45669291338582 339.0236220472441 51.874015748031496 13.606299212598426 Vendôme,
161.29133858267716 339.0236220472441 38.83464566929134 13.606299212598426 Paris
187.08661417322836 339.0236220472441 38.83464566929134 13.606299212598426 (1er)
212.88188976377953 339.0236220472441 21.543307086614174 13.606299212598426 —
221.38582677165354 339.0236220472441 34.58267716535433 13.606299212598426 OPE.
238.6771653543307 339.0236220472441 34.58267716535433 13.606299212598426 06

79.08661417322834 348.37795275590554 61.22834645669291 13.88976377952756 Exposition
126.99212598425197 348.37795275590554 26.362204724409448 13.88976377952756 du
140.31496062992127 348.37795275590554 26.362204724409448 13.88976377952756 29
153.35433070866142 348.37795275590554 56.976377952755904 13.88976377952756 septembre
197.29133858267716 348.37795275590554 26.362204724409448 13.88976377952756 au
210.33070866141733 348.37795275590554 21.826771653543307 13.88976377952756 6
219.11811023622047 348.37795275590554 48.188976377952756 13.88976377952756 octobre
249.73228346456693 348.37795275590554 30.614173228346456 13.88976377952756 1965.

85.32283464566929 360.2834645669291 60.09448818897638 15.023622047244094 Vernissage
132.3779527559055 360.2834645669291 25.79527559055118 15.023622047244094 le
145.41732283464566 360.2834645669291 51.30708661417323 15.023622047244094 mercredi
183.96850393700788 360.2834645669291 25.79527559055118 15.023622047244094 29
196.7244094488189 360.2834645669291 55.84251968503937 15.023622047244094 septembre
239.5275590551181 360.2834645669291 21.543307086614174 15.023622047244094 à
248.03149606299212 360.2834645669291 25.79527559055118 15.023622047244094 17
256.81889763779526 360.2834645669291 17.007874015748033 15.023622047244094 h.

110.26771653543307 373.03937007874015 33.732283464566926 13.88976377952756 Tous
131.24409448818898 373.03937007874015 29.480314960629922 13.88976377952756 les
148.251968503937 373.03937007874015 37.7007874015748 13.88976377952756 jours
173.1968503937008 373.03937007874015 33.732283464566926 13.88976377952756 sauf
194.17322834645668 373.03937007874015 25.228346456692915 13.88976377952756 le
202.6771653543307 373.03937007874015 46.20472440944882 13.88976377952756 dimanche,

83.90551181102362 379.5590551181102 25.511811023622048 16.440944881889763 de
96.66141732283465 379.5590551181102 21.25984251968504 16.440944881889763 9
105.16535433070867 379.5590551181102 21.25984251968504 16.440944881889763 h
113.66929133858268 379.5590551181102 25.511811023622048 16.440944881889763 30
126.70866141732283 379.5590551181102 21.25984251968504 16.440944881889763 à
135.21259842519686 379.5590551181102 25.511811023622048 16.440944881889763 12
147.96850393700788 379.5590551181102 21.25984251968504 16.440944881889763 n
156.4724409448819 379.5590551181102 25.511811023622048 16.440944881889763 45
169.22834645669292 379.5590551181102 25.511811023622048 16.440944881889763 et
182.26771653543307 379.5590551181102 25.511811023622048 16.440944881889763 de
195.0236220472441 379.5590551181102 25.511811023622048 16.440944881889763 14
207.7795275590551 379.5590551181102 21.25984251968504 16.440944881889763 h
216.28346456692913 379.5590551181102 25.511811023622048 16.440944881889763 30
229.03937007874015 379.5590551181102 21.25984251968504 16.440944881889763 à
237.54330708661416 379.5590551181102 25.511811023622048 16.440944881889763 18
250.58267716535434 379.5590551181102 21.25984251968504 16.440944881889763 n
254.83464566929135 379.5590551181102 21.25984251968504 16.440944881889763 30.

90.99212598425197 398.5511811023622 66.04724409448819 14.740157480314961 STUDIO
141.73228346456693 398.5511811023622 50.74015748031496 14.740157480314961 MEUBLE
177.4488188976378 398.5511811023622 45.63779527559055 14.740157480314961 PLACE
202.96062992125985 398.5511811023622 66.04724409448819 14.740157480314961 VENDOME

53.29133858267716 415.5590551181102 24.944881889763778 13.039370078740157 Le
65.76377952755905 415.5590551181102 24.944881889763778 13.039370078740157 **
78.23622047244095 415.5590551181102 45.63779527559055 13.039370078740157 travail
111.68503937007874 415.5590551181102 49.889763779527556 13.039370078740157 d’équipe
148.8188976377953 415.5590551181102 33.16535433070866 13.039370078740157 dans
169.79527559055117 415.5590551181102 24.944881889763778 13.039370078740157 un
182.26771653543307 415.5590551181102 41.669291338582674 13.039370078740157 esprit
211.1811023622047 415.5590551181102 70.58267716535433 13.039370078740157 d’intégration
269.29133858267716 415.5590551181102 29.19685039370079 13.039370078740157 des
281.76377952755905 415.5590551181102 29.19685039370079 13.039370078740157 arts.

53.00787401574803 425.4803149606299 21.543307086614174 12.188976377952756 a
61.511811023622045 425.4803149606299 30.04724409448819 12.188976377952756 été
78.80314960629921 425.4803149606299 34.2992125984252 12.188976377952756 l’un
100.34645669291339 425.4803149606299 30.04724409448819 12.188976377952756 des
117.63779527559055 425.4803149606299 51.59055118110236 12.188976377952756 éléments
156.18897637795277 425.4803149606299 51.59055118110236 12.188976377952756 positifs
195.0236220472441 425.4803149606299 30.04724409448819 12.188976377952756 des
212.31496062992127 425.4803149606299 55.84251968503937 12.188976377952756 dernières
255.4015748031496 425.4803149606299 55.84251968503937 12.188976377952756 Biennales
293.9527559055118 425.4803149606299 17.291338582677167 12.188976377952756 de

53.85826771653543 433.7007874015748 39.118110236220474 14.456692913385826 Paris.
81.35433070866142 433.7007874015748 62.36220472440945 14.456692913385826 l’exposition
132.09448818897638 433.7007874015748 19.559055118110237 14.456692913385826 à
139.748031496063 433.7007874015748 23.52755905511811 14.456692913385826 la
151.37007874015748 433.7007874015748 42.803149606299215 14.456692913385826 Galerie
182.83464566929135 433.7007874015748 50.74015748031496 14.456692913385826 Lacloche,
221.66929133858267 433.7007874015748 23.52755905511811 14.456692913385826 se
233.5748031496063 433.7007874015748 35.1496062992126 14.456692913385826 relie
256.81889763779526 433.7007874015748 58.67716535433071 14.456692913385826 directement
299.90551181102364 433.7007874015748 11.622047244094489 14.456692913385826 à

54.14173228346457 446.1732283464567 32.31496062992126 11.905511811023622 cette
72.28346456692914 446.1732283464567 39.40157480314961 11.905511811023622 activité.

53.85826771653543 450.99212598425197 24.094488188976378 14.456692913385826 M.
65.76377952755905 450.99212598425197 48.188976377952756 14.456692913385826 Lacloche
102.04724409448819 450.99212598425197 20.125984251968504 14.456692913385826 a
110.26771653543307 450.99212598425197 40.25196850393701 14.456692913385826 confié
138.33070866141733 450.99212598425197 28.062992125984252 14.456692913385826 son
154.48818897637796 450.99212598425197 36.28346456692913 14.456692913385826 local
178.58267716535434 450.99212598425197 20.125984251968504 14.456692913385826 à
186.8031496062992 450.99212598425197 32.31496062992126 14.456692913385826 deux
206.9291338582677 450.99212598425197 48.188976377952756 14.456692913385826 peintres
242.9291338582677 450.99212598425197 24.094488188976378 14.456692913385826 et
255.11811023622047 450.99212598425197 40.25196850393701 14.456692913385826 quatre
279.21259842519686 450.99212598425197 32.31496062992126 14.456692913385826 sculp-

53.29133858267716 462.0472440944882 37.13385826771653 12.755905511811024 teurs
78.23622047244095 462.0472440944882 28.913385826771652 12.755905511811024 qui
94.67716535433071 462.0472440944882 28.913385826771652 12.755905511811024 ont
111.11811023622047 462.0472440944882 57.826771653543304 12.755905511811024 transformé
156.75590551181102 462.0472440944882 24.661417322834644 12.755905511811024 sa
168.9448818897638 462.0472440944882 45.354330708661415 12.755905511811024 galerie
202.11023622047244 462.0472440944882 24.661417322834644 12.755905511811024 en
214.58267716535434 462.0472440944882 24.661417322834644 12.755905511811024 un
226.77165354330708 462.0472440944882 24.661417322834644 12.755905511811024 **
239.24409448818898 462.0472440944882 41.38582677165354 12.755905511811024 studio
263.90551181102364 462.0472440944882 33.16535433070866 12.755905511811024 meublé

54.70866141732284 474.23622047244095 26.929133858267715 12.188976377952756 Non
70.2992125984252 474.23622047244095 53.574803149606296 12.188976377952756 seulement,
112.25196850393701 474.23622047244095 26.929133858267715 12.188976377952756 ils
127.84251968503936 474.23622047244095 26.929133858267715 12.188976377952756 ont
143.1496062992126 474.23622047244095 22.96062992125984 12.188976377952756 en
154.48818897637796 474.23622047244095 34.58267716535433 12.188976377952756 effet
177.4488188976378 474.23622047244095 38.267716535433074 12.188976377952756 refait
204.3779527559055 474.23622047244095 26.929133858267715 12.188976377952756 les
219.68503937007873 474.23622047244095 34.58267716535433 12.188976377952756 plans
242.64566929133858 474.23622047244095 53.574803149606296 12.188976377952756 intérieurs
284.88188976377955 474.23622047244095 26.929133858267715 12.188976377952756 qui
296.503937007874 474.23622047244095 15.307086614173228 12.188976377952756 de

54.425196850393704 480.755905511811 80.50393700787401 13.88976377952756 prallélépipèdes
122.1732283464567 480.755905511811 59.24409448818898 13.88976377952756 rectangles
168.66141732283464 480.755905511811 59.24409448818898 13.88976377952756 deviennent
215.43307086614172 480.755905511811 50.74015748031496 13.88976377952756 courbes,
253.41732283464566 480.755905511811 29.763779527559056 13.88976377952756 non
266.1732283464567 480.755905511811 46.488188976377955 13.88976377952756 seulement

54.425196850393704 490.3937007874016 29.480314960629922 14.456692913385826 ils
71.43307086614173 490.3937007874016 29.480314960629922 14.456692913385826 ont
88.15748031496064 490.3937007874016 46.488188976377955 14.456692913385826 aménagé
122.1732283464567 490.3937007874016 25.511811023622048 14.456692913385826 de
134.9291338582677 490.3937007874016 54.99212598425197 14.456692913385826 nouvelles
177.16535433070865 490.3937007874016 50.74015748031496 14.456692913385826 cloisons
215.1496062992126 490.3937007874016 25.511811023622048 14.456692913385826 et
227.90551181102362 490.3937007874016 25.511811023622048 14.456692913385826 un
240.3779527559055 490.3937007874016 46.488188976377955 14.456692913385826 nouveau
270.1417322834646 490.3937007874016 42.23622047244095 14.456692913385826 plafond,

54.70866141732284 500.88188976377955 34.2992125984252 13.32283464566929 mais
76.25196850393701 500.88188976377955 43.08661417322835 13.32283464566929 encore
106.2992125984252 500.88188976377955 30.04724409448819 13.32283464566929 ils
123.30708661417323 500.88188976377955 30.04724409448819 13.32283464566929 ont
140.5984251968504 500.88188976377955 38.55118110236221 13.32283464566929 conçu
166.39370078740157 500.88188976377955 30.04724409448819 13.32283464566929 les
183.4015748031496 500.88188976377955 47.338582677165356 13.32283464566929 meubles
217.98425196850394 500.88188976377955 25.79527559055118 13.32283464566929 et
230.74015748031496 500.88188976377955 34.2992125984252 13.32283464566929 tout
248.03149606299212 500.88188976377955 64.34645669291339 13.32283464566929 l’aménagement

54.70866141732284 511.0866141732283 24.094488188976378 13.039370078740157 du
66.61417322834646 511.0866141732283 24.094488188976378 13.039370078740157 *e
74.83464566929133 511.0866141732283 40.25196850393701 13.039370078740157 studio**

55.84251968503937 518.4566929133858 28.062992125984252 13.606299212598426 Les
72.0 518.4566929133858 32.031496062992126 13.606299212598426 deux
91.84251968503936 518.4566929133858 52.15748031496063 13.606299212598426 peintres,
132.09448818897638 518.4566929133858 36.28346456692913 13.606299212598426 James
156.18897637795277 518.4566929133858 40.25196850393701 13.606299212598426 Guitet
184.251968503937 518.4566929133858 24.094488188976378 13.606299212598426 et
196.44094488188978 518.4566929133858 40.25196850393701 13.606299212598426 Nikos,
224.50393700787401 518.4566929133858 28.062992125984252 13.606299212598426 qui
240.66141732283464 518.4566929133858 44.22047244094488 13.606299212598426 avaient
268.7244094488189 518.4566929133858 44.22047244094488 13.606299212598426 participé

54.99212598425197 530.0787401574803 20.69291338582677 10.488188976377952 à
63.496062992125985 530.0787401574803 66.61417322834646 10.488188976377952 l’expérience
117.63779527559055 530.0787401574803 24.944881889763778 10.488188976377952 de
130.11023622047244 530.0787401574803 100.06299212598425 10.488188976377952 Castellaras-le-Neuf,
217.41732283464566 530.0787401574803 29.19685039370079 10.488188976377952 les
234.14173228346456 530.0787401574803 41.669291338582674 10.488188976377952 quatre
259.0866141732283 530.0787401574803 54.14173228346457 10.488188976377952 sculpteurs:

56.125984251968504 540.5669291338583 31.748031496062993 9.921259842519685 Bury
75.96850393700787 540.5669291338583 59.52755905511811 9.921259842519685 Chavignier,
123.59055118110236 540.5669291338583 39.68503937007874 9.921259842519685 Kosice
151.08661417322836 540.5669291338583 23.811023622047244 9.921259842519685 et
162.99212598425197 540.5669291338583 55.55905511811024 9.921259842519685 Philodaos,
206.64566929133858 540.5669291338583 23.811023622047244 9.921259842519685 se
218.5511811023622 540.5669291338583 31.748031496062993 9.921259842519685 sont
238.39370078740157 540.5669291338583 39.68503937007874 9.921259842519685 livrés
265.8897637795276 540.5669291338583 23.811023622047244 9.921259842519685 là
277.79527559055117 540.5669291338583 19.84251968503937 9.921259842519685 à
285.73228346456693 540.5669291338583 23.811023622047244 9.921259842519685 ce
293.6692913385827 540.5669291338583 19.84251968503937 9.921259842519685 que

55.55905511811024 549.0708661417323 30.614173228346456 11.622047244094489 les
72.85039370078741 549.0708661417323 61.22834645669291 11.622047244094489 Américains
121.03937007874016 549.0708661417323 56.976377952755904 11.622047244094489 appellent
164.9763779527559 549.0708661417323 26.362204724409448 11.622047244094489 le
178.01574803149606 549.0708661417323 30.614173228346456 11.622047244094489 jeu
195.59055118110237 549.0708661417323 30.614173228346456 11.622047244094489 des
217.41732283464566 549.0708661417323 78.80314960629921 11.622047244094489 environnements
283.18110236220474 549.0708661417323 21.826771653543307 11.622047244094489 :
287.43307086614175 549.0708661417323 26.362204724409448 11.622047244094489 Mais

55.55905511811024 557.007874015748 33.732283464566926 11.905511811023622 cela
76.81889763779527 557.007874015748 25.511811023622048 11.905511811023622 va
89.5748031496063 557.007874015748 50.74015748031496 11.905511811023622 beaucoup
127.55905511811024 557.007874015748 33.732283464566926 11.905511811023622 plus
148.8188976377953 557.007874015748 33.732283464566926 11.905511811023622 loin
169.79527559055117 557.007874015748 29.763779527559056 11.905511811023622 que
186.8031496062992 557.007874015748 25.511811023622048 11.905511811023622 ce
199.55905511811022 557.007874015748 29.763779527559056 11.905511811023622 jeu
216.56692913385828 557.007874015748 54.99212598425197 11.905511811023622 puisqu’il
258.8031496062992 557.007874015748 42.23622047244095 11.905511811023622 s’agit
284.0314960629921 557.007874015748 29.763779527559056 11.905511811023622 d’une

56.125984251968504 568.3464566929134 53.29133858267716 9.921259842519685 tentative
96.94488188976378 568.3464566929134 32.59842519685039 9.921259842519685 très
117.35433070866142 568.3464566929134 45.07086614173228 9.921259842519685 poussée
150.23622047244095 568.3464566929134 69.44881889763779 9.921259842519685 d’intégration
207.49606299212599 568.3464566929134 28.62992125984252 9.921259842519685 des
223.6535433070866 568.3464566929134 36.8503937007874 9.921259842519685 arts.
248.31496062992127 568.3464566929134 24.661417322834644 9.921259842519685 La
260.503937007874 568.3464566929134 53.29133858267716 9.921259842519685 peinture,
297.3543307086614 568.3464566929134 16.440944881889763 9.921259842519685 la

56.125984251968504 575.1496062992126 53.00787401574803 12.472440944881889 sculpture
96.94488188976378 575.1496062992126 24.661417322834644 12.472440944881889 et
109.13385826771653 575.1496062992126 77.66929133858268 12.472440944881889 l’architecture,
174.61417322834646 575.1496062992126 24.661417322834644 12.472440944881889 là
186.8031496062992 575.1496062992126 24.661417322834644 12.472440944881889 ne
198.99212598425197 575.1496062992126 32.59842519685039 12.472440944881889 font
219.4015748031496 575.1496062992126 32.59842519685039 12.472440944881889 plus
239.81102362204723 575.1496062992126 40.818897637795274 12.472440944881889 qu’un.
268.4409448818898 575.1496062992126 24.661417322834644 12.472440944881889 La
276.66141732283467 575.1496062992126 36.8503937007874 12.472440944881889 Biblio-

55.55905511811024 587.0551181102362 43.653543307086615 9.354330708661417 thèque
86.1732283464567 587.0551181102362 26.362204724409448 9.354330708661417 de
99.21259842519684 587.0551181102362 39.40157480314961 9.354330708661417 James
125.5748031496063 587.0551181102362 43.653543307086615 9.354330708661417 Guitet
156.18897637795277 587.0551181102362 30.614173228346456 9.354330708661417 par
173.76377952755905 587.0551181102362 52.44094488188976 9.354330708661417 exemple,
213.16535433070865 587.0551181102362 30.614173228346456 9.354330708661417 est
230.45669291338584 587.0551181102362 21.826771653543307 9.354330708661417 à
239.24409448818898 587.0551181102362 26.362204724409448 9.354330708661417 la
252.56692913385828 587.0551181102362 35.1496062992126 9.354330708661417 fois
270.1417322834646 587.0551181102362 43.653543307086615 9.354330708661417 cloison,

56.69291338582677 596.9763779527559 64.34645669291339 10.771653543307087 bibliothèque
108.85039370078741 596.9763779527559 24.094488188976378 10.771653543307087 et
120.75590551181102 596.9763779527559 48.188976377952756 10.771653543307087 peinture
157.03937007874015 596.9763779527559 24.094488188976378 10.771653543307087 en
168.9448818897638 596.9763779527559 40.25196850393701 10.771653543307087 relief
193.03937007874015 596.9763779527559 64.34645669291339 10.771653543307087 fonctionnelle.

238.6771653543307 606.6141732283464 47.338582677165356 13.32283464566929 Michel
267.0236220472441 606.6141732283464 37.98425196850393 13.32283464566929 Ragon.
