909.0708661417323 1513.1338582677165
397.13385826771656 15.307086614173228 83.90551181102362 23.52755905511811 –
430.5826771653543 15.307086614173228 100.62992125984252 23.52755905511811 15
464.31496062992125 15.307086614173228 50.45669291338583 23.52755905511811 –

127.55905511811024 63.77952755905512 76.25196850393701 43.37007874015748 de
165.82677165354332 63.77952755905512 140.03149606299212 43.37007874015748 Médicis
267.59055118110234 63.77952755905512 76.25196850393701 43.37007874015748 et
305.8582677165354 63.77952755905512 76.25196850393701 43.37007874015748 de
343.84251968503935 63.77952755905512 114.51968503937007 43.37007874015748 Louis
420.37795275590554 63.77952755905512 114.51968503937007 43.37007874015748 XIII.
496.62992125984255 63.77952755905512 63.496062992125985 43.37007874015748 —
522.1417322834645 63.77952755905512 76.25196850393701 43.37007874015748 L.
560.4094488188977 63.77952755905512 76.25196850393701 43.37007874015748 a.
598.3937007874016 63.77952755905512 76.25196850393701 43.37007874015748 s.
636.6614173228346 63.77952755905512 63.496062992125985 43.37007874015748 à
662.1732283464567 63.77952755905512 76.25196850393701 43.37007874015748 M.
700.1574803149606 63.77952755905512 140.03149606299212 43.37007874015748 Scappi,
789.4488188976378 63.77952755905512 89.00787401574803 43.37007874015748 audi-

126.14173228346456 89.85826771653544 101.76377952755905 42.51968503937008 teur
189.92125984251967 89.85826771653544 76.25196850393701 42.51968503937008 du
227.90551181102362 89.85826771653544 127.2755905511811 42.51968503937008 nonce;
317.1968503937008 89.85826771653544 229.03937007874015 42.51968503937008 Fontainebleau,
507.9685039370079 89.85826771653544 76.25196850393701 42.51968503937008 18
546.2362204724409 89.85826771653544 101.76377952755905 42.51968503937008 juin
610.0157480314961 89.85826771653544 114.51968503937007 42.51968503937008 1612,
686.2677165354331 89.85826771653544 63.77952755905512 42.51968503937008 1
711.7795275590552 89.85826771653544 76.25196850393701 42.51968503937008 p.
737.2913385826772 89.85826771653544 140.03149606299212 42.51968503937008 in

802.2047244094488 130.11023622047244 90.14173228346456 21.826771653543307 15
832.2519685039371 130.11023622047244 45.07086614173228 21.826771653543307 »

122.1732283464567 159.8740157480315 61.511811023622045 35.43307086614173 Il
152.78740157480314 159.8740157480315 71.71653543307086 35.43307086614173 lui
193.88976377952756 159.8740157480315 112.53543307086615 35.43307086614173 annonce
275.5275590551181 159.8740157480315 112.53543307086615 35.43307086614173 l’envoi
357.4488188976378 159.8740157480315 71.71653543307086 35.43307086614173 des
398.26771653543307 159.8740157480315 122.74015748031496 35.43307086614173 réponses
490.3937007874016 159.8740157480315 102.33070866141732 35.43307086614173 faites
562.1102362204724 159.8740157480315 71.71653543307086 35.43307086614173 aux
602.9291338582677 159.8740157480315 163.84251968503938 35.43307086614173 réclamations
736.1574803149606 159.8740157480315 71.71653543307086 35.43307086614173 des
766.7716535433071 159.8740157480315 112.53543307086615 35.43307086614173 prétendus

102.61417322834646 178.58267716535434 125.85826771653544 26.64566929133858 réformés
197.00787401574803 178.58267716535434 73.41732283464567 26.64566929133858 qui
238.96062992125985 178.58267716535434 125.85826771653544 26.64566929133858 habitent
333.3543307086614 178.58267716535434 62.92913385826772 26.64566929133858 le
364.81889763779526 178.58267716535434 104.88188976377953 26.64566929133858 Comtat
427.748031496063 178.58267716535434 125.85826771653544 26.64566929133858 Venaissin.

26.929133858267715 224.2204724409449 116.78740157480316 39.968503937007874 43570.
108.56692913385827 224.2204724409449 140.31496062992127 39.968503937007874 PHILIPPE
214.01574803149606 224.2204724409449 81.92125984251969 39.968503937007874 Ier
260.503937007874 224.2204724409449 81.92125984251969 39.968503937007874 dit
307.2755905511811 224.2204724409449 105.16535433070867 39.968503937007874 le
377.5748031496063 224.2204724409449 151.93700787401573 39.968503937007874 beau,
494.3622047244094 224.2204724409449 81.92125984251969 39.968503937007874 roi
541.1338582677165 224.2204724409449 70.01574803149606 39.968503937007874 de
576.2834645669292 224.2204724409449 151.93700787401573 39.968503937007874 Castille,
693.0708661417323 224.2204724409449 105.16535433070867 39.968503937007874 époux
763.3700787401575 224.2204724409449 70.01574803149606 39.968503937007874 de
786.6141732283464 224.2204724409449 93.54330708661418 39.968503937007874 Jeanne

127.55905511811024 250.86614173228347 99.49606299212599 39.118110236220474 la
193.88976377952756 250.86614173228347 144.0 39.118110236220474 folle
304.7244094488189 250.86614173228347 66.33070866141732 39.118110236220474 et
337.8897637795276 250.86614173228347 88.44094488188976 39.118110236220474 père
393.1653543307087 250.86614173228347 66.33070866141732 39.118110236220474 de
426.3307086614173 250.86614173228347 199.2755905511811 39.118110236220474 Charles-Quint.
592.4409448818898 250.86614173228347 55.275590551181104 39.118110236220474 —
614.5511811023622 250.86614173228347 66.33070866141732 39.118110236220474 L.
647.7165354330708 250.86614173228347 77.38582677165354 39.118110236220474 s.,
691.9370078740158 250.86614173228347 66.33070866141732 39.118110236220474 en
725.1023622047244 250.86614173228347 144.0 39.118110236220474 français,
824.8818897637796 250.86614173228347 55.275590551181104 39.118110236220474 aux

124.7244094488189 276.37795275590554 202.11023622047244 37.7007874015748 trésoriers,
286.5826771653543 276.37795275590554 215.71653543307087 37.7007874015748 bourgmestres
462.0472440944882 276.37795275590554 80.78740157480316 37.7007874015748 et
502.2992125984252 276.37795275590554 161.85826771653544 37.7007874015748 échevins
623.6220472440945 276.37795275590554 80.78740157480316 37.7007874015748 de
664.1574803149606 276.37795275590554 188.78740157480314 37.7007874015748 Bruxelles;
799.0866141732283 276.37795275590554 80.78740157480316 37.7007874015748 Bru-

125.5748031496063 301.8897637795276 138.33070866141733 37.7007874015748 xelles,
226.20472440944883 301.8897637795276 62.92913385826772 37.7007874015748 8
251.1496062992126 301.8897637795276 163.55905511811022 37.7007874015748 septembre
377.00787401574803 301.8897637795276 113.10236220472441 37.7007874015748 1505,
452.40944881889766 301.8897637795276 62.92913385826772 37.7007874015748 1
477.6377952755906 301.8897637795276 75.4015748031496 37.7007874015748 p.
515.3385826771654 301.8897637795276 113.10236220472441 37.7007874015748 in-4.
590.7401574803149 301.8897637795276 138.33070866141733 37.7007874015748 Très
691.3700787401575 301.8897637795276 163.55905511811022 37.7007874015748 rare.
817.2283464566929 301.8897637795276 75.4015748031496 37.7007874015748 60
842.4566929133858 301.8897637795276 37.7007874015748 37.7007874015748 »

122.1732283464567 347.244094488189 62.36220472440945 30.614173228346456 Il
153.35433070866142 347.244094488189 83.05511811023622 30.614173228346456 leur
205.51181102362204 347.244094488189 114.23622047244095 30.614173228346456 enjoint
288.56692913385825 347.244094488189 145.70078740157481 30.614173228346456 d’exempter
403.0866141732283 347.244094488189 62.36220472440945 30.614173228346456 de
434.26771653543307 347.244094488189 104.03149606299213 30.614173228346456 toutes
507.11811023622045 347.244094488189 114.23622047244095 30.614173228346456 tailles
590.1732283464567 347.244094488189 62.36220472440945 30.614173228346456 et
621.3543307086615 347.244094488189 155.90551181102362 30.614173228346456 subventions
746.0787401574803 347.244094488189 93.54330708661418 30.614173228346456 Colin
798.2362204724409 347.244094488189 83.05511811023622 30.614173228346456 Boulet

102.89763779527559 366.5196850393701 60.37795275590551 18.708661417322833 et
133.22834645669292 366.5196850393701 110.83464566929133 18.708661417322833 Pierrot
203.81102362204723 366.5196850393701 100.62992125984252 18.708661417322833 Gossian.

26.078740157480315 411.87401574803147 124.15748031496064 36.28346456692913 43571.
113.10236220472441 411.87401574803147 87.02362204724409 36.28346456692913 PIE
162.70866141732284 411.87401574803147 87.02362204724409 36.28346456692913 IX,
212.31496062992127 411.87401574803147 111.68503937007874 36.28346456692913 pape.
286.86614173228344 411.87401574803147 62.07874015748032 36.28346456692913 —
311.81102362204723 411.87401574803147 74.55118110236221 36.28346456692913 P.
348.9448818897638 411.87401574803147 87.02362204724409 36.28346456692913 s.,
398.5511811023622 411.87401574803147 99.21259842519684 36.28346456692913 avec
460.9133858267717 411.87401574803147 87.02362204724409 36.28346456692913 une
510.5196850393701 411.87401574803147 124.15748031496064 36.28346456692913 petite
597.2598425196851 411.87401574803147 124.15748031496064 36.28346456692913 ligne;
684.2834645669292 411.87401574803147 111.68503937007874 36.28346456692913 Rome,
758.8346456692914 411.87401574803147 62.07874015748032 36.28346456692913 4
771.3070866141733 411.87401574803147 111.68503937007874 36.28346456692913 juillet

119.90551181102362 437.38582677165357 162.99212598425197 36.56692913385827 1861,
228.75590551181102 437.38582677165357 90.70866141732283 36.56692913385827 1
264.755905511811 437.38582677165357 108.85039370078741 36.56692913385827 p.
319.18110236220474 437.38582677165357 162.99212598425197 36.56692913385827 in-8.
428.0314960629921 437.38582677165357 217.41732283464566 36.56692913385827 Belle
591.0236220472441 437.38582677165357 253.70078740157481 36.56692913385827 pièce.
790.2992125984252 437.38582677165357 108.85039370078741 36.56692913385827 16
826.5826771653543 437.38582677165357 54.425196850393704 36.56692913385827 »

24.37795275590551 488.9763779527559 131.81102362204723 39.118110236220474 43572.
116.78740157480316 488.9763779527559 118.77165354330708 39.118110236220474 PINEL
195.8740157480315 488.9763779527559 197.85826771653544 39.118110236220474 (Philippe),
354.0472440944882 488.9763779527559 145.13385826771653 39.118110236220474 célèbre
459.7795275590551 488.9763779527559 158.17322834645668 39.118110236220474 médecin,
578.2677165354331 488.9763779527559 92.40944881889764 39.118110236220474 qui
630.992125984252 488.9763779527559 145.13385826771653 39.118110236220474 réforma
736.4409448818898 488.9763779527559 79.08661417322834 39.118110236220474 le
762.8031496062993 488.9763779527559 118.77165354330708 39.118110236220474 traite-

124.15748031496064 515.6220472440945 102.89763779527559 34.2992125984252 ment
188.2204724409449 515.6220472440945 89.85826771653544 34.2992125984252 des
239.81102362204723 515.6220472440945 154.20472440944883 34.2992125984252 aliénés.
355.46456692913387 515.6220472440945 64.34645669291339 34.2992125984252 —
380.9763779527559 515.6220472440945 77.10236220472441 34.2992125984252 L.
419.5275590551181 515.6220472440945 77.10236220472441 34.2992125984252 a.
458.0787401574803 515.6220472440945 77.10236220472441 34.2992125984252 s.
496.62992125984255 515.6220472440945 64.34645669291339 34.2992125984252 à
522.4251968503937 515.6220472440945 77.10236220472441 34.2992125984252 M.
560.9763779527559 515.6220472440945 166.96062992125985 34.2992125984252 Gayetaud;
689.3858267716536 515.6220472440945 128.40944881889763 34.2992125984252 Paris,
779.2440944881889 515.6220472440945 77.10236220472441 34.2992125984252 15
805.0393700787401 515.6220472440945 77.10236220472441 34.2992125984252 jan-

108.56692913385827 542.2677165354331 228.75590551181102 33.732283464566926 vier
251.71653543307087 542.2677165354331 257.38582677165357 33.732283464566926 1811,
423.21259842519686 542.2677165354331 143.1496062992126 33.732283464566926 2
480.4724409448819 542.2677165354331 171.7795275590551 33.732283464566926 p.
566.3622047244095 542.2677165354331 257.38582677165357 33.732283464566926 in-8.
737.8582677165355 542.2677165354331 171.7795275590551 33.732283464566926 12
795.1181102362204 542.2677165354331 85.88976377952756 33.732283464566926 »

118.48818897637796 586.7716535433071 91.55905511811024 26.929133858267715 Jolie
179.71653543307087 586.7716535433071 101.76377952755905 26.929133858267715 lettre
250.86614173228347 586.7716535433071 61.22834645669291 26.929133858267715 où
281.4803149606299 586.7716535433071 61.22834645669291 26.929133858267715 il
312.09448818897636 586.7716535433071 61.22834645669291 26.929133858267715 le
342.70866141732284 586.7716535433071 122.1732283464567 26.929133858267715 félicite
434.26771653543307 586.7716535433071 61.22834645669291 26.929133858267715 de
464.88188976377955 586.7716535433071 61.22834645669291 26.929133858267715 la
495.496062992126 586.7716535433071 152.78740157480314 26.929133858267715 propagation
617.6692913385826 586.7716535433071 61.22834645669291 26.929133858267715 de
648.2834645669292 586.7716535433071 61.22834645669291 26.929133858267715 la
678.6141732283464 586.7716535433071 122.1732283464567 26.929133858267715 vaccine.
770.4566929133858 586.7716535433071 61.22834645669291 26.929133858267715 Il
790.8661417322835 586.7716535433071 91.55905511811024 26.929133858267715 annonce

100.34645669291339 606.0472440944882 61.511811023622045 24.37795275590551 la
130.96062992125985 606.0472440944882 81.92125984251969 24.37795275590551 mort
182.26771653543307 606.0472440944882 61.511811023622045 24.37795275590551 de
213.16535433070865 606.0472440944882 61.511811023622045 24.37795275590551 sa
243.7795275590551 606.0472440944882 102.61417322834646 24.37795275590551 femme,
315.496062992126 606.0472440944882 81.92125984251969 24.37795275590551 dont
366.8031496062992 606.0472440944882 61.511811023622045 24.37795275590551 il
397.4173228346457 606.0472440944882 92.1259842519685 24.37795275590551 vante
458.92913385826773 606.0472440944882 71.71653543307086 24.37795275590551 les
500.0314960629921 606.0472440944882 123.02362204724409 24.37795275590551 qualités
581.9527559055118 606.0472440944882 102.61417322834646 24.37795275590551 privées.

22.96062992125984 651.6850393700787 143.1496062992126 32.881889763779526 43573.
123.02362204724409 651.6850393700787 157.3228346456693 32.881889763779526 PONSARD
237.54330708661416 651.6850393700787 214.58267716535434 32.881889763779526 (François),
409.03937007874015 651.6850393700787 157.3228346456693 32.881889763779526 célèbre
523.5590551181102 651.6850393700787 128.69291338582678 32.881889763779526 poète
609.4488188976378 651.6850393700787 185.95275590551182 32.881889763779526 tragique,
752.3149606299213 651.6850393700787 143.1496062992126 32.881889763779526 membre
838.2047244094488 651.6850393700787 57.25984251968504 32.881889763779526 de

122.1732283464567 678.3307086614174 180.8503937007874 31.181102362204726 l’Académie
264.4724409448819 678.3307086614174 180.8503937007874 31.181102362204726 française,
406.48818897637796 678.3307086614174 77.38582677165354 31.181102362204726 né
445.3228346456693 678.3307086614174 64.62992125984252 31.181102362204726 à
471.11811023622045 678.3307086614174 129.25984251968504 31.181102362204726 Vienne
561.5433070866142 678.3307086614174 155.0551181102362 31.181102362204726 (Isère).
677.7637795275591 678.3307086614174 64.62992125984252 31.181102362204726 —
703.5590551181102 678.3307086614174 116.22047244094489 31.181102362204726 Pièce
780.9448818897638 678.3307086614174 77.38582677165354 31.181102362204726 de
807.0236220472441 678.3307086614174 77.38582677165354 31.181102362204726 vers

114.80314960629921 704.4094488188977 182.26771653543307 32.031496062992126 aut.;
236.1259842519685 704.4094488188977 222.8031496062992 32.031496062992126 (1852),
398.26771653543307 704.4094488188977 101.19685039370079 32.031496062992126 2
438.8031496062992 704.4094488188977 121.60629921259843 32.031496062992126 p.
499.46456692913387 704.4094488188977 141.73228346456693 32.031496062992126 1/2
580.5354330708661 704.4094488188977 263.33858267716533 32.031496062992126 in-folio.
783.2125984251968 704.4094488188977 121.60629921259843 32.031496062992126 15
823.7480314960629 704.4094488188977 60.661417322834644 32.031496062992126 »

118.77165354330708 748.3464566929134 77.95275590551181 27.77952755905512 Très
167.24409448818898 748.3464566929134 87.59055118110236 27.77952755905512 belle
225.63779527559055 748.3464566929134 87.59055118110236 27.77952755905512 pièce
284.0314960629921 748.3464566929134 126.4251968503937 27.77952755905512 contenant
381.25984251968504 748.3464566929134 58.39370078740158 27.77952755905512 le
410.45669291338584 748.3464566929134 87.59055118110236 27.77952755905512 début
468.8503937007874 748.3464566929134 58.39370078740158 27.77952755905512 de
498.0472440944882 748.3464566929134 68.03149606299213 27.77952755905512 son
536.8818897637796 748.3464566929134 87.59055118110236 27.77952755905512 poème
595.2755905511812 748.3464566929134 194.45669291338584 27.77952755905512 d’Homère.
760.8188976377953 748.3464566929134 58.39370078740158 27.77952755905512 On
790.0157480314961 748.3464566929134 48.75590551181102 27.77952755905512 y
809.2913385826772 748.3464566929134 48.75590551181102 27.77952755905512 a
819.2125984251968 748.3464566929134 68.03149606299213 27.77952755905512 joint

98.64566929133858 768.1889763779527 66.61417322834646 27.212598425196852 le
131.81102362204723 768.1889763779527 88.7244094488189 27.212598425196852 même
187.37007874015748 768.1889763779527 133.22834645669292 27.212598425196852 fragment
287.43307086614175 768.1889763779527 122.1732283464567 27.212598425196852 imprimé
376.15748031496065 768.1889763779527 66.61417322834646 27.212598425196852 en
409.6062992125984 768.1889763779527 55.55905511811024 27.212598425196852 4
431.7165354330709 768.1889763779527 100.06299212598425 27.212598425196852 pages
498.61417322834643 768.1889763779527 111.11811023622047 27.212598425196852 in-16,
576.2834645669292 768.1889763779527 88.7244094488189 27.212598425196852 avec
631.8425196850394 768.1889763779527 166.6771653543307 27.212598425196852 corrections
765.0708661417323 768.1889763779527 66.61417322834646 27.212598425196852 de
798.5196850393701 768.1889763779527 66.61417322834646 27.212598425196852 la
820.6299212598425 768.1889763779527 66.61417322834646 27.212598425196852 main

97.51181102362204 790.0157480314961 66.61417322834646 16.440944881889763 de
119.62204724409449 790.0157480314961 111.11811023622047 16.440944881889763 Ponsard.

22.393700787401574 829.1338582677165 126.99212598425197 36.8503937007874 43674.
111.4015748031496 829.1338582677165 139.748031496063 36.8503937007874 PRÉVOST
212.88188976377953 829.1338582677165 164.9763779527559 36.8503937007874 (Marcel),
339.87401574803147 829.1338582677165 139.748031496063 36.8503937007874 célèbre
441.3543307086614 829.1338582677165 177.73228346456693 36.8503937007874 romancier,
580.8188976377953 829.1338582677165 126.99212598425197 36.8503937007874 auteur
669.8267716535433 829.1338582677165 88.7244094488189 36.8503937007874 des
707.8110236220473 829.1338582677165 177.73228346456693 36.8503937007874 Demi

118.48818897637796 860.5984251968504 337.8897637795276 32.59842519685039 Vierges.
403.0866141732283 860.5984251968504 89.00787401574803 32.59842519685039 —
438.8031496062992 860.5984251968504 106.86614173228347 32.59842519685039 L.
492.09448818897636 860.5984251968504 106.86614173228347 32.59842519685039 a.
545.6692913385826 860.5984251968504 124.44094488188976 32.59842519685039 s.,
616.8188976377953 860.5984251968504 89.00787401574803 32.59842519685039 2
652.2519685039371 860.5984251968504 106.86614173228347 32.59842519685039 p.
705.5433070866142 860.5984251968504 160.15748031496062 32.59842519685039 in-8.
812.4094488188977 860.5984251968504 89.00787401574803 32.59842519685039 3
830.2677165354331 860.5984251968504 53.29133858267716 32.59842519685039 »

20.69291338582677 910.7716535433071 134.9291338582677 34.58267716535433 43575.
115.08661417322834 910.7716535433071 161.85826771653544 34.58267716535433 PROUDHON
236.40944881889763 910.7716535433071 269.5748031496063 34.58267716535433 (Pierre-Joseph),
465.73228346456693 910.7716535433071 80.78740157480316 34.58267716535433 le
505.98425196850394 910.7716535433071 134.9291338582677 34.58267716535433 fameux
600.3779527559055 910.7716535433071 161.85826771653544 34.58267716535433 écrivain
708.3779527559055 910.7716535433071 175.1811023622047 34.58267716535433 socialiste.

113.38582677165354 938.5511811023622 96.37795275590551 32.59842519685039 —
151.93700787401573 938.5511811023622 115.65354330708661 32.59842519685039 L.
209.76377952755905 938.5511811023622 115.65354330708661 32.59842519685039 a.
267.3070866141732 938.5511811023622 134.64566929133858 32.59842519685039 s.;
344.40944881889766 938.5511811023622 211.748031496063 32.59842519685039 (1850),
498.61417322834643 938.5511811023622 134.64566929133858 32.59842519685039 3/4
575.4330708661417 938.5511811023622 115.65354330708661 32.59842519685039 de
633.2598425196851 938.5511811023622 115.65354330708661 32.59842519685039 p.
691.0866141732283 938.5511811023622 173.1968503937008 32.59842519685039 in-8.
806.4566929133858 938.5511811023622 96.37795275590551 32.59842519685039 8
825.7322834645669 938.5511811023622 57.826771653543304 32.59842519685039 »

115.93700787401575 982.7716535433071 122.74015748031496 29.480314960629922 Curieuse
208.06299212598427 982.7716535433071 102.33070866141732 29.480314960629922 pièce.
279.7795275590551 982.7716535433071 61.511811023622045 29.480314960629922 Il
310.3937007874016 982.7716535433071 112.53543307086615 29.480314960629922 annonce
392.31496062992125 982.7716535433071 112.53543307086615 29.480314960629922 l’envoi
474.23622047244095 982.7716535433071 92.1259842519685 29.480314960629922 d’une
535.7480314960629 982.7716535433071 112.53543307086615 29.480314960629922 réponse
617.6692913385826 982.7716535433071 51.30708661417323 29.480314960629922 à
638.0787401574803 982.7716535433071 61.511811023622045 29.480314960629922 un
668.6929133858267 982.7716535433071 112.53543307086615 29.480314960629922 article
750.6141732283464 982.7716535433071 61.511811023622045 29.480314960629922 de
771.3070866141733 982.7716535433071 112.53543307086615 29.480314960629922 Girardin.

96.94488188976378 1002.6141732283464 94.67716535433071 28.913385826771652 «Nous
159.8740157480315 1002.6141732283464 94.67716535433071 28.913385826771652 avons
223.08661417322836 1002.6141732283464 84.18897637795276 28.913385826771652 déjà
275.5275590551181 1002.6141732283464 94.67716535433071 28.913385826771652 prévu
338.74015748031496 1002.6141732283464 94.67716535433071 28.913385826771652 toute
401.6692913385827 1002.6141732283464 62.92913385826772 28.913385826771652 la
433.4173228346457 1002.6141732283464 94.67716535433071 28.913385826771652 thèse
496.34645669291336 1002.6141732283464 52.44094488188976 28.913385826771652 à
517.3228346456693 1002.6141732283464 157.60629921259843 28.913385826771652 développer,
643.4645669291339 1002.6141732283464 94.67716535433071 28.913385826771652 j’ose
706.6771653543307 1002.6141732283464 84.18897637795276 28.913385826771652 vous
759.1181102362204 1002.6141732283464 84.18897637795276 28.913385826771652 dire
811.5590551181102 1002.6141732283464 73.7007874015748 28.913385826771652 que
843.3070866141733 1002.6141732283464 41.95275590551181 28.913385826771652 le

96.37795275590551 1024.4409448818897 60.09448818897638 25.79527559055118 le
126.4251968503937 1024.4409448818897 80.22047244094489 25.79527559055118 gars
176.31496062992127 1024.4409448818897 70.01574803149606 25.79527559055118 est
216.56692913385828 1024.4409448818897 80.22047244094489 25.79527559055118 plus
266.45669291338584 1024.4409448818897 70.01574803149606 25.79527559055118 que
306.70866141732284 1024.4409448818897 100.06299212598425 25.79527559055118 jamais
376.7244094488189 1024.4409448818897 100.06299212598425 25.79527559055118 enlacé
446.74015748031496 1024.4409448818897 80.22047244094489 25.79527559055118 dans
496.9133858267717 1024.4409448818897 70.01574803149606 25.79527559055118 ses
526.9606299212599 1024.4409448818897 100.06299212598425 25.79527559055118 filets.»

18.141732283464567 1067.244094488189 144.56692913385828 36.56692913385827 43576.
119.33858267716535 1067.244094488189 144.56692913385828 36.56692913385827 RACHEL
220.53543307086613 1067.244094488189 144.56692913385828 36.56692913385827 (Elisa
322.01574803149606 1067.244094488189 144.56692913385828 36.56692913385827 FÉLIX,
423.21259842519686 1067.244094488189 144.56692913385828 36.56692913385827 dite),
524.4094488188977 1067.244094488189 86.74015748031496 36.56692913385827 la
567.7795275590552 1067.244094488189 144.56692913385828 36.56692913385827 grande
668.9763779527559 1067.244094488189 231.59055118110237 36.56692913385827 tragédienne.
842.7401574803149 1067.244094488189 43.37007874015748 36.56692913385827 —

101.48031496062993 1095.023622047244 180.8503937007874 36.56692913385827 L.
191.90551181102362 1095.023622047244 180.8503937007874 36.56692913385827 a.
282.3307086614173 1095.023622047244 211.1811023622047 36.56692913385827 s.,
403.0866141732283 1095.023622047244 150.8031496062992 36.56692913385827 1
463.18110236220474 1095.023622047244 180.8503937007874 36.56692913385827 p.
553.8897637795276 1095.023622047244 301.6062992125984 36.56692913385827 in-32.
764.7874015748032 1095.023622047244 150.8031496062992 36.56692913385827 8
795.1181102362204 1095.023622047244 90.4251968503937 36.56692913385827 »

17.5748031496063 1145.4803149606298 142.58267716535434 38.267716535433074 43577.
117.35433070866142 1145.4803149606298 170.9291338582677 38.267716535433074 RAVIGNAN
245.48031496062993 1145.4803149606298 156.75590551181102 38.267716535433074 (Xavier
359.43307086614175 1145.4803149606298 113.95275590551181 38.267716535433074 de),
430.5826771653543 1145.4803149606298 170.9291338582677 38.267716535433074 jésuite,
558.7086614173228 1145.4803149606298 156.75590551181102 38.267716535433074 célèbre
672.6614173228346 1145.4803149606298 227.90551181102362 38.267716535433074 prédicateur.
843.5905511811023 1145.4803149606298 42.803149606299215 38.267716535433074 —

114.51968503937007 1173.8267716535433 90.70866141732283 36.0 L.
159.8740157480315 1173.8267716535433 90.70866141732283 36.0 a.
205.22834645669292 1173.8267716535433 90.70866141732283 36.0 s.
250.58267716535434 1173.8267716535433 75.68503937007874 36.0 à
280.9133858267717 1173.8267716535433 151.37007874015748 36.0 Madame
386.6456692913386 1173.8267716535433 90.70866141732283 36.0 de
432.0 1173.8267716535433 196.7244094488189 36.0 Parseval,
583.3700787401575 1173.8267716535433 106.01574803149606 36.0 3/4
643.7480314960629 1173.8267716535433 90.70866141732283 36.0 de
689.1023622047244 1173.8267716535433 90.70866141732283 36.0 p.
734.4566929133858 1173.8267716535433 136.06299212598427 36.0 in-8.
825.4488188976378 1173.8267716535433 75.68503937007874 36.0 6
840.4724409448819 1173.8267716535433 45.354330708661415 36.0 »

14.456692913385826 1219.1811023622047 155.6220472440945 44.503937007874015 43578.
123.59055118110236 1219.1811023622047 171.21259842519686 44.503937007874015 REGNAUD
248.03149606299212 1219.1811023622047 93.54330708661418 44.503937007874015 DE
294.8031496062992 1219.1811023622047 217.98425196850394 44.503937007874015 SAINT-JEAN
466.01574803149606 1219.1811023622047 186.8031496062992 44.503937007874015 D’ANGÉLY
590.4566929133858 1219.1811023622047 295.93700787401576 44.503937007874015 (Auguste

115.37007874015748 1253.763779527559 148.8188976377953 42.23622047244095 comte),
223.6535433070866 1253.763779527559 162.4251968503937 42.23622047244095 maréchal
345.54330708661416 1253.763779527559 81.07086614173228 42.23622047244095 de
386.0787401574803 1253.763779527559 135.21259842519686 42.23622047244095 France
480.755905511811 1253.763779527559 94.67716535433071 42.23622047244095 qui
534.8976377952756 1253.763779527559 108.28346456692914 42.23622047244095 prit
602.6456692913385 1253.763779527559 94.67716535433071 42.23622047244095 une
656.7874015748032 1253.763779527559 108.28346456692914 42.23622047244095 part
724.2519685039371 1253.763779527559 176.03149606299212 42.23622047244095 brillante
846.1417322834645 1253.763779527559 40.53543307086614 42.23622047244095 à

115.37007874015748 1280.1259842519685 78.51968503937007 37.41732283464567 la
154.48818897637796 1280.1259842519685 157.03937007874015 37.41732283464567 bataille
272.40944881889766 1280.1259842519685 78.51968503937007 37.41732283464567 de
311.5275590551181 1280.1259842519685 157.03937007874015 37.41732283464567 Magenta.
429.4488188976378 1280.1259842519685 65.48031496062993 37.41732283464567 —
455.5275590551181 1280.1259842519685 78.51968503937007 37.41732283464567 L.
494.6456692913386 1280.1259842519685 78.51968503937007 37.41732283464567 a.
534.0472440944882 1280.1259842519685 78.51968503937007 37.41732283464567 s.
573.1653543307086 1280.1259842519685 65.48031496062993 37.41732283464567 à
599.5275590551181 1280.1259842519685 78.51968503937007 37.41732283464567 un
638.6456692913385 1280.1259842519685 157.03937007874015 37.41732283464567 général;
743.2440944881889 1280.1259842519685 144.0 37.41732283464567 Fontaine-

116.50393700787401 1306.2047244094488 122.45669291338582 38.55118110236221 bleau,
202.11023622047244 1306.2047244094488 61.22834645669291 38.55118110236221 4
226.77165354330708 1306.2047244094488 110.26771653543307 38.55118110236221 avril
300.18897637795277 1306.2047244094488 110.26771653543307 38.55118110236221 1833,
373.8897637795276 1306.2047244094488 61.22834645669291 38.55118110236221 3
398.26771653543307 1306.2047244094488 73.41732283464567 38.55118110236221 p.
435.11811023622045 1306.2047244094488 110.26771653543307 38.55118110236221 in-4.
508.53543307086613 1306.2047244094488 122.45669291338582 38.55118110236221 Peu
594.4251968503937 1306.2047244094488 134.64566929133858 38.55118110236221 commun.
680.0314960629921 1306.2047244094488 208.3464566929134 38.55118110236221 (Collection

92.1259842519685 1332.5669291338584 722.2677165354331 38.267716535433074 Gilbert).
705.8267716535433 1332.5669291338584 216.56692913385828 38.267716535433074 12
778.1102362204724 1332.5669291338584 108.28346456692914 38.267716535433074 »

111.11811023622047 1378.2047244094488 134.9291338582677 33.44881889763779 Curieuse
212.5984251968504 1378.2047244094488 112.53543307086615 33.44881889763779 lettre
291.40157480314963 1378.2047244094488 112.53543307086615 33.44881889763779 écrite
370.20472440944883 1378.2047244094488 101.19685039370079 33.44881889763779 comme
437.6692913385827 1378.2047244094488 134.9291338582677 33.44881889763779 colonel.
538.8661417322835 1378.2047244094488 67.46456692913385 33.44881889763779 Il
572.5984251968504 1378.2047244094488 123.8740157480315 33.44881889763779 demande
662.7401574803149 1378.2047244094488 101.19685039370079 33.44881889763779 comme
730.2047244094488 1378.2047244094488 78.80314960629921 33.44881889763779 une
775.2755905511812 1378.2047244094488 101.19685039370079 33.44881889763779 grâce
831.4015748031496 1378.2047244094488 56.40944881889764 33.44881889763779 que

92.40944881889764 1398.0472440944882 74.26771653543307 36.56692913385827 son
134.64566929133858 1398.0472440944882 127.2755905511811 36.56692913385827 régiment
230.17322834645668 1398.0472440944882 63.496062992125985 36.56692913385827 ne
261.9212598425197 1398.0472440944882 84.75590551181102 36.56692913385827 soit
314.92913385826773 1398.0472440944882 74.26771653543307 36.56692913385827 pas
357.1653543307087 1398.0472440944882 106.01574803149606 36.56692913385827 appelé
431.43307086614175 1398.0472440944882 53.00787401574803 36.56692913385827 à
452.6929133858268 1398.0472440944882 106.01574803149606 36.56692913385827 Paris.
526.9606299212599 1398.0472440944882 74.26771653543307 36.56692913385827 Les
569.1968503937007 1398.0472440944882 137.76377952755905 36.56692913385827 dernières
675.2125984251968 1398.0472440944882 116.50393700787401 36.56692913385827 courses
759.9685039370079 1398.0472440944882 74.26771653543307 36.56692913385827 ont
791.7165354330708 1398.0472440944882 95.5275590551181 36.56692913385827 fatigué

90.70866141732283 1417.8897637795276 79.65354330708661 36.56692913385827 les
136.3464566929134 1417.8897637795276 136.62992125984252 36.56692913385827 chevaux,
238.6771653543307 1417.8897637795276 79.65354330708661 36.56692913385827 usé
284.31496062992125 1417.8897637795276 79.65354330708661 36.56692913385827 les
329.6692913385827 1417.8897637795276 113.95275590551181 36.56692913385827 effets
409.6062992125984 1417.8897637795276 79.65354330708661 36.56692913385827 des
454.96062992125985 1417.8897637795276 113.95275590551181 36.56692913385827 hommes
534.8976377952756 1417.8897637795276 68.31496062992126 36.56692913385827 et
568.9133858267717 1417.8897637795276 68.31496062992126 36.56692913385827 il
603.2125984251968 1417.8897637795276 113.95275590551181 36.56692913385827 compte
682.8661417322835 1417.8897637795276 79.65354330708661 36.56692913385827 que
728.503937007874 1417.8897637795276 113.95275590551181 36.56692913385827 quinze
808.1574803149606 1417.8897637795276 56.976377952755904 36.56692913385827 à
819.496062992126 1417.8897637795276 68.31496062992126 36.56692913385827 dix-

91.55905511811024 1437.732283464567 87.02362204724409 38.55118110236221 huit
145.98425196850394 1437.732283464567 87.02362204724409 38.55118110236221 mois
200.40944881889763 1437.732283464567 108.85039370078741 38.55118110236221 seront
276.37795275590554 1437.732283464567 163.2755905511811 38.55118110236221 nécessaires
407.0551181102362 1437.732283464567 87.02362204724409 38.55118110236221 pour
461.4803149606299 1437.732283464567 130.6771653543307 38.55118110236221 remettre
559.5590551181102 1437.732283464567 76.25196850393701 38.55118110236221 son
603.2125984251968 1437.732283464567 130.6771653543307 38.55118110236221 régiment
701.007874015748 1437.732283464567 76.25196850393701 38.55118110236221 sur
744.6614173228346 1437.732283464567 65.19685039370079 38.55118110236221 un
777.2598425196851 1437.732283464567 76.25196850393701 38.55118110236221 bon
809.8582677165355 1437.732283464567 76.25196850393701 38.55118110236221 pied.
