3279 5396
1424 68 296 78 —
1542 68 355 78 13
1661 68 178 78 —

131 239 512 143 43551.
489 239 717 143 MARIE-ANNE
1053 239 769 143 D’AUTRICHE,
1668 239 564 143 abbesse
2078 239 307 143 du
2232 239 461 143 noble
2539 239 615 143 chapître
2949 239 205 143 de

487 333 497 133 Prague,
848 333 361 133 sœur
1074 333 271 133 de
1209 333 948 133 Marie-Antoinette.
2022 333 226 133 —
2112 333 271 133 L.
2248 333 271 133 a.
2383 333 316 133 s.,
2564 333 271 133 en
2654 333 497 133 français;

450 425 476 129 20
688 425 873 129 juillet
1323 425 714 129 1795,
1799 425 397 129 1
1958 425 476 129 p.
2196 425 794 129 in-12.
2751 425 476 129 10
2910 425 238 129 »

466 586 281 90 Elle
642 586 386 90 déplore
923 586 211 90 la
1028 586 281 90 mort
1204 586 281 90 d'un
1379 586 211 90 de
1485 586 246 90 ses
1590 586 316 90 frères.

114 739 489 126 43552.
457 739 979 126 MARIE-CHRISTINE,
1288 739 832 126 archiduchesse
1974 739 734 126 d'Autriche,
2561 739 587 126 duchesse
2952 739 196 126 de

474 832 783 125 Saxe-Teschen,
1119 832 369 125 sœur
1350 832 277 125 de
1488 832 277 125 la
1626 832 415 125 reine
1903 832 968 125 Marie-Antoinette.
2732 832 230 125 —
2824 832 277 125 L.
2917 832 230 125 a.,

397 922 274 129 en
534 922 595 129 français,
992 922 229 129 à
1083 922 320 129 une
1266 922 640 129 princesse;
1770 922 274 129 27
1907 922 366 129 oct.
2136 922 412 129 1781,
2410 922 229 129 4
2502 922 274 129 p.
2639 922 412 129 in-4.
2913 922 274 129 20
3005 922 137 129 »

457 1081 299 107 TRÈS
643 1081 597 107 INTÉRESSANTE
1129 1081 373 107 LETTRE
1390 1081 224 107 où
1502 1081 299 107 elle
1689 1081 336 107 parle
1913 1081 224 107 de
2025 1081 224 107 la
2137 1081 485 107 naissance
2510 1081 224 107 du
2622 1081 448 107 dauphin,
2921 1081 224 107 fils

385 1146 230 108 de
500 1146 345 108 Louis
729 1146 268 108 XVI
883 1146 230 108 et
998 1146 230 108 de
1113 1146 805 108 Marie-Antoinette.
1802 1146 306 108 Elle
1994 1146 192 108 a
2070 1146 421 108 partagé
2377 1146 230 108 la
2492 1146 306 108 joie
2683 1146 230 108 de
2798 1146 230 108 sa
2875 1146 268 108 sœur,

385 1214 290 110 mais
566 1214 363 110 «cette
820 1214 290 110 joye
1001 1214 181 110 a
1074 1214 254 110 été
1219 1214 399 110 d’abord
1509 1214 435 110 troublée
1836 1214 254 110 par
1981 1214 218 110 la
2090 1214 363 110 pensée
2344 1214 435 110 pourquoi
2670 1214 435 110 n'est-il
2961 1214 181 110 pas

384 1279 257 112 née
531 1279 221 112 il
642 1279 184 112 y
715 1279 184 112 a
789 1279 221 112 un
899 1279 221 112 an
1009 1279 478 112 seulement
1377 1279 294 112 pour
1560 1279 257 112 que
1707 1279 221 112 la
1818 1279 294 112 plus
2002 1279 368 112 tendre
2259 1279 257 112 des
2406 1279 331 112 mères
2626 1279 257 112 ait
2737 1279 404 112 remportée

379 1349 230 109 au
494 1349 422 109 tombeau
801 1349 345 109 cette
1031 1349 576 109 consolation
1492 1349 307 109 dont
1684 1349 230 109 la
1799 1349 499 109 privation
2182 1349 537 109 l'occupoit
2605 1349 307 109 même
2797 1349 307 109 dans
2950 1349 192 109 ces

382 1421 424 78 derniers
664 1421 389 78 jours...»

103 1558 433 150 43553.
406 1558 780 150 MARIE-THÉRÈSE,
1056 1558 650 150 impératrice
1576 1558 694 150 d’Allemagne,
2140 1558 347 150 dite
2357 1558 260 150 la
2443 1558 694 150 <i>Grande</i>.

445 1666 228 130 —
537 1666 274 130 L.
674 1666 274 130 a.
811 1666 320 130 s.,
993 1666 274 130 en
1130 1666 594 130 français,
1587 1666 274 130 au
1724 1666 457 130 prince
2044 1666 548 130 Frédéric
2455 1666 274 130 de
2546 1666 594 130 Deux

404 1764 970 122 juillet
1109 1764 794 122 1760,
1638 1764 441 122 1
1815 1764 529 122 p.
2079 1764 794 122 in-4.
2608 1764 617 122 100
2873 1764 265 122 »

440 1926 328 107 PIÈCE
658 1926 547 107 HISTORIQUE,
1095 1926 219 107 où
1205 1926 292 107 elle
1387 1926 219 107 le
1496 1926 437 107 félicite
1824 1926 219 107 de
1934 1926 510 107 l'heureuse
2334 1926 510 107 délivrance
2735 1926 219 107 de
2808 1926 328 107 Dresde,

369 1996 255 101 qui
514 1996 255 101 lui
660 1996 291 101 fait
842 1996 291 101 tant
1024 1996 510 101 d’honneur.
1425 1996 328 101 «Dieu
1644 1996 401 101 veuille
1935 1996 291 101 vous
2117 1996 437 101 assister
2445 1996 364 101 encore
2700 1996 219 101 de
2809 1996 328 101 plus.
2991 1996 146 101 La

364 2065 342 102 prise
592 2065 228 102 de
706 2065 380 102 Torgau
972 2065 228 102 me
1086 2065 380 102 paraît
1352 2065 532 102 nécessaire
1769 2065 304 102 dans
1959 2065 266 102 ces
2111 2065 684 102 circonstances.
2681 2065 228 102 Il
2757 2065 380 102 faudrait

369 2131 368 104 mettre
627 2131 258 104 une
774 2131 332 104 forte
995 2131 221 104 et
1106 2131 332 104 bonne
1327 2131 442 104 garnison
1658 2131 184 104 à
1732 2131 405 104 Dresde,
2027 2131 221 104 la
2137 2131 405 104 réparer
2432 2131 221 104 et
2543 2131 442 104 renvoyer
2874 2131 221 104 ce
2948 2131 184 104 qui

367 2201 245 102 est
507 2201 385 102 inutile
787 2201 210 102 et
893 2201 245 102 sur
1033 2201 280 102 tout
1208 2201 210 102 le
1313 2201 315 102 train
1523 2201 666 102 d'artiglerie...
2084 2201 210 102 Il
2189 2201 280 102 nous
2364 2201 385 102 importe
2644 2201 491 102 infiniment
2995 2201 140 102 de

359 2269 294 88 nous
543 2269 478 88 maintenir
911 2269 221 88 en
1022 2269 294 88 Saxe
1206 2269 221 88 et
1316 2269 221 88 de
1426 2269 294 88 rien
1574 2269 478 88 risquer...»

73 2407 519 146 43554.
436 2407 882 146 MARIE-THÉRÈSE
1163 2407 778 146 D’AUTRICHE,
1786 2407 467 146 reine
2097 2407 311 146 de
2253 2407 727 146 Sardaigne,
2772 2407 363 146 nièce

433 2521 294 124 de
580 2521 687 124 l’empereur
1119 2521 490 124 Joseph
1463 2521 343 124 II,
1659 2521 441 124 femme
1953 2521 294 124 de
2100 2521 932 124 Victor-Emmanuel
2836 2521 294 124 Ier.

433 2613 218 123 —
521 2613 262 123 L.
651 2613 262 123 a.
782 2613 305 123 s.,
957 2613 262 123 en
1087 2613 567 123 français,
1524 2613 218 123 à
1611 2613 262 123 sa
1742 2613 392 123 sœur;
2003 2613 523 123 Verceil,
2396 2613 262 123 14
2527 2613 480 123 janvier
2832 2613 305 123 1800,

297 2707 884 125 4
651 2707 1061 125 p.
1181 2707 1591 125 in-4.
2242 2707 1061 125 20
2596 2707 530 125 »

412 2862 399 107 Superbe
702 2862 363 107 lettre
956 2862 327 107 toute
1174 2862 436 107 relative
1501 2862 181 107 à
1573 2862 218 107 la
1682 2862 290 107 mort
1864 2862 218 107 de
1972 2862 254 107 son
2118 2862 290 107 fils
2299 2862 399 107 unique,
2590 2862 254 107 qui
2735 2862 181 107 a
2771 2862 363 107 succombé

345 2930 212 107 en
451 2930 459 107 Sardaigne
804 2930 176 107 à
874 2930 212 107 la
980 2930 353 107 petite
1227 2930 388 107 vérole.
1509 2930 635 107 Considérations
2039 2930 247 107 sur
2180 2930 212 107 la
2286 2930 353 107 triste
2533 2930 459 107 situation
2886 2930 212 107 de
2957 2930 176 107 son

304 3003 262 56 mari.

56 3155 496 136 43555.
403 3155 595 136 MASSENET
849 3155 595 136 (Jules),
1295 3155 297 136 le
1444 3155 545 136 célèbre
1841 3155 743 136 compositeur
2435 3155 297 136 de
2584 3155 595 136 musique.
2980 3155 149 136 —

354 3256 665 131 L.
687 3256 665 131 a.
1019 3256 776 131 s.,
1462 3256 554 131 3
1684 3256 665 131 p.
2017 3256 998 131 in-8.
2682 3256 554 131 4
2793 3256 333 131 »

52 3429 473 139 43556.
383 3429 520 139 MAYENNE
761 3429 567 139 (Charles
1186 3429 284 139 de
1328 3429 614 139 Lorraine,
1800 3429 331 139 duc
1989 3429 378 139 de),
2225 3429 520 139 célèbre
2556 3429 567 139 capitaine,

410 3529 276 133 le
548 3529 368 133 chef
778 3529 276 133 de
916 3529 276 133 la
1054 3529 460 133 ligue.
1377 3529 230 133 —
1469 3529 276 133 L.
1607 3529 322 133 s.,
1791 3529 368 133 avec
2021 3529 276 133 la
2159 3529 737 133 souscription
2758 3529 414 133 aut.,
2988 3529 138 133 à

401 3621 314 138 M.
558 3621 314 138 de
715 3621 628 138 Lanssac;
1185 3621 314 138 au
1342 3621 419 138 camp
1604 3621 314 138 de
1761 3621 575 138 Naigre,
2179 3621 262 138 3
2284 3621 680 138 septembre
2755 3621 366 138 1577,

329 3715 888 138 1/2
837 3715 761 138 p,
1217 3715 1649 138 in-folio.
2486 3715 761 138 12
2739 3715 381 138 »

383 3884 253 119 Il
509 3884 296 119 lui
678 3884 464 119 demande
1016 3884 253 119 sa
1143 3884 718 119 bienveillance
1734 3884 338 119 pour
1945 3884 253 119 un
2072 3884 507 119 marchand
2452 3884 253 119 de
2578 3884 422 119 Cognac
2874 3884 296 119 qui
3000 3884 127 119 a

318 3959 335 85 perdu
541 3959 223 85 sa
616 3959 372 85 gabarre.

31 4089 483 172 43557.
369 4089 532 172 MÉRIMÉE
756 4089 677 172 (Prosper),
1288 4089 290 172 le
1433 4089 532 172 célèbre
1820 4089 629 172 écrivain,
2303 4089 483 172 membre
2642 4089 290 172 de
2738 4089 387 172 l’Aca-

391 4211 409 139 démie
663 4211 636 139 française.
1162 4211 227 139 —
1253 4211 272 139 L.
1389 4211 272 139 a.
1526 4211 318 139 s.;
1707 4211 227 139 2
1798 4211 590 139 septembre
2252 4211 409 139 1843,
2525 4211 227 139 1
2615 4211 272 139 p.
2706 4211 318 139 in

2838 4302 348 120 8
2908 4302 209 120 »

369 4464 330 120 Belle
590 4464 367 120 lettre
846 4464 440 120 relative
1177 4464 184 120 à
1250 4464 220 120 sa
1360 4464 551 120 candidature
1801 4464 184 120 à
1874 4464 514 120 l’Académie
2278 4464 514 120 française.
2682 4464 257 120 «De
2792 4464 330 120 quelque

297 4534 335 125 façon
520 4534 260 125 que
669 4534 297 125 cela
854 4534 409 125 tourne,
1152 4534 409 125 j’aurai
1449 4534 223 125 du
1561 4534 335 125 moins
1784 4534 223 125 la
1895 4534 595 125 satisfaction
2379 4534 409 125 d’avoir
2676 4534 260 125 été
2787 4534 335 125 soutenu

297 4606 257 111 par
444 4606 257 111 les
591 4606 478 111 personnes
959 4606 257 111 que
1106 4606 441 111 j’estime
1437 4606 221 111 et
1548 4606 257 111 que
1695 4606 368 111 j’aime
1952 4606 221 111 le
2026 4606 294 111 plus.»

11 4757 502 164 43558.
362 4757 652 164 MEYERBEER
864 4757 702 164 (Jacques),
1415 4757 702 164 l’illustre
1967 4757 752 164 compositeur
2569 4757 301 164 de
2670 4757 451 164 musique

367 4870 715 147 allemand.
917 4870 275 147 —
1027 4870 330 147 L.
1192 4870 330 147 a.
1357 4870 385 147 s.,
1577 4870 330 147 en
1742 4870 715 147 français,
2291 4870 275 147 1
2401 4870 330 147 p.
2566 4870 495 147 in-8.
2896 4870 275 147 3
2951 4870 165 147 »

2 5019 511 188 43559.
360 5019 613 188 MÉZIÈRES
819 5019 1379 188 (Alfred-Jean-François),
2045 5019 766 188 littérateur
2658 5019 307 188 et
2760 5019 358 188 homme
