929.4803149606299 1529.5748031496064
403.65354330708664 19.275590551181104 83.90551181102362 22.11023622047244 —
437.1023622047244 19.275590551181104 100.62992125984252 22.11023622047244 13
470.8346456692913 19.275590551181104 50.45669291338583 22.11023622047244 —

37.13385826771653 67.74803149606299 145.13385826771653 40.53543307086614 43551.
138.61417322834646 67.74803149606299 203.24409448818898 40.53543307086614 MARIE-ANNE
298.48818897637796 67.74803149606299 217.98425196850394 40.53543307086614 D’AUTRICHE,
472.81889763779526 67.74803149606299 159.8740157480315 40.53543307086614 abbesse
589.0393700787401 67.74803149606299 87.02362204724409 40.53543307086614 du
632.6929133858267 67.74803149606299 130.6771653543307 40.53543307086614 noble
719.7165354330708 67.74803149606299 174.33070866141733 40.53543307086614 chapître
835.9370078740158 67.74803149606299 58.110236220472444 40.53543307086614 de

138.04724409448818 94.39370078740157 140.88188976377953 37.7007874015748 Prague,
240.3779527559055 94.39370078740157 102.33070866141732 37.7007874015748 sœur
304.4409448818898 94.39370078740157 76.81889763779527 37.7007874015748 de
342.70866141732284 94.39370078740157 268.7244094488189 37.7007874015748 Marie-Antoinette.
573.1653543307086 94.39370078740157 64.06299212598425 37.7007874015748 —
598.6771653543307 94.39370078740157 76.81889763779527 37.7007874015748 L.
637.2283464566929 94.39370078740157 76.81889763779527 37.7007874015748 a.
675.496062992126 94.39370078740157 89.5748031496063 37.7007874015748 s.,
726.8031496062993 94.39370078740157 76.81889763779527 37.7007874015748 en
752.3149606299213 94.39370078740157 140.88188976377953 37.7007874015748 français;

127.55905511811024 120.4724409448819 134.9291338582677 36.56692913385827 20
195.0236220472441 120.4724409448819 247.46456692913387 36.56692913385827 juillet
375.0236220472441 120.4724409448819 202.39370078740157 36.56692913385827 1795,
509.9527559055118 120.4724409448819 112.53543307086615 36.56692913385827 1
555.0236220472441 120.4724409448819 134.9291338582677 36.56692913385827 p.
622.488188976378 120.4724409448819 225.0708661417323 36.56692913385827 in-12.
779.8110236220473 120.4724409448819 134.9291338582677 36.56692913385827 10
824.8818897637796 120.4724409448819 67.46456692913385 36.56692913385827 »

132.09448818897638 166.11023622047244 79.65354330708661 25.511811023622048 Elle
181.98425196850394 166.11023622047244 109.41732283464567 25.511811023622048 déplore
261.6377952755906 166.11023622047244 59.811023622047244 25.511811023622048 la
291.40157480314963 166.11023622047244 79.65354330708661 25.511811023622048 mort
341.29133858267716 166.11023622047244 79.65354330708661 25.511811023622048 d'un
390.8976377952756 166.11023622047244 59.811023622047244 25.511811023622048 de
420.9448818897638 166.11023622047244 69.73228346456693 25.511811023622048 ses
450.70866141732284 166.11023622047244 89.5748031496063 25.511811023622048 frères.

32.31496062992126 209.48031496062993 138.61417322834646 35.71653543307087 43552.
129.54330708661416 209.48031496062993 277.51181102362204 35.71653543307087 MARIE-CHRISTINE,
365.1023622047244 209.48031496062993 235.84251968503938 35.71653543307087 archiduchesse
559.5590551181102 209.48031496062993 208.06299212598427 35.71653543307087 d'Autriche,
725.9527559055118 209.48031496062993 166.39370078740157 35.71653543307087 duchesse
836.7874015748032 209.48031496062993 55.55905511811024 35.71653543307087 de

134.36220472440945 235.84251968503938 221.95275590551182 35.43307086614173 Saxe-Teschen,
317.1968503937008 235.84251968503938 104.5984251968504 35.43307086614173 sœur
382.6771653543307 235.84251968503938 78.51968503937007 35.43307086614173 de
421.79527559055117 235.84251968503938 78.51968503937007 35.43307086614173 la
460.9133858267717 235.84251968503938 117.63779527559055 35.43307086614173 reine
539.4330708661417 235.84251968503938 274.3937007874016 35.43307086614173 Marie-Antoinette.
774.4251968503937 235.84251968503938 65.19685039370079 35.43307086614173 —
800.503937007874 235.84251968503938 78.51968503937007 35.43307086614173 L.
826.8661417322835 235.84251968503938 65.19685039370079 35.43307086614173 a.,

112.53543307086615 261.3543307086614 77.66929133858268 36.56692913385827 en
151.37007874015748 261.3543307086614 168.66141732283464 36.56692913385827 français,
281.1968503937008 261.3543307086614 64.91338582677166 36.56692913385827 à
306.99212598425197 261.3543307086614 90.70866141732283 36.56692913385827 une
358.86614173228344 261.3543307086614 181.41732283464566 36.56692913385827 princesse;
501.73228346456693 261.3543307086614 77.66929133858268 36.56692913385827 27
540.5669291338583 261.3543307086614 103.74803149606299 36.56692913385827 oct.
605.4803149606299 261.3543307086614 116.78740157480316 36.56692913385827 1781,
683.1496062992126 261.3543307086614 64.91338582677166 36.56692913385827 4
709.2283464566929 261.3543307086614 77.66929133858268 36.56692913385827 p.
748.0629921259842 261.3543307086614 116.78740157480316 36.56692913385827 in-4.
825.7322834645669 261.3543307086614 77.66929133858268 36.56692913385827 20
851.8110236220473 261.3543307086614 38.83464566929134 36.56692913385827 »

129.54330708661416 306.4251968503937 84.75590551181102 30.330708661417322 TRÈS
182.26771653543307 306.4251968503937 169.22834645669292 30.330708661417322 INTÉRESSANTE
320.0314960629921 306.4251968503937 105.73228346456693 30.330708661417322 LETTRE
394.01574803149606 306.4251968503937 63.496062992125985 30.330708661417322 où
425.76377952755905 306.4251968503937 84.75590551181102 30.330708661417322 elle
478.7716535433071 306.4251968503937 95.24409448818898 30.330708661417322 parle
542.2677165354331 306.4251968503937 63.496062992125985 30.330708661417322 de
574.0157480314961 306.4251968503937 63.496062992125985 30.330708661417322 la
605.7637795275591 306.4251968503937 137.48031496062993 30.330708661417322 naissance
711.496062992126 306.4251968503937 63.496062992125985 30.330708661417322 du
743.2440944881889 306.4251968503937 126.99212598425197 30.330708661417322 dauphin,
828.0 306.4251968503937 63.496062992125985 30.330708661417322 fils

109.13385826771653 324.8503937007874 65.19685039370079 30.614173228346456 de
141.73228346456693 324.8503937007874 97.79527559055119 30.614173228346456 Louis
206.64566929133858 324.8503937007874 75.96850393700787 30.614173228346456 XVI
250.29921259842519 324.8503937007874 65.19685039370079 30.614173228346456 et
282.8976377952756 324.8503937007874 65.19685039370079 30.614173228346456 de
315.496062992126 324.8503937007874 228.18897637795277 30.614173228346456 Marie-Antoinette.
510.8031496062992 324.8503937007874 86.74015748031496 30.614173228346456 Elle
565.2283464566929 324.8503937007874 54.425196850393704 30.614173228346456 a
586.7716535433071 324.8503937007874 119.33858267716535 30.614173228346456 partagé
673.7952755905512 324.8503937007874 65.19685039370079 30.614173228346456 la
706.3937007874016 324.8503937007874 86.74015748031496 30.614173228346456 joie
760.5354330708661 324.8503937007874 65.19685039370079 30.614173228346456 de
793.1338582677165 324.8503937007874 65.19685039370079 30.614173228346456 sa
814.9606299212599 324.8503937007874 75.96850393700787 30.614173228346456 sœur,

109.13385826771653 344.12598425196853 82.20472440944881 31.181102362204726 mais
160.44094488188978 344.12598425196853 102.89763779527559 31.181102362204726 «cette
232.44094488188978 344.12598425196853 82.20472440944881 31.181102362204726 joye
283.748031496063 344.12598425196853 51.30708661417323 31.181102362204726 a
304.4409448818898 344.12598425196853 72.0 31.181102362204726 été
345.54330708661416 344.12598425196853 113.10236220472441 31.181102362204726 d’abord
427.748031496063 344.12598425196853 123.30708661417323 31.181102362204726 troublée
520.4409448818898 344.12598425196853 72.0 31.181102362204726 par
561.5433070866142 344.12598425196853 61.79527559055118 31.181102362204726 la
592.4409448818898 344.12598425196853 102.89763779527559 31.181102362204726 pensée
664.4409448818898 344.12598425196853 123.30708661417323 31.181102362204726 pourquoi
756.8503937007874 344.12598425196853 123.30708661417323 31.181102362204726 n'est-il
839.3385826771654 344.12598425196853 51.30708661417323 31.181102362204726 pas

108.85039370078741 362.5511811023622 72.85039370078741 31.748031496062993 née
150.51968503937007 362.5511811023622 62.645669291338585 31.748031496062993 il
181.98425196850394 362.5511811023622 52.15748031496063 31.748031496062993 y
202.6771653543307 362.5511811023622 52.15748031496063 31.748031496062993 a
223.6535433070866 362.5511811023622 62.645669291338585 31.748031496062993 un
254.83464566929135 362.5511811023622 62.645669291338585 31.748031496062993 an
286.01574803149606 362.5511811023622 135.49606299212599 31.748031496062993 seulement
390.3307086614173 362.5511811023622 83.33858267716535 31.748031496062993 pour
442.20472440944883 362.5511811023622 72.85039370078741 31.748031496062993 que
483.87401574803147 362.5511811023622 62.645669291338585 31.748031496062993 la
515.3385826771654 362.5511811023622 83.33858267716535 31.748031496062993 plus
567.496062992126 362.5511811023622 104.31496062992126 31.748031496062993 tendre
640.3464566929134 362.5511811023622 72.85039370078741 31.748031496062993 des
682.0157480314961 362.5511811023622 93.8267716535433 31.748031496062993 mères
744.3779527559055 362.5511811023622 72.85039370078741 31.748031496062993 ait
775.8425196850394 362.5511811023622 114.51968503937007 31.748031496062993 remportée

107.43307086614173 382.3937007874016 65.19685039370079 30.89763779527559 au
140.03149606299212 382.3937007874016 119.62204724409449 30.89763779527559 tombeau
227.0551181102362 382.3937007874016 97.79527559055119 30.89763779527559 cette
292.251968503937 382.3937007874016 163.2755905511811 30.89763779527559 consolation
422.92913385826773 382.3937007874016 87.02362204724409 30.89763779527559 dont
477.3543307086614 382.3937007874016 65.19685039370079 30.89763779527559 la
509.9527559055118 382.3937007874016 141.4488188976378 30.89763779527559 privation
618.5196850393701 382.3937007874016 152.2204724409449 30.89763779527559 l'occupoit
738.4251968503937 382.3937007874016 87.02362204724409 30.89763779527559 même
792.8503937007874 382.3937007874016 87.02362204724409 30.89763779527559 dans
836.2204724409448 382.3937007874016 54.425196850393704 30.89763779527559 ces

108.28346456692914 402.8031496062992 120.18897637795276 22.11023622047244 derniers
188.2204724409449 402.8031496062992 110.26771653543307 22.11023622047244 jours...»

29.19685039370079 441.6377952755906 122.74015748031496 42.51968503937008 43553.
115.08661417322834 441.6377952755906 221.10236220472441 42.51968503937008 MARIE-THÉRÈSE,
299.33858267716533 441.6377952755906 184.251968503937 42.51968503937008 impératrice
446.74015748031496 441.6377952755906 196.7244094488189 42.51968503937008 d’Allemagne,
606.6141732283464 441.6377952755906 98.36220472440945 42.51968503937008 dite
668.1259842519685 441.6377952755906 73.7007874015748 42.51968503937008 la
692.503937007874 441.6377952755906 196.7244094488189 42.51968503937008 Grande.

126.14173228346456 472.251968503937 64.62992125984252 36.8503937007874 —
152.2204724409449 472.251968503937 77.66929133858268 36.8503937007874 L.
191.0551181102362 472.251968503937 77.66929133858268 36.8503937007874 a.
229.88976377952756 472.251968503937 90.70866141732283 36.8503937007874 s.,
281.4803149606299 472.251968503937 77.66929133858268 36.8503937007874 en
320.31496062992125 472.251968503937 168.3779527559055 36.8503937007874 français,
449.8582677165354 472.251968503937 77.66929133858268 36.8503937007874 au
488.6929133858268 472.251968503937 129.54330708661416 36.8503937007874 prince
579.4015748031496 472.251968503937 155.33858267716536 36.8503937007874 Frédéric
695.9055118110236 472.251968503937 77.66929133858268 36.8503937007874 de
721.7007874015748 472.251968503937 168.3779527559055 36.8503937007874 Deux

114.51968503937007 500.0314960629921 274.96062992125985 34.58267716535433 juillet
314.3622047244094 500.0314960629921 225.0708661417323 34.58267716535433 1760,
464.31496062992125 500.0314960629921 125.00787401574803 34.58267716535433 1
514.488188976378 500.0314960629921 149.95275590551182 34.58267716535433 p.
589.3228346456693 500.0314960629921 225.0708661417323 34.58267716535433 in-4.
739.2755905511812 500.0314960629921 174.89763779527559 34.58267716535433 100
814.3937007874016 500.0314960629921 75.11811023622047 34.58267716535433 »

124.7244094488189 545.9527559055118 92.97637795275591 30.330708661417322 PIÈCE
186.51968503937007 545.9527559055118 155.0551181102362 30.330708661417322 HISTORIQUE,
310.3937007874016 545.9527559055118 62.07874015748032 30.330708661417322 où
341.5748031496063 545.9527559055118 82.77165354330708 30.330708661417322 elle
393.1653543307087 545.9527559055118 62.07874015748032 30.330708661417322 le
424.06299212598424 545.9527559055118 123.8740157480315 30.330708661417322 félicite
517.0393700787401 545.9527559055118 62.07874015748032 30.330708661417322 de
548.2204724409448 545.9527559055118 144.56692913385828 30.330708661417322 l'heureuse
661.6062992125984 545.9527559055118 144.56692913385828 30.330708661417322 délivrance
775.2755905511812 545.9527559055118 62.07874015748032 30.330708661417322 de
795.9685039370079 545.9527559055118 92.97637795275591 30.330708661417322 Dresde,

104.5984251968504 565.7952755905512 72.28346456692914 28.62992125984252 qui
145.70078740157481 565.7952755905512 72.28346456692914 28.62992125984252 lui
187.08661417322836 565.7952755905512 82.48818897637796 28.62992125984252 fait
238.6771653543307 565.7952755905512 82.48818897637796 28.62992125984252 tant
290.26771653543307 565.7952755905512 144.56692913385828 28.62992125984252 d’honneur.
403.93700787401576 565.7952755905512 92.97637795275591 28.62992125984252 «Dieu
466.01574803149606 565.7952755905512 113.66929133858268 28.62992125984252 veuille
548.503937007874 565.7952755905512 82.48818897637796 28.62992125984252 vous
600.0944881889764 565.7952755905512 123.8740157480315 28.62992125984252 assister
693.0708661417323 565.7952755905512 103.18110236220473 28.62992125984252 encore
765.3543307086615 565.7952755905512 62.07874015748032 28.62992125984252 de
796.2519685039371 565.7952755905512 92.97637795275591 28.62992125984252 plus.
847.8425196850394 565.7952755905512 41.38582677165354 28.62992125984252 La

103.18110236220473 585.3543307086615 96.94488188976378 28.913385826771652 prise
167.81102362204723 585.3543307086615 64.62992125984252 28.913385826771652 de
200.1259842519685 585.3543307086615 107.71653543307086 28.913385826771652 Torgau
275.5275590551181 585.3543307086615 64.62992125984252 28.913385826771652 me
307.84251968503935 585.3543307086615 107.71653543307086 28.913385826771652 paraît
383.244094488189 585.3543307086615 150.8031496062992 28.913385826771652 nécessaire
501.4488188976378 585.3543307086615 86.1732283464567 28.913385826771652 dans
555.3070866141733 585.3543307086615 75.4015748031496 28.913385826771652 ces
598.3937007874016 585.3543307086615 193.88976377952756 28.913385826771652 circonstances.
759.9685039370079 585.3543307086615 64.62992125984252 28.913385826771652 Il
781.511811023622 585.3543307086615 107.71653543307086 28.913385826771652 faudrait

104.5984251968504 604.0629921259842 104.31496062992126 29.480314960629922 mettre
177.73228346456693 604.0629921259842 73.13385826771653 29.480314960629922 une
219.4015748031496 604.0629921259842 94.11023622047244 29.480314960629922 forte
282.0472440944882 604.0629921259842 62.645669291338585 29.480314960629922 et
313.51181102362204 604.0629921259842 94.11023622047244 29.480314960629922 bonne
376.15748031496065 604.0629921259842 125.29133858267717 29.480314960629922 garnison
469.98425196850394 604.0629921259842 52.15748031496063 29.480314960629922 à
490.96062992125985 604.0629921259842 114.80314960629921 29.480314960629922 Dresde,
574.5826771653543 604.0629921259842 62.645669291338585 29.480314960629922 la
605.7637795275591 604.0629921259842 114.80314960629921 29.480314960629922 réparer
689.3858267716536 604.0629921259842 62.645669291338585 29.480314960629922 et
720.8503937007874 604.0629921259842 125.29133858267717 29.480314960629922 renvoyer
814.6771653543307 604.0629921259842 62.645669291338585 29.480314960629922 ce
835.6535433070866 604.0629921259842 52.15748031496063 29.480314960629922 qui

104.03149606299213 623.9055118110236 69.44881889763779 28.913385826771652 est
143.71653543307087 623.9055118110236 109.13385826771653 28.913385826771652 inutile
223.08661417322836 623.9055118110236 59.52755905511811 28.913385826771652 et
253.13385826771653 623.9055118110236 69.44881889763779 28.913385826771652 sur
292.81889763779526 623.9055118110236 79.37007874015748 28.913385826771652 tout
342.4251968503937 623.9055118110236 59.52755905511811 28.913385826771652 le
372.18897637795277 623.9055118110236 89.29133858267717 28.913385826771652 train
431.7165354330709 623.9055118110236 188.78740157480314 28.913385826771652 d'artiglerie...
590.7401574803149 623.9055118110236 59.52755905511811 28.913385826771652 Il
620.503937007874 623.9055118110236 79.37007874015748 28.913385826771652 nous
670.1102362204724 623.9055118110236 109.13385826771653 28.913385826771652 importe
749.4803149606299 623.9055118110236 139.1811023622047 28.913385826771652 infiniment
848.9763779527559 623.9055118110236 39.68503937007874 28.913385826771652 de

101.76377952755905 643.1811023622047 83.33858267716535 24.944881889763778 nous
153.92125984251967 643.1811023622047 135.49606299212599 24.944881889763778 maintenir
258.23622047244095 643.1811023622047 62.645669291338585 24.944881889763778 en
289.7007874015748 643.1811023622047 83.33858267716535 24.944881889763778 Saxe
341.8582677165354 643.1811023622047 62.645669291338585 24.944881889763778 et
373.03937007874015 643.1811023622047 62.645669291338585 24.944881889763778 de
404.2204724409449 643.1811023622047 83.33858267716535 24.944881889763778 rien
446.1732283464567 643.1811023622047 135.49606299212599 24.944881889763778 risquer...»

20.69291338582677 682.2992125984252 147.11811023622047 41.38582677165354 43554.
123.59055118110236 682.2992125984252 250.01574803149606 41.38582677165354 MARIE-THÉRÈSE
329.6692913385827 682.2992125984252 220.53543307086613 41.38582677165354 D’AUTRICHE,
506.26771653543307 682.2992125984252 132.3779527559055 41.38582677165354 reine
594.4251968503937 682.2992125984252 88.15748031496064 41.38582677165354 de
638.6456692913385 682.2992125984252 206.07874015748033 41.38582677165354 Sardaigne,
785.7637795275591 682.2992125984252 102.89763779527559 41.38582677165354 nièce

122.74015748031496 714.6141732283464 83.33858267716535 35.1496062992126 de
164.40944881889763 714.6141732283464 194.74015748031496 35.1496062992126 l’empereur
317.1968503937008 714.6141732283464 138.89763779527559 35.1496062992126 Joseph
414.70866141732284 714.6141732283464 97.22834645669292 35.1496062992126 II,
470.26771653543307 714.6141732283464 125.00787401574803 35.1496062992126 femme
553.6062992125984 714.6141732283464 83.33858267716535 35.1496062992126 de
595.2755905511812 714.6141732283464 264.18897637795277 35.1496062992126 Victor-Emmanuel
803.9055118110236 714.6141732283464 83.33858267716535 35.1496062992126 Ier.

122.74015748031496 740.6929133858267 61.79527559055118 34.86614173228347 —
147.68503937007873 740.6929133858267 74.26771653543307 34.86614173228347 L.
184.53543307086613 740.6929133858267 74.26771653543307 34.86614173228347 a.
221.66929133858267 740.6929133858267 86.45669291338582 34.86614173228347 s.,
271.2755905511811 740.6929133858267 74.26771653543307 34.86614173228347 en
308.12598425196853 740.6929133858267 160.7244094488189 34.86614173228347 français,
432.0 740.6929133858267 61.79527559055118 34.86614173228347 à
456.66141732283467 740.6929133858267 74.26771653543307 34.86614173228347 sa
493.79527559055117 740.6929133858267 111.11811023622047 34.86614173228347 sœur;
567.7795275590552 740.6929133858267 148.251968503937 34.86614173228347 Verceil,
679.1811023622047 740.6929133858267 74.26771653543307 34.86614173228347 14
716.3149606299213 740.6929133858267 136.06299212598427 34.86614173228347 janvier
802.7716535433071 740.6929133858267 86.45669291338582 34.86614173228347 1800,

84.18897637795276 767.3385826771654 250.58267716535434 35.43307086614173 4
184.53543307086613 767.3385826771654 300.755905511811 35.43307086614173 p.
334.7716535433071 767.3385826771654 450.99212598425197 35.43307086614173 in-4.
635.5275590551181 767.3385826771654 300.755905511811 35.43307086614173 20
735.8740157480315 767.3385826771654 150.23622047244095 35.43307086614173 »

116.78740157480316 811.2755905511812 113.10236220472441 30.330708661417322 Superbe
198.99212598425197 811.2755905511812 102.89763779527559 30.330708661417322 lettre
270.99212598425197 811.2755905511812 92.69291338582677 30.330708661417322 toute
332.78740157480314 811.2755905511812 123.59055118110236 30.330708661417322 relative
425.4803149606299 811.2755905511812 51.30708661417323 30.330708661417322 à
445.8897637795276 811.2755905511812 61.79527559055118 30.330708661417322 la
476.78740157480314 811.2755905511812 82.20472440944881 30.330708661417322 mort
528.3779527559055 811.2755905511812 61.79527559055118 30.330708661417322 de
558.992125984252 811.2755905511812 72.0 30.330708661417322 son
600.3779527559055 811.2755905511812 82.20472440944881 30.330708661417322 fils
651.6850393700787 811.2755905511812 113.10236220472441 30.330708661417322 unique,
734.1732283464567 811.2755905511812 72.0 30.330708661417322 qui
775.2755905511812 811.2755905511812 51.30708661417323 30.330708661417322 a
785.4803149606299 811.2755905511812 102.89763779527559 30.330708661417322 succombé

97.79527559055119 830.5511811023622 60.09448818897638 30.330708661417322 en
127.84251968503936 830.5511811023622 130.11023622047244 30.330708661417322 Sardaigne
227.90551181102362 830.5511811023622 49.889763779527556 30.330708661417322 à
247.748031496063 830.5511811023622 60.09448818897638 30.330708661417322 la
277.79527559055117 830.5511811023622 100.06299212598425 30.330708661417322 petite
347.81102362204723 830.5511811023622 109.98425196850394 30.330708661417322 vérole.
427.748031496063 830.5511811023622 180.0 30.330708661417322 Considérations
577.9842519685039 830.5511811023622 70.01574803149606 30.330708661417322 sur
617.9527559055118 830.5511811023622 60.09448818897638 30.330708661417322 la
648.0 830.5511811023622 100.06299212598425 30.330708661417322 triste
718.0157480314961 830.5511811023622 130.11023622047244 30.330708661417322 situation
818.0787401574803 830.5511811023622 60.09448818897638 30.330708661417322 de
838.2047244094488 830.5511811023622 49.889763779527556 30.330708661417322 son

86.1732283464567 851.2440944881889 74.26771653543307 15.874015748031496 mari.

15.874015748031496 894.3307086614174 140.5984251968504 38.55118110236221 43555.
114.23622047244095 894.3307086614174 168.66141732283464 38.55118110236221 MASSENET
240.66141732283464 894.3307086614174 168.66141732283464 38.55118110236221 (Jules),
367.0866141732283 894.3307086614174 84.18897637795276 38.55118110236221 le
409.3228346456693 894.3307086614174 154.48818897637796 38.55118110236221 célèbre
521.8582677165355 894.3307086614174 210.61417322834646 38.55118110236221 compositeur
690.2362204724409 894.3307086614174 84.18897637795276 38.55118110236221 de
732.4724409448819 894.3307086614174 168.66141732283464 38.55118110236221 musique.
844.7244094488188 894.3307086614174 42.23622047244095 38.55118110236221 —

100.34645669291339 922.9606299212599 188.50393700787401 37.13385826771653 L.
194.74015748031496 922.9606299212599 188.50393700787401 37.13385826771653 a.
288.8503937007874 922.9606299212599 219.96850393700788 37.13385826771653 s.,
414.4251968503937 922.9606299212599 157.03937007874015 37.13385826771653 3
477.3543307086614 922.9606299212599 188.50393700787401 37.13385826771653 p.
571.7480314960629 922.9606299212599 282.8976377952756 37.13385826771653 in-8.
760.2519685039371 922.9606299212599 157.03937007874015 37.13385826771653 4
791.7165354330708 922.9606299212599 94.39370078740157 37.13385826771653 »

14.740157480314961 972.0 134.07874015748033 39.40157480314961 43556.
108.56692913385827 972.0 147.4015748031496 39.40157480314961 MAYENNE
215.71653543307087 972.0 160.7244094488189 39.40157480314961 (Charles
336.18897637795277 972.0 80.50393700787401 39.40157480314961 de
376.4409448818898 972.0 174.04724409448818 39.40157480314961 Lorraine,
510.23622047244095 972.0 93.8267716535433 39.40157480314961 duc
563.8110236220473 972.0 107.14960629921259 39.40157480314961 de),
630.7086614173228 972.0 147.4015748031496 39.40157480314961 célèbre
724.5354330708661 972.0 160.7244094488189 39.40157480314961 capitaine,

116.22047244094489 1000.3464566929134 78.23622047244095 37.7007874015748 le
155.33858267716536 1000.3464566929134 104.31496062992126 37.7007874015748 chef
220.53543307086613 1000.3464566929134 78.23622047244095 37.7007874015748 de
259.65354330708664 1000.3464566929134 78.23622047244095 37.7007874015748 la
298.7716535433071 1000.3464566929134 130.39370078740157 37.7007874015748 ligue.
390.3307086614173 1000.3464566929134 65.19685039370079 37.7007874015748 —
416.40944881889766 1000.3464566929134 78.23622047244095 37.7007874015748 L.
455.5275590551181 1000.3464566929134 91.2755905511811 37.7007874015748 s.,
507.68503937007875 1000.3464566929134 104.31496062992126 37.7007874015748 avec
572.8818897637796 1000.3464566929134 78.23622047244095 37.7007874015748 la
612.0 1000.3464566929134 208.91338582677164 37.7007874015748 souscription
781.7952755905512 1000.3464566929134 117.35433070866142 37.7007874015748 aut.,
846.992125984252 1000.3464566929134 39.118110236220474 37.7007874015748 à

113.66929133858268 1026.4251968503936 89.00787401574803 39.118110236220474 M.
158.17322834645668 1026.4251968503936 89.00787401574803 39.118110236220474 de
202.6771653543307 1026.4251968503936 178.01574803149606 39.118110236220474 Lanssac;
335.90551181102364 1026.4251968503936 89.00787401574803 39.118110236220474 au
380.40944881889766 1026.4251968503936 118.77165354330708 39.118110236220474 camp
454.6771653543307 1026.4251968503936 89.00787401574803 39.118110236220474 de
499.18110236220474 1026.4251968503936 162.99212598425197 39.118110236220474 Naigre,
617.6692913385826 1026.4251968503936 74.26771653543307 39.118110236220474 3
647.4330708661417 1026.4251968503936 192.75590551181102 39.118110236220474 septembre
780.9448818897638 1026.4251968503936 103.74803149606299 39.118110236220474 1577,

93.25984251968504 1053.0708661417323 251.71653543307087 39.118110236220474 1/2
237.25984251968504 1053.0708661417323 215.71653543307087 39.118110236220474 p,
344.9763779527559 1053.0708661417323 467.43307086614175 39.118110236220474 in-folio.
704.6929133858267 1053.0708661417323 215.71653543307087 39.118110236220474 12
776.4094488188977 1053.0708661417323 108.0 39.118110236220474 »

108.56692913385827 1100.976377952756 71.71653543307086 33.732283464566926 Il
144.28346456692913 1100.976377952756 83.90551181102362 33.732283464566926 lui
192.18897637795277 1100.976377952756 131.5275590551181 33.732283464566926 demande
288.0 1100.976377952756 71.71653543307086 33.732283464566926 sa
324.0 1100.976377952756 203.5275590551181 33.732283464566926 bienveillance
491.5275590551181 1100.976377952756 95.81102362204724 33.732283464566926 pour
551.3385826771654 1100.976377952756 71.71653543307086 33.732283464566926 un
587.3385826771654 1100.976377952756 143.71653543307087 33.732283464566926 marchand
695.0551181102362 1100.976377952756 71.71653543307086 33.732283464566926 de
730.7716535433071 1100.976377952756 119.62204724409449 33.732283464566926 Cognac
814.6771653543307 1100.976377952756 83.90551181102362 33.732283464566926 qui
850.3937007874016 1100.976377952756 36.0 33.732283464566926 a

90.14173228346456 1122.236220472441 94.96062992125984 24.094488188976378 perdu
153.35433070866142 1122.236220472441 63.21259842519685 24.094488188976378 sa
174.61417322834646 1122.236220472441 105.44881889763779 24.094488188976378 gabarre.

8.78740157480315 1159.0866141732283 136.91338582677164 48.75590551181102 43557.
104.5984251968504 1159.0866141732283 150.8031496062992 48.75590551181102 MÉRIMÉE
214.29921259842519 1159.0866141732283 191.90551181102362 48.75590551181102 (Prosper),
365.1023622047244 1159.0866141732283 82.20472440944881 48.75590551181102 le
406.20472440944883 1159.0866141732283 150.8031496062992 48.75590551181102 célèbre
515.9055118110236 1159.0866141732283 178.29921259842519 48.75590551181102 écrivain,
652.8188976377953 1159.0866141732283 136.91338582677164 48.75590551181102 membre
748.9133858267717 1159.0866141732283 82.20472440944881 48.75590551181102 de
776.1259842519685 1159.0866141732283 109.7007874015748 48.75590551181102 l’Aca-

110.83464566929133 1193.6692913385828 115.93700787401575 39.40157480314961 démie
187.93700787401573 1193.6692913385828 180.28346456692913 39.40157480314961 française.
329.38582677165357 1193.6692913385828 64.34645669291339 39.40157480314961 —
355.18110236220474 1193.6692913385828 77.10236220472441 39.40157480314961 L.
393.73228346456693 1193.6692913385828 77.10236220472441 39.40157480314961 a.
432.56692913385825 1193.6692913385828 90.14173228346456 39.40157480314961 s.;
483.87401574803147 1193.6692913385828 64.34645669291339 39.40157480314961 2
509.6692913385827 1193.6692913385828 167.24409448818898 39.40157480314961 septembre
638.3622047244095 1193.6692913385828 115.93700787401575 39.40157480314961 1843,
715.7480314960629 1193.6692913385828 64.34645669291339 39.40157480314961 1
741.2598425196851 1193.6692913385828 77.10236220472441 39.40157480314961 p.
767.0551181102362 1193.6692913385828 90.14173228346456 39.40157480314961 in

804.4724409448819 1219.4645669291338 98.64566929133858 34.01574803149607 8
824.3149606299213 1219.4645669291338 59.24409448818898 34.01574803149607 »

104.5984251968504 1265.3858267716535 93.54330708661418 34.01574803149607 Belle
167.24409448818898 1265.3858267716535 104.03149606299213 34.01574803149607 lettre
239.81102362204723 1265.3858267716535 124.7244094488189 34.01574803149607 relative
333.6377952755906 1265.3858267716535 52.15748031496063 34.01574803149607 à
354.3307086614173 1265.3858267716535 62.36220472440945 34.01574803149607 sa
385.51181102362204 1265.3858267716535 156.18897637795277 34.01574803149607 candidature
510.5196850393701 1265.3858267716535 52.15748031496063 34.01574803149607 à
531.2125984251968 1265.3858267716535 145.70078740157481 34.01574803149607 l’Académie
645.7322834645669 1265.3858267716535 145.70078740157481 34.01574803149607 française.
760.2519685039371 1265.3858267716535 72.85039370078741 34.01574803149607 «De
791.4330708661417 1265.3858267716535 93.54330708661418 34.01574803149607 quelque

84.18897637795276 1285.2283464566929 94.96062992125984 35.43307086614173 façon
147.4015748031496 1285.2283464566929 73.7007874015748 35.43307086614173 que
189.63779527559055 1285.2283464566929 84.18897637795276 35.43307086614173 cela
242.07874015748033 1285.2283464566929 115.93700787401575 35.43307086614173 tourne,
326.5511811023622 1285.2283464566929 115.93700787401575 35.43307086614173 j’aurai
410.74015748031496 1285.2283464566929 63.21259842519685 35.43307086614173 du
442.48818897637796 1285.2283464566929 94.96062992125984 35.43307086614173 moins
505.7007874015748 1285.2283464566929 63.21259842519685 35.43307086614173 la
537.1653543307086 1285.2283464566929 168.66141732283464 35.43307086614173 satisfaction
674.3622047244095 1285.2283464566929 115.93700787401575 35.43307086614173 d’avoir
758.5511811023622 1285.2283464566929 73.7007874015748 35.43307086614173 été
790.0157480314961 1285.2283464566929 94.96062992125984 35.43307086614173 soutenu

84.18897637795276 1305.6377952755906 72.85039370078741 31.46456692913386 par
125.85826771653544 1305.6377952755906 72.85039370078741 31.46456692913386 les
167.5275590551181 1305.6377952755906 135.49606299212599 31.46456692913386 personnes
271.84251968503935 1305.6377952755906 72.85039370078741 31.46456692913386 que
313.51181102362204 1305.6377952755906 125.00787401574803 31.46456692913386 j’estime
407.33858267716533 1305.6377952755906 62.645669291338585 31.46456692913386 et
438.8031496062992 1305.6377952755906 72.85039370078741 31.46456692913386 que
480.4724409448819 1305.6377952755906 104.31496062992126 31.46456692913386 j’aime
553.3228346456693 1305.6377952755906 62.645669291338585 31.46456692913386 le
574.2992125984252 1305.6377952755906 83.33858267716535 31.46456692913386 plus.»

3.1181102362204722 1348.4409448818897 142.29921259842519 46.488188976377955 43558.
102.61417322834646 1348.4409448818897 184.8188976377953 46.488188976377955 MEYERBEER
244.91338582677164 1348.4409448818897 198.99212598425197 46.488188976377955 (Jacques),
401.1023622047244 1348.4409448818897 198.99212598425197 46.488188976377955 l’illustre
557.5748031496063 1348.4409448818897 213.16535433070865 46.488188976377955 compositeur
728.2204724409448 1348.4409448818897 85.32283464566929 46.488188976377955 de
756.8503937007874 1348.4409448818897 127.84251968503936 46.488188976377955 musique

104.03149606299213 1380.4724409448818 202.6771653543307 41.669291338582674 allemand.
259.93700787401576 1380.4724409448818 77.95275590551181 41.669291338582674 —
291.11811023622045 1380.4724409448818 93.54330708661418 41.669291338582674 L.
337.8897637795276 1380.4724409448818 93.54330708661418 41.669291338582674 a.
384.66141732283467 1380.4724409448818 109.13385826771653 41.669291338582674 s.,
447.0236220472441 1380.4724409448818 93.54330708661418 41.669291338582674 en
493.79527559055117 1380.4724409448818 202.6771653543307 41.669291338582674 français,
649.4173228346457 1380.4724409448818 77.95275590551181 41.669291338582674 1
680.5984251968504 1380.4724409448818 93.54330708661418 41.669291338582674 p.
727.3700787401575 1380.4724409448818 140.31496062992127 41.669291338582674 in-8.
820.9133858267717 1380.4724409448818 77.95275590551181 41.669291338582674 3
836.503937007874 1380.4724409448818 46.77165354330709 41.669291338582674 »

0.5669291338582677 1422.708661417323 144.8503937007874 53.29133858267716 43559.
102.04724409448819 1422.708661417323 173.76377952755905 53.29133858267716 MÉZIÈRES
232.15748031496062 1422.708661417323 390.8976377952756 53.29133858267716 (Alfred-Jean-François),
579.6850393700787 1422.708661417323 217.13385826771653 53.29133858267716 littérateur
753.4488188976378 1422.708661417323 87.02362204724409 53.29133858267716 et
782.3622047244095 1422.708661417323 101.48031496062993 53.29133858267716 homme
