3215 5412
1402 95 319 79 —
1530 95 319 79 5
1594 95 191 79 —

430 281 508 126 bataille
810 281 423 126 d’Iéna
1107 281 254 126 en
1233 281 381 126 1806.
1487 281 212 126 —
1572 281 212 126 8
1656 281 254 126 l.
1783 281 296 126 a.,
1953 281 254 126 en
2079 281 508 126 français
2460 281 338 126 dont
2672 281 212 126 7
2714 281 423 126 signées,

421 376 301 123 au
571 376 553 123 célèbre
973 376 653 123 diplomate
1476 376 553 123 anglais
1878 376 553 123 William
2280 376 653 123 Hamilton;
2782 376 402 123 1766
2983 376 151 123 à

421 472 444 121 1769,
716 472 296 121 42
864 472 296 121 p.
1012 472 394 121 in-4
1258 472 296 121 ou
1406 472 444 121 in-8,
1702 472 690 121 enveloppes
2244 472 296 121 et
2392 472 591 121 cachets.
2835 472 345 121 100
2983 472 148 121 »

409 633 493 86 IMPORTANT
788 633 455 86 DOSSIER.
1129 633 379 86 Toutes
1394 633 265 86 ces
1546 633 417 86 lettres
1849 633 265 86 ont
2000 633 265 86 été
2152 633 417 86 écrites
2455 633 341 86 avant
2644 633 493 86 l’avènement

342 702 220 100 du
452 702 404 100 prince.
746 702 330 100 Elles
966 702 404 100 donnent
1260 702 661 100 d’intéressants
1811 702 404 100 détails
2104 702 257 100 sur
2251 702 257 100 ses
2398 702 404 100 voyages
2692 702 184 100 à
2765 702 367 100 Naples
2985 702 147 100 et

340 772 194 100 à
418 772 388 100 Paris.
689 772 233 100 On
806 772 194 100 y
883 772 388 100 trouve
1155 772 272 100 des
1310 772 504 100 anecdotes
1698 772 504 100 curieuses
2086 772 272 100 sur
2242 772 233 100 de
2358 772 388 100 grands
2591 772 543 100 personnages,

339 843 264 102 une
490 843 453 102 piquante
830 843 603 102 appréciation
1320 843 264 102 sur
1471 843 264 102 les
1622 843 377 102 femmes
1885 843 226 102 en
1999 843 453 102 général,
2338 843 302 102 etc.
2527 843 226 102 Le
2640 843 264 102 duc
2791 843 339 102 parle
2979 843 151 102 de

340 913 339 96 vases
566 913 490 96 étrusques
943 913 226 96 et
1057 913 415 96 demande
1358 913 565 96 qu’Hamilton
1811 913 264 96 lui
1961 913 377 96 envoie
2225 913 302 96 tout
2414 913 226 96 ce
2527 913 264 96 qui
2678 913 452 96 paraîtra
2979 913 151 96 de

340 984 306 90 beau
531 984 229 90 en
645 984 458 90 musique.
989 984 191 90 —
1066 984 306 90 Dans
1256 984 267 90 une
1409 984 382 90 lettre
1677 984 344 90 datée
1906 984 229 90 de
2020 984 535 90 Brunswick,
2441 984 229 90 le
2555 984 229 90 20
2670 984 344 90 avril
2861 984 267 90 1769,

344 1052 214 95 il
451 1052 286 95 fait
630 1052 214 95 le
737 1052 429 95 portrait
1059 1052 214 95 du
1166 1052 250 95 roi
1309 1052 214 95 de
1416 1052 429 95 Danemark
1738 1052 250 95 qui
1881 1052 250 95 est
2024 1052 286 95 venu
2203 1052 286 95 dans
2381 1052 322 95 cette
2596 1052 357 95 ville.
2846 1052 250 95 «Il
2953 1052 179 95 est

344 1120 217 96 de
452 1120 217 96 la
561 1120 361 96 taille
814 1120 325 96 comme
1031 1120 325 96 celui
1247 1120 217 96 de
1356 1120 361 96 Naples
1609 1120 398 96 l’étoit
1898 1120 398 96 lorsque
2187 1120 217 96 je
2296 1120 289 96 l’ai
2476 1120 253 96 vu.
2621 1120 217 96 Il
2729 1120 181 96 a
2766 1120 361 96 beaucoup

347 1191 446 93 d’esprit.
690 1191 275 93 L’on
862 1191 206 93 ne
965 1191 275 93 peut
1136 1191 275 93 être
1308 1191 275 93 plus
1479 1191 275 93 poli
1651 1191 309 93 qu’il
1857 1191 343 93 l'est,
2097 1191 206 93 et
2200 1191 206 93 il
2303 1191 240 93 est
2441 1191 412 93 beaucoup
2749 1191 275 93 plus
2887 1191 240 93 porté

340 1263 323 91 pour
541 1263 646 91 l'Angleterre
1066 1263 283 91 que
1228 1263 323 91 pour
1430 1263 242 91 la
1551 1263 444 91 France,
1874 1263 484 91 pourquoi
2237 1263 242 91 il
2358 1263 202 91 a
2439 1263 363 91 gagné
2681 1263 283 91 une
2802 1263 323 91 grande

343 1331 499 76 popularité
700 1331 249 76 ici.»

66 1471 413 110 43478.
355 1471 372 110 BULOZ
602 1471 619 110 (François),
1098 1471 248 110 le
1222 1471 537 110 fondateur
1635 1471 248 110 de
1759 1471 248 110 la
1882 1471 495 110 <i>Revue
2254 1471 289 110 des
2378 1471 743 110 Deux

427 1564 593 109 directeur
884 1564 274 109 du
1020 1564 502 109 Théâtre
1385 1564 593 109 français.
1842 1564 228 109 —
1933 1564 274 109 13
2070 1564 274 109 l.
2207 1564 274 109 a.
2343 1564 228 109 à
2435 1564 274 109 M.
2572 1564 274 109 de
2663 1564 456 109 Forcade,

306 1656 992 109 30
802 1656 992 109 p.
1297 1656 1487 109 in-8.
2289 1656 992 109 10
2619 1656 496 109 »

411 1803 614 72 Intéressantes
916 1803 397 72 lettres
1205 1803 361 72 toutes
1458 1803 469 72 relatives
1819 1803 180 72 à
1891 1803 217 72 la
1999 1803 614 72 collaboration
2504 1803 217 72 de
2613 1803 217 72 M.
2721 1803 217 72 de
2793 1803 325 72 Forcade

346 1873 148 64 à
406 1873 178 64 la
495 1873 356 64 <i>Revue
761 1873 208 64 des
850 1873 534 64 Deux

59 2009 463 113 43479.
383 2009 417 113 BYRON
661 2009 509 113 (Noël),
1031 2009 648 113 l’illustre
1540 2009 417 113 poète
1818 2009 556 113 anglais.
2234 2009 231 113 —
2327 2009 278 113 L.
2466 2009 278 113 a.
2605 2009 278 113 s.
2744 2009 231 113 à
2790 2009 324 113 Henry

421 2106 567 106 Webster;
846 2106 520 106 Venise,
1224 2106 284 106 28
1366 2106 378 106 mars
1602 2106 425 106 1818,
1886 2106 236 106 2
1980 2106 284 106 p.
2122 2106 425 106 in-4.
2405 2106 473 106 Coupée
2736 2106 378 106 dans
2925 2106 189 106 le

426 2198 319 106 bas
609 2198 273 106 du
745 2198 501 106 premier
1109 2198 592 106 feuillet,
1565 2198 273 106 de
1701 2198 410 106 sorte
1975 2198 410 106 qu’il
2248 2198 455 106 manque
2567 2198 364 106 deux
2749 2198 364 106 lignes

412 2290 360 86 au
592 2290 539 86 verso
951 2290 360 86 et
1131 2290 360 86 au
1311 2290 599 86 recto.
1731 2290 659 86 <i>Très
2210 2290 779 86 rare</i>.
2809 2290 360 86 40
2929 2290 180 86 »

413 2435 533 85 Intéressante
846 2435 333 85 lettre
1079 2435 400 85 relative
1379 2435 167 85 à
1446 2435 233 85 des
1579 2435 433 85 peintures
1913 2435 267 85 dont
2080 2435 200 85 il
2180 2435 200 85 se
2280 2435 333 85 charge
2513 2435 200 85 de
2613 2435 300 85 faire
2780 2435 333 85 exécuter

340 2506 247 83 des
481 2506 388 83 copies.
763 2506 212 83 Il
869 2506 212 83 le
974 2506 282 83 prie
1151 2506 212 83 de
1256 2506 212 83 le
1362 2506 423 83 rappeler
1679 2506 212 83 au
1785 2506 423 83 souvenir
2102 2506 212 83 de
2208 2506 247 83 ses
2349 2506 282 83 amis
2490 2506 529 83 d’Angleterre.

53 2637 502 111 43480.
404 2637 703 111 CAGLIOSTRO
956 2637 652 111 (Giuseppe
1458 2637 602 111 BALSAMO,
1910 2637 452 111 dit),
2211 2637 301 111 le
2361 2637 502 111 fameux
2662 2637 452 111 aventu-

426 2736 366 105 rier.
670 2736 203 105 —
752 2736 244 105 L.
874 2736 244 105 a.
996 2736 203 105 à
1077 2736 244 105 sa
1199 2736 407 105 femme;
1484 2736 203 105 4
1566 2736 488 105 février,
1932 2736 203 105 2
2013 2736 244 105 p.
2135 2736 366 105 in-4.
2380 2736 448 105 <i>Très
2664 2736 448 105 rare</i>.

2787 2839 377 70 100
2949 2839 161 70 »

404 2971 458 88 Curieuse
747 2971 382 88 lettre
1015 2971 420 88 intime,
1320 2971 229 88 où
1435 2971 229 88 il
1549 2971 305 88 rend
1740 2971 382 88 grâces
2008 2971 267 88 aux
2160 2971 305 88 amis
2351 2971 267 88 qui
2504 2971 458 88 prennent
2848 2971 305 88 part
3000 2971 115 88 à

333 3045 357 81 leurs
571 3045 476 81 intèrêts
929 3045 476 81 communs.
1286 3045 278 81 «Il
1445 3045 318 81 faut
1643 3045 318 81 leur
1842 3045 318 81 dire
2040 3045 278 81 que
2199 3045 318 81 nous
2397 3045 238 81 ne
2517 3045 397 81 sommes
2794 3045 278 81 pas
2914 3045 198 81 des

334 3111 548 81 capucins.»
765 3111 588 81 Témoignages
1235 3111 235 81 de
1313 3111 470 81 tendresse.

59 3241 484 114 43481.
397 3241 726 114 CAILLEBOTTE
978 3241 677 114 (Gustave),
1510 3241 580 114 peintre,
1945 3241 290 114 un
2090 3241 339 114 des
2284 3241 435 114 chefs
2574 3241 290 114 de
2671 3241 435 114 l’école

417 3339 928 108 impressionniste.
1205 3339 232 108 —
1298 3339 278 108 L.
1437 3339 278 108 a.
1577 3339 278 108 s.
1716 3339 232 108 à
1809 3339 278 108 un
1948 3339 557 108 critique
2366 3339 464 108 d’art;
2690 3339 278 108 17
2783 3339 325 108 avril

335 3433 1187 107 1879,
1126 3433 659 107 3
1390 3433 791 107 p.
1786 3433 1187 107 in-8.
2577 3433 659 107 5
2708 3433 396 107 »

406 3579 211 85 Il
511 3579 211 85 le
617 3579 421 85 remercie
933 3579 386 85 d’avoir
1214 3579 281 85 pris
1389 3579 211 85 la
1495 3579 386 85 défense
1776 3579 211 85 de
1881 3579 386 85 l’école
2127 3579 632 85 impressionniste.

57 3711 507 128 43482.
412 3711 609 128 CAROLINE
869 3711 761 128 D’AUTRICHE,
1478 3711 457 128 reine
1782 3711 304 128 de
1934 3711 558 128 Naples,
2340 3711 406 128 sœur
2594 3711 304 128 de
2695 3711 406 128 Marie-

419 3804 682 113 Antoinette,
964 3804 455 113 épouse
1282 3804 273 113 de
1419 3804 591 113 Ferdinand
1873 3804 318 113 IV,
2055 3804 500 113 fameuse
2419 3804 318 113 par
2601 3804 273 113 sa
2692 3804 409 113 cruauté

419 3898 277 109 et
557 3898 324 109 par
742 3898 277 109 la
881 3898 462 109 faveur
1205 3898 509 109 qu’elle
1575 3898 509 109 accorda
1945 3898 231 109 à
2037 3898 416 109 Acton
2315 3898 277 109 et
2454 3898 231 109 à
2546 3898 370 109 lady
2731 3898 370 109 Hamil-

418 3988 358 110 ton.
642 3988 224 110 —
731 3988 268 110 L.
866 3988 268 110 a.
1000 3988 313 110 s.,
1179 3988 268 110 en
1313 3988 581 110 français,
1760 3988 224 110 à
1850 3988 313 110 une
2029 3988 403 110 amie;
2297 3988 537 110 Palerme,
2699 3988 268 110 23
2789 3988 313 110 avril

348 4080 1076 112 1809,
1065 4080 598 112 2
1304 4080 717 112 p.
1662 4080 1076 112 in-4.
2379 4080 837 112 100
2738 4080 359 112 »

399 4237 444 91 SUPERBE
721 4237 444 91 LETTRE,
1044 4237 242 91 où
1165 4237 323 91 elle
1367 4237 242 91 se
1488 4237 403 91 plaint
1770 4237 242 91 de
1891 4237 242 91 sa
2012 4237 605 91 malheureuse
2496 4237 565 91 situation,
2899 4237 202 91 «ne

332 4306 449 89 pouvant,
669 4306 225 89 ni
781 4306 337 89 ayant
1005 4306 562 89 l’authorité
1455 4306 225 89 de
1567 4306 337 89 faire
1792 4306 225 89 le
1904 4306 300 89 bien
2091 4306 225 89 et
2203 4306 412 89 portant
2503 4306 562 89 injustement
2915 4306 187 89 sur

332 4372 273 98 mes
488 4372 429 98 épaules
800 4372 312 98 tout
994 4372 234 98 le
1111 4372 351 98 blâme
1345 4372 234 98 du
1462 4372 351 98 mal».
1696 4372 234 98 Le
1812 4372 273 98 duc
1968 4372 506 98 d’Orléans
2358 4372 779 98 (Louis-Philippe)
2981 4372 117 98 a

331 4441 328 92 passé
549 4441 401 92 quelque
840 4441 328 92 temps
1059 4441 291 92 avec
1241 4441 291 92 elle
1423 4441 182 92 à
1496 4441 401 92 Palerme
1787 4441 218 92 et
1896 4441 218 92 il
2006 4441 255 92 est
2151 4441 328 92 parti
2370 4441 291 92 pour
2552 4441 473 92 Cagliari.
2880 4441 218 92 Elle

330 4511 475 90 voudrait
687 4511 317 90 voir
885 4511 238 90 le
1004 4511 436 90 général
1320 4511 436 90 Stuart,
1637 4511 277 90 car
1795 4511 238 90 le
1914 4511 396 90 moment
2191 4511 277 90 est
2350 4511 436 90 décisif
2666 4511 238 90 et
2785 4511 238 90 on
2864 4511 238 90 peut

331 4580 406 88 espérer
626 4580 258 88 que
774 4580 295 88 tout
958 4580 443 88 changera
1290 4580 221 88 en
1401 4580 332 88 bien,
1622 4580 295 88 sans
1807 4580 295 88 quoi
1991 4580 443 88 l’Europe
2323 4580 258 88 est
2434 4580 332 88 perdue.

56 4707 454 123 43483.
374 4707 500 123 CASELLI
737 4707 682 123 (Giovanni),
1282 4707 591 123 physicien
1737 4707 545 123 italien,
2146 4707 591 123 inventeur
2600 4707 364 123 d’un
2782 4707 318 123 télé-

412 4805 471 116 graphe
742 4805 706 116 électrique,
1307 4805 471 116 adopté
1636 4805 283 116 en
1777 4805 471 116 France
2107 4805 283 116 en
2248 4805 424 116 1865.
2531 4805 235 116 —
2625 4805 283 116 P.
2766 4805 283 116 a.
2861 4805 235 116 s.;

385 4894 732 115 Paris,
897 4894 439 115 24
1117 4894 585 115 mars
1482 4894 659 115 1860,
1921 4894 366 115 1
2068 4894 439 115 p.
2287 4894 732 115 in-12.
2799 4894 366 115 6
2873 4894 220 115 »

399 5049 443 110 Souvenir
732 5049 406 110 adressé
1027 5049 185 110 à
1101 5049 369 110 l’abbé
1360 5049 369 110 Moigno
1618 5049 222 110 et
1729 5049 480 110 reproduit
2099 5049 259 110 par
2246 5049 517 110 l’appareil
2653 5049 222 110 de
2727 5049 369 110 Caselli,

333 5126 249 88 qui
476 5126 392 88 donnait
761 5126 214 88 en
868 5126 392 88 quelque
1153 5126 321 88 sorte
1367 5126 214 88 un
1474 5126 499 88 fac-simile
1866 5126 214 88 de
1937 5126 463 88 l’écriture.

2772 5270 75 51 1
