927.7795275590552 1514.8346456692914
68.5984251968504 54.70866141732284 371.0551181102362 39.118110236220474 PUBLICATIONS
370.20472440944883 54.70866141732284 162.4251968503937 39.118110236220474 SUR
462.8976377952756 54.70866141732284 162.4251968503937 39.118110236220474 LES
532.3464566929134 54.70866141732284 301.6062992125984 39.118110236220474 AUTOGRAPHES

159.0236220472441 118.77165354330708 88.44094488188976 27.496062992125985 En
218.26771653543307 118.77165354330708 88.44094488188976 27.496062992125985 vente
277.2283464566929 118.77165354330708 78.80314960629921 27.496062992125985 chez
326.26771653543307 118.77165354330708 58.960629921259844 27.496062992125985 M.
356.0314960629921 118.77165354330708 78.80314960629921 27.496062992125985 Noël
405.07086614173227 118.77165354330708 127.84251968503936 27.496062992125985 Charavay,
503.43307086614175 118.77165354330708 68.88188976377953 27.496062992125985 rue
542.8346456692914 118.77165354330708 58.960629921259844 27.496062992125985 de
572.3149606299213 118.77165354330708 157.3228346456693 27.496062992125985 Furstenberg,
690.5196850393701 118.77165354330708 68.88188976377953 27.496062992125985 3

30.614173228346456 219.68503937007873 135.7795275590551 41.669291338582674 Faux
129.54330708661416 219.68503937007873 197.5748031496063 41.669291338582674 autographes:
289.98425196850394 219.68503937007873 135.7795275590551 41.669291338582674 affaire
388.62992125984255 219.68503937007873 246.89763779527559 41.669291338582674 Vrain-Lucas.
598.3937007874016 219.68503937007873 111.11811023622047 41.669291338582674 Étude
672.6614173228346 219.68503937007873 86.45669291338582 41.669291338582674 par
721.9842519685039 219.68503937007873 135.7795275590551 41.669291338582674 Étienne
808.4409448818898 219.68503937007873 73.98425196850394 41.669291338582674 Cha-

35.43307086614173 249.4488188976378 325.13385826771656 36.0 ravay.
263.0551181102362 249.4488188976378 390.3307086614173 36.0 Brochure
555.8740157480315 249.4488188976378 292.53543307086613 36.0 in-8.
750.8976377952756 249.4488188976378 162.70866141732284 36.0 1
783.496062992126 249.4488188976378 97.51181102362204 36.0 »

54.99212598425197 280.34645669291336 104.88188976377953 40.818897637795274 Étude
124.7244094488189 280.34645669291336 139.748031496063 40.818897637795274 critique
229.60629921259843 280.34645669291336 81.63779527559055 40.818897637795274 sur
276.37795275590554 280.34645669291336 70.01574803149606 40.818897637795274 la
311.244094488189 280.34645669291336 128.1259842519685 40.818897637795274 fameuse
404.2204724409449 280.34645669291336 162.99212598425197 40.818897637795274 collection
532.3464566929134 280.34645669291336 116.50393700787401 40.818897637795274 vendue
613.9842519685039 280.34645669291336 58.110236220472444 40.818897637795274 à
637.2283464566929 280.34645669291336 70.01574803149606 40.818897637795274 M.
672.0944881889764 280.34645669291336 128.1259842519685 40.818897637795274 Chasles
765.3543307086615 280.34645669291336 70.01574803149606 40.818897637795274 et
788.5984251968504 280.34645669291336 93.25984251968504 40.818897637795274 obser-

30.89763779527559 312.37795275590554 126.4251968503937 36.0 vations
123.02362204724409 312.37795275590554 80.50393700787401 36.0 sur
168.9448818897638 312.37795275590554 80.50393700787401 36.0 les
214.86614173228347 312.37795275590554 114.80314960629921 36.0 moyens
295.0866141732283 312.37795275590554 68.88188976377953 36.0 de
329.6692913385827 312.37795275590554 172.3464566929134 36.0 reconnaître
467.43307086614175 312.37795275590554 80.50393700787401 36.0 les
513.3543307086615 312.37795275590554 91.84251968503936 36.0 faux
559.2755905511812 312.37795275590554 160.7244094488189 36.0 autographes.

31.46456692913386 355.46456692913387 223.08661417322836 37.41732283464567 Supplément
214.86614173228347 355.46456692913387 65.48031496062993 37.41732283464567 à
241.22834645669292 355.46456692913387 209.76377952755905 37.41732283464567 l'isographie
411.59055118110234 355.46456692913387 91.84251968503936 37.41732283464567 des
464.31496062992125 355.46456692913387 131.24409448818898 37.41732283464567 hommes
555.8740157480315 355.46456692913387 223.08661417322836 37.41732283464567 célèbres,
739.5590551181102 355.46456692913387 131.24409448818898 37.41732283464567 dressé
818.3622047244095 355.46456692913387 65.48031496062993 37.41732283464567 par

55.55905511811024 381.54330708661416 131.81102362204723 36.0 Etienne
151.37007874015748 381.54330708661416 155.6220472440945 36.0 Gharavay;
270.99212598425197 381.54330708661416 143.71653543307087 36.0 première
378.70866141732284 381.54330708661416 119.62204724409449 36.0 série,
462.61417322834643 381.54330708661416 155.6220472440945 36.0 contenant
582.2362204724409 381.54330708661416 83.90551181102362 36.0 des
630.1417322834645 381.54330708661416 167.5275590551181 36.0 livraisons
761.9527559055118 381.54330708661416 71.71653543307086 36.0 de
797.6692913385826 381.54330708661416 59.811023622047244 36.0 I
821.7637795275591 381.54330708661416 59.811023622047244 36.0 à
833.6692913385826 381.54330708661416 47.90551181102362 36.0 V.

54.425196850393704 407.90551181102364 114.23622047244095 36.28346456692913 In-4
125.85826771653544 407.90551181102364 100.06299212598425 36.28346456692913 sur
182.83464566929135 407.90551181102364 142.86614173228347 36.28346456692913 papier
282.8976377952756 407.90551181102364 85.60629921259843 36.28346456692913 de
325.7007874015748 407.90551181102364 185.66929133858267 36.28346456692913 Hollande.
468.56692913385825 407.90551181102364 114.23622047244095 36.28346456692913 Tiré
540.0 407.90551181102364 71.43307086614173 36.28346456692913 à
568.6299212598425 407.90551181102364 100.06299212598425 36.28346456692913 200
625.8897637795276 407.90551181102364 228.4724409448819 36.28346456692913 exemplaires.
811.5590551181102 407.90551181102364 85.60629921259843 36.28346456692913 12
840.1889763779527 407.90551181102364 42.803149606299215 36.28346456692913 »

52.724409448818896 443.0551181102362 97.79527559055119 34.2992125984252 2e
101.48031496062993 443.0551181102362 162.70866141732284 34.2992125984252 série,
215.43307086614172 443.0551181102362 211.748031496063 34.2992125984252 contenant
378.1417322834646 443.0551181102362 113.95275590551181 34.2992125984252 les
443.33858267716533 443.0551181102362 227.90551181102362 34.2992125984252 livraisons
622.488188976378 443.0551181102362 97.79527559055119 34.2992125984252 de
671.2440944881889 443.0551181102362 97.79527559055119 34.2992125984252 VI
720.2834645669292 443.0551181102362 81.35433070866142 34.2992125984252 à
752.5984251968504 443.0551181102362 97.79527559055119 34.2992125984252 X.
801.6377952755905 443.0551181102362 97.79527559055119 34.2992125984252 12
834.2362204724409 443.0551181102362 48.75590551181102 34.2992125984252 »

30.04724409448819 488.9763779527559 180.0 34.58267716535433 Table
164.9763779527559 488.9763779527559 180.0 34.58267716535433 générale
299.90551181102364 488.9763779527559 104.88188976377953 34.58267716535433 des
360.0 488.9763779527559 164.9763779527559 34.58267716535433 lettres
479.90551181102364 488.9763779527559 89.85826771653544 34.58267716535433 et
524.9763779527559 488.9763779527559 195.0236220472441 34.58267716535433 documents
674.9291338582677 488.9763779527559 180.0 34.58267716535433 contenus
794.8346456692914 488.9763779527559 89.85826771653544 34.58267716535433 dans

57.54330708661417 514.2047244094488 157.88976377952756 34.2992125984252 l'Amateur
179.1496062992126 514.2047244094488 267.0236220472441 34.2992125984252 d’autographes;
409.6062992125984 514.2047244094488 145.70078740157481 34.2992125984252 première
519.0236220472441 514.2047244094488 121.32283464566929 34.2992125984252 série,
604.0629921259842 514.2047244094488 170.07874015748033 34.2992125984252 1862-1874;
737.5748031496063 514.2047244094488 109.41732283464567 34.2992125984252 1877,
798.2362204724409 514.2047244094488 85.03937007874016 34.2992125984252 in

39.68503937007874 539.4330708661417 241.22834645669292 34.2992125984252 Tiré
190.20472440944883 539.4330708661417 150.8031496062992 34.2992125984252 à
250.58267716535434 539.4330708661417 210.89763779527559 34.2992125984252 100
371.0551181102362 539.4330708661417 482.1732283464567 34.2992125984252 exemplaires.
763.0866141732283 539.4330708661417 150.8031496062992 34.2992125984252 4
793.1338582677165 539.4330708661417 90.4251968503937 34.2992125984252 »

58.110236220472444 575.1496062992126 106.2992125984252 34.58267716535433 Cette
128.9763779527559 575.1496062992126 106.2992125984252 34.58267716535433 table
199.84251968503938 575.1496062992126 129.82677165354332 34.58267716535433 rédigée
294.5196850393701 575.1496062992126 94.39370078740157 34.58267716535433 avec
353.4803149606299 575.1496062992126 94.39370078740157 34.58267716535433 soin
412.4409448818898 575.1496062992126 82.77165354330708 34.58267716535433 par
459.7795275590551 575.1496062992126 70.86614173228347 34.58267716535433 un
495.21259842519686 575.1496062992126 189.0708661417323 34.58267716535433 bibliographe
648.8503937007874 575.1496062992126 141.73228346456693 34.58267716535433 émérite,
755.1496062992126 575.1496062992126 70.86614173228347 34.58267716535433 M.
778.6771653543307 575.1496062992126 106.2992125984252 34.58267716535433 Maurice

33.732283464566926 600.6614173228346 143.71653543307087 34.58267716535433 Tourneux,
144.28346456692913 600.6614173228346 77.38582677165354 34.58267716535433 est
188.50393700787401 600.6614173228346 187.93700787401573 34.58267716535433 indispensable
343.2755905511811 600.6614173228346 77.38582677165354 34.58267716535433 aux
387.496062992126 600.6614173228346 121.60629921259843 34.58267716535433 abonnés
475.65354330708664 600.6614173228346 66.33070866141732 34.58267716535433 de
508.81889763779526 600.6614173228346 176.88188976377953 34.58267716535433 l'Amateur
652.5354330708661 600.6614173228346 232.15748031496062 34.58267716535433 d'autographes
840.4724409448819 600.6614173228346 44.22047244094488 34.58267716535433 et

34.2992125984252 628.4409448818898 76.81889763779527 32.31496062992126 aux
78.23622047244095 628.4409448818898 121.03937007874016 32.31496062992126 érudits
166.39370078740157 628.4409448818898 76.81889763779527 32.31496062992126 qui
210.33070866141733 628.4409448818898 76.81889763779527 32.31496062992126 ont
254.26771653543307 628.4409448818898 109.98425196850394 32.31496062992126 besoin
331.0866141732283 628.4409448818898 66.04724409448819 32.31496062992126 de
364.251968503937 628.4409448818898 142.86614173228347 32.31496062992126 consulter
473.9527559055118 628.4409448818898 76.81889763779527 32.31496062992126 cet
517.8897637795276 628.4409448818898 98.92913385826772 32.31496062992126 utile
572.8818897637796 628.4409448818898 109.98425196850394 32.31496062992126 recueil.

33.16535433070866 670.3937007874016 219.68503937007873 35.43307086614173 Inventaire
214.01574803149606 670.3937007874016 90.4251968503937 35.43307086614173 des
265.8897637795276 670.3937007874016 193.88976377952756 35.43307086614173 autographes
420.9448818897638 670.3937007874016 77.38582677165354 35.43307086614173 et
459.496062992126 670.3937007874016 167.81102362204723 35.43307086614173 documents
588.7559055118111 670.3937007874016 245.48031496062993 35.43307086614173 historiques
782.3622047244095 670.3937007874016 103.46456692913385 35.43307086614173 réunis

59.811023622047244 696.7559055118111 83.62204724409449 33.732283464566926 par
107.71653543307086 696.7559055118111 71.71653543307086 33.732283464566926 M.
143.43307086614172 696.7559055118111 143.43307086614172 33.732283464566926 Benjamin
251.1496062992126 696.7559055118111 131.5275590551181 33.732283464566926 Fillon,
346.96062992125985 696.7559055118111 131.5275590551181 33.732283464566926 décrits
442.48818897637796 696.7559055118111 83.62204724409449 33.732283464566926 par
490.3937007874016 696.7559055118111 131.5275590551181 33.732283464566926 Etienne
586.2047244094488 696.7559055118111 155.6220472440945 33.732283464566926 Charavay.
705.8267716535433 696.7559055118111 107.71653543307086 33.732283464566926 Tomes
777.5433070866142 696.7559055118111 59.811023622047244 33.732283464566926 I
801.6377952755905 696.7559055118111 71.71653543307086 33.732283464566926 et
825.4488188976378 696.7559055118111 59.811023622047244 33.732283464566926 II,

59.24409448818898 721.9842519685039 58.960629921259844 34.58267716535433 2
83.05511811023622 721.9842519685039 94.67716535433071 34.58267716535433 vol.
142.01574803149606 721.9842519685039 106.2992125984252 34.58267716535433 in-4,
212.88188976377953 721.9842519685039 106.2992125984252 34.58267716535433 impr.
284.0314960629921 721.9842519685039 82.77165354330708 34.58267716535433 sur
331.0866141732283 721.9842519685039 118.20472440944881 34.58267716535433 papier
413.8582677165354 721.9842519685039 70.86614173228347 34.58267716535433 de
449.29133858267716 721.9842519685039 141.73228346456693 34.58267716535433 Hollande
555.8740157480315 721.9842519685039 82.77165354330708 34.58267716535433 par
602.9291338582677 721.9842519685039 70.86614173228347 34.58267716535433 M.
638.3622047244095 721.9842519685039 82.77165354330708 34.58267716535433 Cl.
685.7007874015748 721.9842519685039 153.63779527559055 34.58267716535433 Motteroz.
792.0 721.9842519685039 94.67716535433071 34.58267716535433 Chaque

4.251968503937008 747.2125984251968 746.9291338582677 29.480314960629922 volume.
547.3700787401575 747.2125984251968 407.33858267716533 29.480314960629922 25
683.1496062992126 747.2125984251968 203.81102362204723 29.480314960629922 »

36.28346456692913 792.2834645669292 186.51968503937007 35.43307086614173 Lettres
182.83464566929135 792.2834645669292 199.84251968503938 35.43307086614173 autographes
342.70866141732284 792.2834645669292 173.1968503937008 35.43307086614173 composant
475.93700787401576 792.2834645669292 79.93700787401575 35.43307086614173 la
515.9055118110236 792.2834645669292 186.51968503937007 35.43307086614173 collection
662.4566929133858 792.2834645669292 79.93700787401575 35.43307086614173 de
702.4251968503937 792.2834645669292 79.93700787401575 35.43307086614173 M.
729.0708661417323 792.2834645669292 159.8740157480315 35.43307086614173 Alfred

64.06299212598425 817.7952755905512 184.53543307086613 34.58267716535433 Bovet,
216.0 817.7952755905512 130.39370078740157 34.58267716535433 décrites
313.79527559055117 817.7952755905512 75.96850393700787 34.58267716535433 par
357.1653543307087 817.7952755905512 119.33858267716535 34.58267716535433 Etienne
443.90551181102364 817.7952755905512 141.16535433070865 34.58267716535433 Charavay,
552.4724409448819 817.7952755905512 119.33858267716535 34.58267716535433 ouvrage
639.496062992126 817.7952755905512 119.33858267716535 34.58267716535433 imprimé
726.2362204724409 817.7952755905512 86.74015748031496 34.58267716535433 sous
780.6614173228346 817.7952755905512 65.19685039370079 34.58267716535433 la
802.488188976378 817.7952755905512 86.74015748031496 34.58267716535433 direc-

62.07874015748032 842.1732283464567 98.92913385826772 34.2992125984252 tion
123.8740157480315 842.1732283464567 74.26771653543307 34.2992125984252 de
161.00787401574803 842.1732283464567 136.06299212598427 34.2992125984252 Fernand
259.93700787401576 842.1732283464567 173.1968503937008 34.2992125984252 Calmettes.
396.0 842.1732283464567 61.79527559055118 34.2992125984252 1
420.66141732283467 842.1732283464567 98.92913385826772 34.2992125984252 vol.
482.74015748031496 842.1732283464567 98.92913385826772 34.2992125984252 in-4
544.5354330708661 842.1732283464567 74.26771653543307 34.2992125984252 de
581.3858267716536 842.1732283464567 111.4015748031496 34.2992125984252 1.000
655.6535433070866 842.1732283464567 123.59055118110236 34.2992125984252 pages,
742.3937007874016 842.1732283464567 136.06299212598427 34.2992125984252 imprimé
828.8503937007874 842.1732283464567 61.79527559055118 34.2992125984252 sur

60.94488188976378 867.9685039370079 138.04724409448818 36.0 papier
157.60629921259843 867.9685039370079 82.77165354330708 36.0 de
198.99212598425197 867.9685039370079 124.15748031496064 36.0 luxe,
281.76377952755905 867.9685039370079 110.55118110236221 36.0 avec
350.92913385826773 867.9685039370079 206.9291338582677 36.0 encadrement
516.4724409448819 867.9685039370079 124.15748031496064 36.0 rouge
599.2440944881889 867.9685039370079 68.88188976377953 36.0 à
627.0236220472441 867.9685039370079 138.04724409448818 36.0 chaque
723.6850393700787 867.9685039370079 124.15748031496064 36.0 page.
806.4566929133858 867.9685039370079 96.66141732283465 36.0 150
847.8425196850394 867.9685039370079 41.38582677165354 36.0 »

71.71653543307086 984.1889763779527 428.59842519685037 58.39370078740158 WEGWEISER
419.81102362204723 984.1889763779527 187.6535433070866 58.39370078740158 FÜR
500.31496062992125 984.1889763779527 348.37795275590554 58.39370078740158 SAMMLER

301.03937007874015 1061.5748031496064 116.22047244094489 29.19685039370079 (Guide
382.3937007874016 1061.5748031496064 81.35433070866142 29.19685039370079 des
417.25984251968504 1061.5748031496064 209.1968503937008 29.19685039370079 Collectionneurs)

67.18110236220473 1112.5984251968505 146.5511811023622 38.83464566929134 Journal
173.76377952755905 1112.5984251968505 146.5511811023622 38.83464566929134 spécial
280.34645669291336 1112.5984251968505 106.58267716535433 38.83464566929134 pour
346.96062992125985 1112.5984251968505 146.5511811023622 38.83464566929134 l’achat
453.54330708661416 1112.5984251968505 79.93700787401575 38.83464566929134 et
493.2283464566929 1112.5984251968505 79.93700787401575 38.83464566929134 la
533.1968503937007 1112.5984251968505 119.90551181102362 38.83464566929134 vente
613.1338582677165 1112.5984251968505 79.93700787401575 38.83464566929134 de
653.1023622047244 1112.5984251968505 133.22834645669292 38.83464566929134 toutes
746.3622047244095 1112.5984251968505 146.5511811023622 38.83464566929134 espèces
839.6220472440945 1112.5984251968505 53.29133858267716 38.83464566929134 de

40.818897637795274 1141.2283464566929 193.3228346456693 38.83464566929134 curiosités:
195.30708661417322 1141.2283464566929 193.3228346456693 38.83464566929134 Antiquités,
350.0787401574803 1141.2283464566929 128.9763779527559 38.83464566929134 armes,
440.2204724409449 1141.2283464566929 180.56692913385828 38.83464566929134 armoiries,
582.2362204724409 1141.2283464566929 206.36220472440945 38.83464566929134 autographes,
736.7244094488188 1141.2283464566929 154.77165354330708 38.83464566929134 ex

41.669291338582674 1170.1417322834645 181.41732283464566 37.7007874015748 herbiers,
181.13385826771653 1170.1417322834645 181.41732283464566 37.7007874015748 gravures,
320.59842519685037 1170.1417322834645 209.1968503937008 37.7007874015748 manuscrits,
488.12598425196853 1170.1417322834645 195.30708661417322 37.7007874015748 médailles,
641.4803149606299 1170.1417322834645 181.41732283464566 37.7007874015748 monnaies,
767.0551181102362 1170.1417322834645 125.5748031496063 37.7007874015748 sceaux,

43.93700787401575 1205.291338582677 228.4724409448819 29.19685039370079 timbres-poste,
221.66929133858267 1205.291338582677 76.25196850393701 29.19685039370079 etc.

103.46456692913385 1274.4566929133857 219.4015748031496 39.40157480314961 Publication
286.2992125984252 1274.4566929133857 207.21259842519686 39.40157480314961 bi-mensuelle;
456.9448818897638 1274.4566929133857 170.64566929133858 39.40157480314961 abonnement
590.7401574803149 1274.4566929133857 60.94488188976378 39.40157480314961 5
615.1181102362204 1274.4566929133857 121.88976377952756 39.40157480314961 francs
700.4409448818898 1274.4566929133857 85.32283464566929 39.40157480314961 par
737.007874015748 1274.4566929133857 97.51181102362204 39.40157480314961 an

44.503937007874015 1321.2283464566929 188.78740157480314 40.818897637795274 S’adresser
193.03937007874015 1321.2283464566929 108.0 40.818897637795274 chez
260.503937007874 1321.2283464566929 161.85826771653544 40.818897637795274 HARTMANN
381.8267716535433 1321.2283464566929 80.78740157480316 40.818897637795274 ET
422.3622047244094 1321.2283464566929 134.9291338582677 40.818897637795274 WOLFF,
516.7559055118111 1321.2283464566929 67.46456692913385 40.818897637795274 à
543.6850393700787 1321.2283464566929 161.85826771653544 40.818897637795274 Leipzig,
665.007874015748 1321.2283464566929 229.3228346456693 40.818897637795274 Inselstrasse,
840.4724409448819 1321.2283464566929 53.85826771653543 40.818897637795274 12

235.84251968503938 1401.4488188976377 74.55118110236221 33.44881889763779 Le
273.25984251968504 1401.4488188976377 297.9212598425197 33.44881889763779 Propriétaire-Gérant:
533.7637795275591 1401.4488188976377 99.21259842519684 33.44881889763779 NOEL
583.3700787401575 1401.4488188976377 124.15748031496064 33.44881889763779 CHARAVAY

290.26771653543307 1454.1732283464567 128.40944881889763 25.79527559055118 Vendôme.
386.6456692913386 1454.1732283464567 53.574803149606296 25.79527559055118 —
408.18897637795277 1454.1732283464567 149.95275590551182 25.79527559055118 Imprimerie
525.8267716535433 1454.1732283464567 64.34645669291339 25.79527559055118 F.
547.0866141732283 1454.1732283464567 107.14960629921259 25.79527559055118 EMPAYTAZ
