913.6062992125984 1524.1889763779527
401.9527559055118 21.826771653543307 86.1732283464567 24.094488188976378 –
436.53543307086613 21.826771653543307 103.46456692913385 24.094488188976378 16
471.11811023622045 21.826771653543307 51.874015748031496 24.094488188976378 –

27.496062992125985 68.31496062992126 130.96062992125985 48.188976377952756 43579.
119.05511811023622 68.31496062992126 144.0 48.188976377952756 RÉGNIER
223.93700787401573 68.31496062992126 130.96062992125985 48.188976377952756 (Henri
315.496062992126 68.31496062992126 104.5984251968504 48.188976377952756 de),
380.9763779527559 68.31496062992126 144.0 48.188976377952756 célèbre
485.5748031496063 68.31496062992126 117.92125984251969 48.188976377952756 poète
564.0944881889764 68.31496062992126 222.51968503937007 48.188976377952756 contemporain.
747.496062992126 68.31496062992126 65.48031496062993 48.188976377952756 —
773.5748031496063 68.31496062992126 78.51968503937007 48.188976377952756 L.
812.9763779527559 68.31496062992126 78.51968503937007 48.188976377952756 a.
839.0551181102362 68.31496062992126 65.48031496062993 48.188976377952756 s.,

129.82677165354332 100.34645669291339 100.34645669291339 40.53543307086614 sur
187.37007874015748 100.34645669291339 100.34645669291339 40.53543307086614 une
244.62992125984252 100.34645669291339 129.25984251968504 40.53543307086614 carte
330.8031496062992 100.34645669291339 272.6929133858268 40.53543307086614 correspondance,
560.4094488188977 100.34645669291339 71.71653543307086 40.53543307086614 2
589.0393700787401 100.34645669291339 86.1732283464567 40.53543307086614 p.
632.1259842519685 100.34645669291339 129.25984251968504 40.53543307086614 in-16
718.2992125984252 100.34645669291339 157.88976377952756 40.53543307086614 oblong.
833.1023622047244 100.34645669291339 71.71653543307086 40.53543307086614 2
847.5590551181102 100.34645669291339 57.25984251968504 40.53543307086614 50

23.811023622047244 139.748031496063 146.5511811023622 49.60629921259842 43580.
126.4251968503937 139.748031496063 146.5511811023622 49.60629921259842 RÉJANE
229.03937007874015 139.748031496063 234.4251968503937 49.60629921259842 (Gabrielle),
419.5275590551181 139.748031496063 87.8740157480315 49.60629921259842 la
463.46456692913387 139.748031496063 161.29133858267716 49.60629921259842 célèbre
580.8188976377953 139.748031496063 161.29133858267716 49.60629921259842 artiste
697.8897637795276 139.748031496063 219.68503937007873 49.60629921259842 dramatique.
859.1811023622047 139.748031496063 43.93700787401575 49.60629921259842 —

126.14173228346456 169.51181102362204 98.92913385826772 43.37007874015748 L.
175.46456692913387 169.51181102362204 98.92913385826772 43.37007874015748 a.
225.0708661417323 169.51181102362204 115.65354330708661 43.37007874015748 s.,
291.11811023622045 169.51181102362204 82.48818897637796 43.37007874015748 2
324.2834645669291 169.51181102362204 98.92913385826772 43.37007874015748 p.
373.6062992125984 169.51181102362204 148.53543307086613 43.37007874015748 in-8,
472.81889763779526 169.51181102362204 164.9763779527559 43.37007874015748 papier
588.1889763779527 169.51181102362204 82.48818897637796 43.37007874015748 à
621.3543307086615 169.51181102362204 115.65354330708661 43.37007874015748 son
687.4015748031496 169.51181102362204 198.14173228346456 43.37007874015748 chiffre.
835.9370078740158 169.51181102362204 82.48818897637796 43.37007874015748 3
852.3779527559055 169.51181102362204 49.60629921259842 43.37007874015748 »

22.96062992125984 217.13385826771653 125.5748031496063 41.38582677165354 43581.
110.83464566929133 217.13385826771653 112.81889763779527 41.38582677165354 RENAN
185.95275590551182 217.13385826771653 162.99212598425197 41.38582677165354 (Ernest),
311.5275590551181 217.13385826771653 175.748031496063 41.38582677165354 l’illustre
449.5748031496063 217.13385826771653 125.5748031496063 41.38582677165354 auteur
537.1653543307086 217.13385826771653 75.4015748031496 41.38582677165354 de
574.8661417322835 217.13385826771653 75.4015748031496 41.38582677165354 la
612.5669291338583 217.13385826771653 125.5748031496063 41.38582677165354 Vie
700.4409448818898 217.13385826771653 75.4015748031496 41.38582677165354 de
738.1417322834645 217.13385826771653 175.748031496063 41.38582677165354 Jésus.
863.4330708661417 217.13385826771653 37.7007874015748 41.38582677165354 —

111.96850393700787 245.1968503937008 157.60629921259843 39.68503937007874 L.
190.77165354330708 245.1968503937008 157.60629921259843 39.68503937007874 a.
269.5748031496063 245.1968503937008 183.96850393700788 39.68503937007874 s.,
374.74015748031496 245.1968503937008 183.96850393700788 39.68503937007874 3/4
479.90551181102364 245.1968503937008 157.60629921259843 39.68503937007874 de
558.7086614173228 245.1968503937008 157.60629921259843 39.68503937007874 p.
637.511811023622 245.1968503937008 236.40944881889763 39.68503937007874 in-8.
795.1181102362204 245.1968503937008 131.24409448818898 39.68503937007874 4
821.4803149606299 245.1968503937008 78.80314960629921 39.68503937007874 »

18.4251968503937 289.7007874015748 144.8503937007874 42.803149606299215 43582.
119.62204724409449 289.7007874015748 159.30708661417322 42.803149606299215 REYNAUD
235.55905511811022 289.7007874015748 159.30708661417322 42.803149606299215 (Jean),
351.21259842519686 289.7007874015748 202.6771653543307 42.803149606299215 philosophe
510.5196850393701 289.7007874015748 86.74015748031496 42.803149606299215 et
553.8897637795276 289.7007874015748 130.39370078740157 42.803149606299215 homme
640.9133858267717 289.7007874015748 202.6771653543307 42.803149606299215 politique,
785.4803149606299 289.7007874015748 115.93700787401575 42.803149606299215 auteur

126.99212598425197 316.62992125984255 69.16535433070867 42.51968503937008 de
161.5748031496063 316.62992125984255 138.33070866141733 42.51968503937008 Terre
265.3228346456693 316.62992125984255 69.16535433070867 42.51968503937008 et
299.90551181102364 316.62992125984255 149.66929133858267 42.51968503937008 Ciel.
414.99212598425197 316.62992125984255 57.54330708661417 42.51968503937008 —
438.23622047244095 316.62992125984255 69.16535433070867 42.51968503937008 L.
472.53543307086613 316.62992125984255 69.16535433070867 42.51968503937008 a.
507.11811023622045 316.62992125984255 80.50393700787401 42.51968503937008 s.;
553.3228346456693 316.62992125984255 138.33070866141733 42.51968503937008 Neuilly,
657.0708661417323 316.62992125984255 57.54330708661417 42.51968503937008 2
680.0314960629921 316.62992125984255 126.70866141732283 42.51968503937008 juillet
772.1574803149606 316.62992125984255 103.74803149606299 42.51968503937008 1862,
841.3228346456693 316.62992125984255 57.54330708661417 42.51968503937008 2
852.6614173228346 316.62992125984255 46.20472440944882 42.51968503937008 p.

53.85826771653543 344.40944881889766 759.6850393700787 34.58267716535433 in-8.
560.4094488188977 344.40944881889766 422.0787401574803 34.58267716535433 5
644.8818897637796 344.40944881889766 253.13385826771653 34.58267716535433 »

119.05511811023622 390.3307086614173 64.91338582677166 33.16535433070866 Il
151.37007874015748 390.3307086614173 130.11023622047244 33.16535433070866 conteste
249.16535433070865 390.3307086614173 64.91338582677166 33.16535433070866 la
281.4803149606299 390.3307086614173 140.88188976377953 33.16535433070866 théologie
390.0472440944882 390.3307086614173 64.91338582677166 33.16535433070866 et
422.3622047244094 390.3307086614173 64.91338582677166 33.16535433070866 la
454.96062992125985 390.3307086614173 140.88188976377953 33.16535433070866 politique
563.5275590551181 390.3307086614173 64.91338582677166 33.16535433070866 de
595.8425196850394 390.3307086614173 75.96850393700787 33.16535433070866 son
639.2125984251968 390.3307086614173 195.0236220472441 33.16535433070866 correspondant.
801.9212598425197 390.3307086614173 108.28346456692914 33.16535433070866 «Quant
866.8346456692914 390.3307086614173 32.59842519685039 33.16535433070866 à

98.64566929133858 409.8897637795276 202.96062992125985 34.01574803149607 Louis-Napoléon
267.87401574803147 409.8897637795276 67.74803149606299 34.01574803149607 en
301.6062992125984 409.8897637795276 180.28346456692913 34.01574803149607 particulier,
448.15748031496065 409.8897637795276 90.14173228346456 34.01574803149607 vous
504.56692913385825 409.8897637795276 123.8740157480315 34.01574803149607 appelez
594.7086614173228 409.8897637795276 101.48031496062993 34.01574803149607 droit
662.4566929133858 409.8897637795276 67.74803149606299 34.01574803149607 et
696.1889763779527 409.8897637795276 157.88976377952756 34.01574803149607 légitimité
820.3464566929134 409.8897637795276 67.74803149606299 34.01574803149607 ce
842.7401574803149 409.8897637795276 56.40944881889764 34.01574803149607 que

96.09448818897638 428.88188976377955 144.8503937007874 32.59842519685039 j’appelle
207.49606299212599 428.88188976377955 100.34645669291339 32.59842519685039 crime
274.3937007874016 428.88188976377955 66.89763779527559 32.59842519685039 et
307.84251968503935 428.88188976377955 189.63779527559055 32.59842519685039 scélératesse:
463.748031496063 428.88188976377955 89.29133858267717 32.59842519685039 vous
519.5905511811023 428.88188976377955 100.34645669291339 32.59842519685039 voyez
586.488188976378 428.88188976377955 122.74015748031496 32.59842519685039 combien
675.7795275590552 428.88188976377955 89.29133858267717 32.59842519685039 nous
731.3385826771654 428.88188976377955 111.4015748031496 32.59842519685039 sommes
809.2913385826772 428.88188976377955 89.29133858267717 32.59842519685039 loin
854.0787401574803 428.88188976377955 44.503937007874015 32.59842519685039 de

98.07874015748031 450.4251968503937 96.09448818897638 18.4251968503937 nous
145.98425196850394 450.4251968503937 144.0 18.4251968503937 entendre!»

15.307086614173228 488.12598425196853 135.7795275590551 39.968503937007874 43583.
110.55118110236221 488.12598425196853 176.5984251968504 39.968503937007874 RICHELIEU
246.33070866141733 488.12598425196853 217.41732283464566 39.968503937007874 (Armand-Jean
422.92913385826773 488.12598425196853 81.63779527559055 39.968503937007874 DU
463.748031496063 488.12598425196853 162.99212598425197 39.968503937007874 PLESSIS,
585.9212598425197 488.12598425196853 162.99212598425197 39.968503937007874 cardinal
708.3779527559055 488.12598425196853 108.85039370078741 39.968503937007874 de),
762.8031496062993 488.12598425196853 135.7795275590551 39.968503937007874 l’illus-

119.05511811023622 516.1889763779527 92.40944881889764 36.0 tre
172.06299212598427 516.1889763779527 145.13385826771653 36.0 premier
277.51181102362204 516.1889763779527 158.17322834645668 36.0 ministre
396.0 516.1889763779527 79.08661417322834 36.0 de
435.68503937007875 516.1889763779527 118.77165354330708 36.0 Louis
514.7716535433071 516.1889763779527 118.77165354330708 36.0 XIII.
593.8582677165355 516.1889763779527 66.04724409448819 36.0 —
620.2204724409448 516.1889763779527 79.08661417322834 36.0 L.
659.9055118110236 516.1889763779527 92.40944881889764 36.0 s.,
712.6299212598425 516.1889763779527 105.44881889763779 36.0 avec
778.3937007874016 516.1889763779527 79.08661417322834 36.0 la
804.7559055118111 516.1889763779527 92.40944881889764 36.0 sous-

118.77165354330708 542.2677165354331 161.00787401574803 38.267716535433074 cription
239.5275590551181 542.2677165354331 80.50393700787401 38.267716535433074 et
279.7795275590551 542.2677165354331 80.50393700787401 38.267716535433074 un
320.0314960629921 542.2677165354331 228.18897637795277 38.267716535433074 post-scriptum
507.9685039370079 542.2677165354331 80.50393700787401 38.267716535433074 de
548.2204724409448 542.2677165354331 67.18110236220473 38.267716535433074 9
575.1496062992126 542.2677165354331 147.68503937007873 38.267716535433074 petites
682.5826771653543 542.2677165354331 134.36220472440945 38.267716535433074 lignes
763.0866141732283 542.2677165354331 134.36220472440945 38.267716535433074 autogra-

118.77165354330708 568.6299212598425 100.06299212598425 37.98425196850393 phes
181.41732283464566 568.6299212598425 87.59055118110236 37.98425196850393 sur
231.30708661417322 568.6299212598425 175.1811023622047 37.98425196850393 l’adresse,
369.07086614173227 568.6299212598425 62.645669291338585 37.98425196850393 à
394.01574803149606 568.6299212598425 75.11811023622047 37.98425196850393 sa
431.7165354330709 568.6299212598425 112.53543307086615 37.98425196850393 mère;
506.8346456692913 568.6299212598425 75.11811023622047 37.98425196850393 18
544.2519685039371 568.6299212598425 150.23622047244095 37.98425196850393 décembre
657.0708661417323 568.6299212598425 112.53543307086615 37.98425196850393 1611,
732.1889763779527 568.6299212598425 62.645669291338585 37.98425196850393 1
757.1338582677165 568.6299212598425 75.11811023622047 37.98425196850393 p.
782.3622047244095 568.6299212598425 112.53543307086615 37.98425196850393 in

105.16535433070867 593.5748031496063 239.5275590551181 34.01574803149607 Taches
272.6929133858268 593.5748031496063 215.43307086614172 34.01574803149607 d’eau
416.40944881889766 593.5748031496063 143.71653543307087 34.01574803149607 et
488.12598425196853 593.5748031496063 335.33858267716533 34.01574803149607 déchirure.
751.4645669291339 593.5748031496063 167.5275590551181 34.01574803149607 150
823.4645669291339 593.5748031496063 71.71653543307086 34.01574803149607 »

111.68503937007874 640.9133858267717 126.4251968503937 23.811023622047244 PRÉCIEUX
206.36220472440945 640.9133858267717 147.4015748031496 23.811023622047244 AUTOGRAPHE
322.2992125984252 640.9133858267717 115.93700787401575 23.811023622047244 relatif
406.7716535433071 640.9133858267717 52.724409448818896 23.811023622047244 à
427.748031496063 640.9133858267717 73.7007874015748 23.811023622047244 des
469.98425196850394 640.9133858267717 126.4251968503937 23.811023622047244 affaires
564.6614173228346 640.9133858267717 63.21259842519685 23.811023622047244 de
585.6377952755905 640.9133858267717 105.44881889763779 23.811023622047244 famille.

12.188976377952756 680.5984251968504 122.45669291338582 38.83464566929134 43584.
97.79527559055119 680.5984251968504 122.45669291338582 38.83464566929134 ROBERT
183.68503937007873 680.5984251968504 171.49606299212599 38.83464566929134 (Léopold),
318.61417322834643 680.5984251968504 73.41732283464567 38.83464566929134 le
355.18110236220474 680.5984251968504 134.9291338582677 38.83464566929134 célèbre
453.25984251968504 680.5984251968504 147.11811023622047 38.83464566929134 peintre,
563.8110236220473 680.5984251968504 122.45669291338582 38.83464566929134 auteur
649.4173228346457 680.5984251968504 85.88976377952756 38.83464566929134 des
686.2677165354331 680.5984251968504 208.3464566929134 38.83464566929134 Moisson

116.78740157480316 708.6614173228346 197.00787401574803 35.71653543307087 neurs.
279.21259842519686 708.6614173228346 58.110236220472444 35.71653543307087 —
302.45669291338584 708.6614173228346 69.44881889763779 35.71653543307087 L.
337.03937007874015 708.6614173228346 69.44881889763779 35.71653543307087 a.
371.90551181102364 708.6614173228346 69.44881889763779 35.71653543307087 s.
406.7716535433071 708.6614173228346 58.110236220472444 35.71653543307087 à
430.01574803149606 708.6614173228346 115.93700787401575 35.71653543307087 Victor
511.0866141732283 708.6614173228346 139.1811023622047 35.71653543307087 Schnetz;
615.4015748031496 708.6614173228346 127.55905511811024 35.71653543307087 Venise,
708.0944881889764 708.6614173228346 58.110236220472444 35.71653543307087 9
731.3385826771654 708.6614173228346 127.55905511811024 35.71653543307087 octobre
812.6929133858267 708.6614173228346 81.07086614173228 35.71653543307087 1833,

115.93700787401575 734.4566929133858 58.960629921259844 38.267716535433074 4
139.748031496063 734.4566929133858 70.86614173228347 38.267716535433074 p.
175.1811023622047 734.4566929133858 106.2992125984252 38.267716535433074 in-4.
245.76377952755905 734.4566929133858 117.92125984251969 38.267716535433074 Légère
328.53543307086613 734.4566929133858 153.35433070866142 38.267716535433074 déchirure
446.45669291338584 734.4566929133858 82.48818897637796 38.267716535433074 par
493.79527559055117 734.4566929133858 70.86614173228347 38.267716535433074 la
528.9448818897638 734.4566929133858 129.82677165354332 38.267716535433074 rupture
623.3385826771654 734.4566929133858 70.86614173228347 38.267716535433074 du
658.7716535433071 734.4566929133858 129.82677165354332 38.267716535433074 cachet.
741.5433070866142 734.4566929133858 153.35433070866142 38.267716535433074 Très

83.05511811023622 762.8031496062993 720.2834645669292 31.181102362204726 rare.
668.4094488188977 762.8031496062993 270.1417322834646 31.181102362204726 80
758.5511811023622 762.8031496062993 134.9291338582677 31.181102362204726 »

109.98425196850394 807.3070866141733 90.99212598425197 32.031496062992126 TRÈS
166.6771653543307 807.3070866141733 170.36220472440945 32.031496062992126 REMARQUABLE
303.0236220472441 807.3070866141733 113.66929133858268 32.031496062992126 LETTRE
382.6771653543307 807.3070866141733 68.31496062992126 32.031496062992126 où
416.6929133858268 807.3070866141733 68.31496062992126 32.031496062992126 il
450.99212598425197 807.3070866141733 79.65354330708661 32.031496062992126 dit
496.34645669291336 807.3070866141733 79.65354330708661 32.031496062992126 que
541.7007874015748 807.3070866141733 79.65354330708661 32.031496062992126 son
587.3385826771654 807.3070866141733 90.99212598425197 32.031496062992126 long
644.0314960629921 807.3070866141733 125.00787401574803 32.031496062992126 silence
735.0236220472441 807.3070866141733 90.99212598425197 32.031496062992126 doit
791.7165354330708 807.3070866141733 79.65354330708661 32.031496062992126 lui
825.7322834645669 807.3070866141733 68.31496062992126 32.031496062992126 être

90.14173228346456 826.5826771653543 117.92125984251969 33.44881889763779 pardonné
178.58267716535434 826.5826771653543 88.44094488188976 33.44881889763779 parce
237.54330708661416 826.5826771653543 88.44094488188976 33.44881889763779 qu’il
296.503937007874 826.5826771653543 49.039370078740156 33.44881889763779 a
316.06299212598424 826.5826771653543 68.5984251968504 33.44881889763779 été
355.18110236220474 826.5826771653543 98.07874015748031 33.44881889763779 malade
424.06299212598424 826.5826771653543 147.11811023622047 33.44881889763779 moralement.
541.7007874015748 826.5826771653543 58.960629921259844 33.44881889763779 Il
571.1811023622047 826.5826771653543 88.44094488188976 33.44881889763779 parle
630.1417322834645 826.5826771653543 58.960629921259844 33.44881889763779 de
659.6220472440945 826.5826771653543 68.5984251968504 33.44881889763779 son
698.7401574803149 826.5826771653543 108.0 33.44881889763779 tableau
767.6220472440945 826.5826771653543 127.55905511811024 33.44881889763779 (les

90.4251968503937 842.7401574803149 141.73228346456693 39.40157480314961 Pêcheurs
203.81102362204723 842.7401574803149 56.69291338582677 39.40157480314961 de
232.15748031496062 842.7401574803149 208.06299212598427 39.40157480314961 l'Adriatique?)
411.87401574803147 842.7401574803149 56.69291338582677 39.40157480314961 et
440.2204724409449 842.7401574803149 56.69291338582677 39.40157480314961 se
468.56692913385825 842.7401574803149 94.67716535433071 39.40157480314961 plaint
534.6141732283464 842.7401574803149 85.03937007874016 39.40157480314961 qu’il
591.5905511811023 842.7401574803149 66.33070866141732 39.40157480314961 n’a
629.2913385826772 842.7401574803149 66.33070866141732 39.40157480314961 pas
666.992125984252 842.7401574803149 66.33070866141732 39.40157480314961 été
704.9763779527559 842.7401574803149 75.68503937007874 39.40157480314961 jugé
742.6771653543307 842.7401574803149 151.37007874015748 39.40157480314961 favorablement.

89.29133858267717 862.8661417322835 62.92913385826772 37.7007874015748 Il
120.75590551181102 862.8661417322835 94.11023622047244 37.7007874015748 n’ose
183.4015748031496 862.8661417322835 73.13385826771653 37.7007874015748 pas
225.35433070866142 862.8661417322835 104.5984251968504 37.7007874015748 donner
298.7716535433071 862.8661417322835 73.13385826771653 37.7007874015748 son
340.4409448818898 862.8661417322835 83.62204724409449 37.7007874015748 avis
392.88188976377955 862.8661417322835 146.5511811023622 37.7007874015748 là-dessus,
507.9685039370079 862.8661417322835 94.11023622047244 37.7007874015748 avant
570.6141732283464 862.8661417322835 104.5984251968504 37.7007874015748 d’être
644.0314960629921 862.8661417322835 83.62204724409449 37.7007874015748 fixé
696.4724409448819 862.8661417322835 188.50393700787401 37.7007874015748 définitivement
842.7401574803149 862.8661417322835 52.44094488188976 37.7007874015748 sur

88.15748031496064 886.1102362204724 79.65354330708661 33.44881889763779 son
133.51181102362204 886.1102362204724 125.00787401574803 33.44881889763779 mérite.
224.50393700787401 886.1102362204724 113.66929133858268 33.44881889763779 «C’est
304.15748031496065 886.1102362204724 136.3464566929134 33.44881889763779 toujours
406.20472440944883 886.1102362204724 90.99212598425197 33.44881889763779 pour
463.18110236220474 886.1102362204724 79.65354330708661 33.44881889763779 moi
508.53543307086613 886.1102362204724 79.65354330708661 33.44881889763779 une
553.8897637795276 886.1102362204724 181.70078740157481 33.44881889763779 satisfaction
701.8582677165355 886.1102362204724 113.66929133858268 33.44881889763779 d’être
781.2283464566929 886.1102362204724 113.66929133858268 33.44881889763779 arrivé
849.5433070866142 886.1102362204724 45.354330708661415 33.44881889763779 au

89.00787401574803 905.9527559055118 94.39370078740157 34.2992125984252 terme
151.93700787401573 905.9527559055118 198.99212598425197 34.2992125984252 presque,
319.46456692913387 905.9527559055118 83.90551181102362 34.2992125984252 d’un
371.90551181102364 905.9527559055118 115.08661417322834 34.2992125984252 ouvrage
455.5275590551181 905.9527559055118 73.41732283464567 34.2992125984252 qui
497.4803149606299 905.9527559055118 73.41732283464567 34.2992125984252 m’a
539.4330708661417 905.9527559055118 83.90551181102362 34.2992125984252 tant
591.8740157480315 905.9527559055118 115.08661417322834 34.2992125984252 occupé.
675.496062992126 905.9527559055118 62.92913385826772 34.2992125984252 Je
706.9606299212599 905.9527559055118 73.41732283464567 34.2992125984252 n’y
748.9133858267717 905.9527559055118 104.5984251968504 34.2992125984252 touche
822.0472440944882 905.9527559055118 83.90551181102362 34.2992125984252 plus
864.0 905.9527559055118 31.46456692913386 34.2992125984252 à

87.59055118110236 926.0787401574803 136.3464566929134 36.28346456692913 présent,
189.92125984251967 926.0787401574803 68.31496062992126 36.28346456692913 je
223.93700787401573 926.0787401574803 90.99212598425197 36.28346456692913 veux
280.9133858267717 926.0787401574803 68.31496062992126 36.28346456692913 me
314.92913385826773 926.0787401574803 125.00787401574803 36.28346456692913 reposer
405.9212598425197 926.0787401574803 68.31496062992126 36.28346456692913 et
439.93700787401576 926.0787401574803 170.64566929133858 36.28346456692913 l’oublier.»
576.5669291338583 926.0787401574803 68.31496062992126 36.28346456692913 Il
610.5826771653543 926.0787401574803 147.68503937007873 36.28346456692913 reconsole
724.2519685039371 926.0787401574803 125.00787401574803 36.28346456692913 Schnetz
815.2440944881889 926.0787401574803 68.31496062992126 36.28346456692913 de
837.9212598425197 926.0787401574803 56.976377952755904 36.28346456692913 son

87.30708661417323 945.6377952755905 99.49606299212599 34.01574803149607 échec
153.63779527559055 945.6377952755905 55.275590551181104 34.01574803149607 à
175.748031496063 945.6377952755905 154.77165354330708 34.01574803149607 l’Institut
297.3543307086614 945.6377952755905 66.33070866141732 34.01574803149607 et
330.5196850393701 945.6377952755905 99.49606299212599 34.01574803149607 parle
396.8503937007874 945.6377952755905 77.38582677165354 34.01574803149607 des
441.07086614173227 945.6377952755905 132.66141732283464 34.01574803149607 peintres
540.5669291338583 945.6377952755905 99.49606299212599 34.01574803149607 Hesse
606.8976377952756 945.6377952755905 66.33070866141732 34.01574803149607 et
640.0629921259842 945.6377952755905 99.49606299212599 34.01574803149607 Odier
706.3937007874016 945.6377952755905 77.38582677165354 34.01574803149607 qui
750.6141732283464 945.6377952755905 121.60629921259843 34.01574803149607 étaient
839.0551181102362 945.6377952755905 55.275590551181104 34.01574803149607 à
850.1102362204724 945.6377952755905 44.22047244094488 34.01574803149607 ce

86.74015748031496 966.8976377952756 118.77165354330708 20.69291338582677 moment
169.79527559055117 966.8976377952756 59.24409448818898 20.69291338582677 à
181.70078740157481 966.8976377952756 106.86614173228347 20.69291338582677 Venise.

4.818897637795276 1007.7165354330708 141.4488188976378 41.95275590551181 43585.
104.03149606299213 1007.7165354330708 212.31496062992127 41.95275590551181 ROCHEGROSSE
273.8267716535433 1007.7165354330708 198.14173228346456 41.95275590551181 (Georges),
429.4488188976378 1007.7165354330708 155.6220472440945 41.95275590551181 célèbre
542.8346456692914 1007.7165354330708 155.6220472440945 41.95275590551181 peintre
655.9370078740158 1007.7165354330708 240.66141732283464 41.95275590551181 contemporain.
839.9055118110236 1007.7165354330708 42.51968503937008 41.95275590551181 —

108.0 1036.9133858267717 100.06299212598425 39.968503937007874 L.
158.17322834645668 1036.9133858267717 100.06299212598425 39.968503937007874 a.
208.3464566929134 1036.9133858267717 116.78740157480316 39.968503937007874 s.;
274.96062992125985 1036.9133858267717 217.13385826771653 39.968503937007874 Barbizon,
441.9212598425197 1036.9133858267717 100.06299212598425 39.968503937007874 12
492.09448818897636 1036.9133858267717 200.40944881889763 39.968503937007874 juillet,
642.3307086614174 1036.9133858267717 83.62204724409449 39.968503937007874 4
675.7795275590552 1036.9133858267717 100.06299212598425 39.968503937007874 p.
725.9527559055118 1036.9133858267717 150.23622047244095 39.968503937007874 in-8.
826.0157480314961 1036.9133858267717 83.62204724409449 39.968503937007874 4
842.7401574803149 1036.9133858267717 50.173228346456696 39.968503937007874 »

4.818897637795276 1080.8503937007874 128.9763779527559 42.23622047244095 43586.
94.96062992125984 1080.8503937007874 115.93700787401575 42.23622047244095 ROGER
172.3464566929134 1080.8503937007874 180.56692913385828 42.23622047244095 (Gustave),
314.0787401574803 1080.8503937007874 77.38582677165354 42.23622047244095 le
352.62992125984255 1080.8503937007874 141.73228346456693 42.23622047244095 célèbre
455.81102362204723 1080.8503937007874 167.5275590551181 42.23622047244095 chanteur.
584.7874015748032 1080.8503937007874 64.34645669291339 42.23622047244095 —
610.5826771653543 1080.8503937007874 77.38582677165354 42.23622047244095 L.
649.1338582677165 1080.8503937007874 77.38582677165354 42.23622047244095 a.
687.6850393700787 1080.8503937007874 77.38582677165354 42.23622047244095 s.
726.5196850393701 1080.8503937007874 77.38582677165354 42.23622047244095 au
752.3149606299213 1080.8503937007874 141.73228346456693 42.23622047244095 directeur

112.53543307086615 1110.0472440944882 68.88188976377953 40.53543307086614 de
146.83464566929135 1110.0472440944882 297.9212598425197 40.53543307086614 l'Illustration;
410.1732283464567 1110.0472440944882 148.8188976377953 40.53543307086614 Hambourg,
524.9763779527559 1110.0472440944882 57.25984251968504 40.53543307086614 8
547.6535433070866 1110.0472440944882 137.48031496062993 40.53543307086614 décembre
650.8346456692914 1110.0472440944882 103.18110236220473 40.53543307086614 1854,
719.7165354330708 1110.0472440944882 57.25984251968504 40.53543307086614 1
742.6771653543307 1110.0472440944882 68.88188976377953 40.53543307086614 p.
776.9763779527559 1110.0472440944882 80.22047244094489 40.53543307086614 1/2
811.2755905511812 1110.0472440944882 80.22047244094489 40.53543307086614 in

824.5984251968504 1149.732283464567 83.62204724409449 20.69291338582677 8
841.3228346456693 1149.732283464567 50.173228346456696 20.69291338582677 »

105.44881889763779 1182.3307086614172 98.36220472440945 36.0 Jolie
171.21259842519686 1182.3307086614172 109.13385826771653 36.0 lettre
247.46456692913387 1182.3307086614172 65.48031496062993 36.0 où
280.34645669291336 1182.3307086614172 65.48031496062993 36.0 il
313.2283464566929 1182.3307086614172 120.18897637795276 36.0 déclare
400.53543307086613 1182.3307086614172 130.96062992125985 36.0 réserver
498.8976377952756 1182.3307086614172 65.48031496062993 36.0 le
531.496062992126 1182.3307086614172 120.18897637795276 36.0 produit
619.0866141732283 1182.3307086614172 98.36220472440945 36.0 d’une
684.5669291338583 1182.3307086614172 65.48031496062993 36.0 de
717.1653543307086 1182.3307086614172 76.53543307086615 36.0 ses
750.0472440944882 1182.3307086614172 142.01574803149606 36.0 représenta-

87.02362204724409 1201.3228346456692 92.97637795275591 37.98425196850393 tions
148.8188976377953 1201.3228346456692 51.59055118110236 37.98425196850393 à
169.51181102362204 1201.3228346456692 123.8740157480315 37.98425196850393 Hambourg
262.48818897637796 1201.3228346456692 82.48818897637796 37.98425196850393 pour
314.0787401574803 1201.3228346456692 61.79527559055118 37.98425196850393 le
344.9763779527559 1201.3228346456692 123.8740157480315 37.98425196850393 tabac
437.9527559055118 1201.3228346456692 61.79527559055118 37.98425196850393 de
468.8503937007874 1201.3228346456692 113.66929133858268 37.98425196850393 l'armée
551.3385826771654 1201.3228346456692 175.46456692913387 37.98425196850393 d’Orient.
695.9055118110236 1201.3228346456692 72.28346456692914 37.98425196850393 «Le
737.2913385826772 1201.3228346456692 82.48818897637796 37.98425196850393 son,
788.8818897637796 1201.3228346456692 61.79527559055118 37.98425196850393 la
809.5748031496063 1201.3228346456692 82.48818897637796 37.98425196850393 fumée,

85.88976377952756 1221.1653543307086 132.66141732283464 37.41732283464567 n’est-ce
185.38582677165354 1221.1653543307086 77.38582677165354 37.41732283464567 pas
229.60629921259843 1221.1653543307086 66.33070866141732 37.41732283464567 de
262.48818897637796 1221.1653543307086 66.33070866141732 37.41732283464567 la
295.65354330708664 1221.1653543307086 88.44094488188976 37.41732283464567 même
350.92913385826773 1221.1653543307086 132.66141732283464 37.41732283464567 famille?
450.4251968503937 1221.1653543307086 88.44094488188976 37.41732283464567 Tous
505.4173228346457 1221.1653543307086 88.44094488188976 37.41732283464567 deux
560.6929133858267 1221.1653543307086 110.55118110236221 37.41732283464567 vivent
638.0787401574803 1221.1653543307086 110.55118110236221 37.41732283464567 d’air,
715.4645669291339 1221.1653543307086 77.38582677165354 37.41732283464567 ils
759.6850393700787 1221.1653543307086 132.66141732283464 37.41732283464567 enivrent
847.8425196850394 1221.1653543307086 44.22047244094488 37.41732283464567 de

86.45669291338582 1242.4251968503936 83.62204724409449 35.1496062992126 même
138.89763779527559 1242.4251968503936 62.645669291338585 35.1496062992126 et
170.07874015748033 1242.4251968503936 115.08661417322834 35.1496062992126 passent
253.70078740157481 1242.4251968503936 94.11023622047244 35.1496062992126 aussi
316.34645669291336 1242.4251968503936 94.11023622047244 35.1496062992126 vite;
379.2755905511811 1242.4251968503936 62.645669291338585 35.1496062992126 en
410.45669291338584 1242.4251968503936 73.13385826771653 35.1496062992126 bon
452.40944881889766 1242.4251968503936 94.11023622047244 35.1496062992126 frère
515.0551181102362 1242.4251968503936 83.62204724409449 35.1496062992126 l’un
567.2125984251968 1242.4251968503936 62.645669291338585 35.1496062992126 se
598.6771653543307 1242.4251968503936 83.62204724409449 35.1496062992126 doit
650.8346456692914 1242.4251968503936 52.15748031496063 35.1496062992126 à
661.3228346456693 1242.4251968503936 115.08661417322834 35.1496062992126 l’autre.»

5.3858267716535435 1281.259842519685 125.00787401574803 45.92125984251968 43587.
92.69291338582677 1281.259842519685 137.48031496062993 45.92125984251968 ROLLAND
192.75590551181102 1281.259842519685 162.4251968503937 45.92125984251968 (Amédée),
317.4803149606299 1281.259842519685 112.53543307086615 45.92125984251968 poète
392.59842519685037 1281.259842519685 74.83464566929133 45.92125984251968 et
430.01574803149606 1281.259842519685 125.00787401574803 45.92125984251968 auteur
517.3228346456693 1281.259842519685 187.37007874015748 45.92125984251968 dramatique.
667.2755905511812 1281.259842519685 62.36220472440945 45.92125984251968 —
679.7480314960629 1281.259842519685 212.31496062992127 45.92125984251968 Rosette,

109.41732283464567 1309.3228346456692 169.51181102362204 45.07086614173228 bavardage
239.81102362204723 1309.3228346456692 78.23622047244095 45.07086614173228 en
278.92913385826773 1309.3228346456692 117.35433070866142 45.07086614173228 trois
357.1653543307087 1309.3228346456692 130.39370078740157 45.07086614173228 actes,
448.4409448818898 1309.3228346456692 130.39370078740157 45.07086614173228 poésie
539.7165354330708 1309.3228346456692 182.5511811023622 45.07086614173228 autographe
683.1496062992126 1309.3228346456692 130.39370078740157 45.07086614173228 signée
774.4251968503937 1309.3228346456692 78.23622047244095 45.07086614173228 en
800.503937007874 1309.3228346456692 91.2755905511811 45.07086614173228 tête,

82.48818897637796 1336.8188976377953 242.64566929133858 43.653543307086615 10
203.81102362204723 1336.8188976377953 242.64566929133858 43.653543307086615 p.
325.13385826771656 1336.8188976377953 525.8267716535433 43.653543307086615 in-folio.
729.6377952755905 1336.8188976377953 202.11023622047244 43.653543307086615 5
770.1732283464567 1336.8188976377953 121.32283464566929 43.653543307086615 »

1.7007874015748032 1379.6220472440946 153.35433070866142 49.039370078740156 43588.
109.13385826771653 1379.6220472440946 214.86614173228347 49.039370078740156 ROQUELAURE
277.79527559055117 1379.6220472440946 521.5748031496063 49.039370078740156 (Antoine-Gaston-Jean-Baptiste,
753.4488188976378 1379.6220472440946 107.43307086614173 49.039370078740156 duc
799.3700787401575 1379.6220472440946 92.1259842519685 49.039370078740156 de),

108.56692913385827 1409.1023622047244 170.9291338582677 44.78740157480315 maréchal
236.69291338582678 1409.1023622047244 85.60629921259843 44.78740157480315 de
279.496062992126 1409.1023622047244 156.75590551181102 44.78740157480315 France,
393.4488188976378 1409.1023622047244 142.58267716535434 44.78740157480315 fameux
493.2283464566929 1409.1023622047244 99.77952755905511 44.78740157480315 par
550.2047244094488 1409.1023622047244 99.77952755905511 44.78740157480315 ses
607.1811023622047 1409.1023622047244 113.95275590551181 44.78740157480315 bons
678.3307086614174 1409.1023622047244 128.1259842519685 44.78740157480315 mots.
763.9370078740158 1409.1023622047244 71.14960629921259 44.78740157480315 —
792.2834645669292 1409.1023622047244 85.60629921259843 44.78740157480315 P.
820.9133858267717 1409.1023622047244 71.14960629921259 44.78740157480315 s.;

108.85039370078741 1436.0314960629921 216.0 48.75590551181102 Montpellier,
284.31496062992125 1436.0314960629921 81.07086614173228 48.75590551181102 26
324.8503937007874 1436.0314960629921 161.85826771653544 48.75590551181102 novembre
446.45669291338584 1436.0314960629921 121.60629921259843 48.75590551181102 1706,
527.2440944881889 1436.0314960629921 67.46456692913385 48.75590551181102 1
554.4566929133858 1436.0314960629921 81.07086614173228 48.75590551181102 p.
594.7086614173228 1436.0314960629921 175.46456692913387 48.75590551181102 in-folio,
729.9212598425197 1436.0314960629921 134.9291338582677 48.75590551181102 cachet
810.7086614173228 1436.0314960629921 81.07086614173228 48.75590551181102 bien

62.36220472440945 1461.5433070866143 769.8897637795276 41.95275590551181 conservé.
654.5196850393701 1461.5433070866143 296.2204724409449 41.95275590551181 8
713.7637795275591 1461.5433070866143 177.73228346456693 41.95275590551181 »
