3240 5296
1384 120 338 81 —
1520 120 406 81 21
1655 120 203 81 —

85 289 568 140 43620.
483 289 625 140 COMMUNE
937 289 341 140 DE
1107 289 511 140 1871.
1448 289 284 140 —
1562 289 341 140 P.
1732 289 341 140 s.
1903 289 398 140 par
2130 289 568 140 PINDY,
2527 289 341 140 A.
2641 289 511 140 THEISZ,

453 388 378 134 LÉO
669 388 648 134 FRANKEL;
1155 388 540 134 Paris,
1533 388 324 134 26
1695 388 486 134 avril
2019 388 486 134 1871,
2343 388 270 134 1
2451 388 324 134 p.
2613 388 486 134 in-4.
2937 388 270 134 8
2991 388 162 134 »

445 561 246 109 Ils
585 561 562 109 recommandent
1042 561 211 109 le
1147 561 421 109 <i>«père
1463 561 562 109 Prévost»</i>
1920 561 246 109 qui
2060 561 316 109 s’est
2271 561 351 109 montré
2517 561 351 109 dévoué
2763 561 351 109 envers
2973 561 176 109 les

377 631 429 107 citoyens
699 631 250 107 qui
842 631 607 107 fréquentaient
1342 631 214 107 la
1449 631 393 107 chambre
1735 631 429 107 fédérale
2056 631 214 107 et
2127 631 679 107 l’Internationale.

90 802 517 142 43621.
452 802 569 142 COMMUNE
866 802 310 142 DE
1021 802 466 142 PARIS
1332 802 310 142 DE
1487 802 466 142 1871.
1797 802 259 142 —
1901 802 310 142 P.
2056 802 310 142 s.
2211 802 310 142 du
2366 802 569 142 général
2728 802 414 142 Eudes;

441 900 515 128 (mai
763 900 708 128 1871?),
1278 900 322 128 1
1406 900 386 128 p.
1600 900 451 128 1/2
1857 900 580 128 in-8,
2244 900 773 128 cachets.
2823 900 386 128 15
2952 900 193 128 »

443 1061 470 110 DOCUMENT
795 1061 587 110 HISTORIQUE.
1265 1061 235 110 Il
1383 1061 352 110 donne
1618 1061 313 110 avis
1814 1061 392 110 qu’une
2088 1061 431 110 attaque
2401 1061 235 110 de
2518 1061 431 110 l’armée
2832 1061 235 110 de
2910 1061 235 110 Ver-

379 1128 416 111 sailles
682 1128 303 111 doit
871 1128 227 111 se
985 1128 454 111 produire
1325 1128 227 111 du
1439 1128 303 111 côté
1628 1128 227 111 de
1742 1128 454 111 Neuilly,
2082 1128 341 111 qu’on
2309 1128 265 111 bat
2461 1128 227 111 le
2574 1128 378 111 rappel
2839 1128 303 111 dans
2991 1128 151 111 le

376 1199 323 105 XVIIe
591 1199 646 105 arrondissement
1130 1199 215 105 et
1238 1199 251 105 que
1381 1199 359 105 Tirard
1632 1199 251 105 est
1776 1199 179 105 à
1848 1199 215 105 la
1955 1199 287 105 tête
2135 1199 215 105 de
2243 1199 215 105 10
2350 1199 503 105 bataillons
2709 1199 431 105 rassemblés

374 1267 187 108 à
448 1267 224 108 la
561 1267 374 108 Bourse
822 1267 224 108 et
935 1267 337 108 place
1159 1267 262 108 des
1309 1267 636 108 Petits-Pères.
1832 1267 524 108 «Veillons,
2243 1267 299 108 mais
2430 1267 224 108 ne
2543 1267 486 108 fatiguons
2879 1267 262 108 point

370 1336 281 111 nos
530 1336 562 111 bataillons
972 1336 281 111 par
1132 1336 241 111 de
1252 1336 441 111 fausses
1573 1336 522 111 paniques.
1975 1336 241 111 En
2095 1336 281 111 cas
2255 1336 241 111 de
2376 1336 441 111 danger,
2657 1336 481 111 faites

376 1405 425 86 avertir,
694 1405 212 86 je
800 1405 283 86 suis
977 1405 177 86 à
1048 1405 248 86 vos
1154 1405 354 86 ordres.»

87 1565 508 131 43622.
443 1565 457 131 COTES
747 1565 305 131 DU
900 1565 406 131 NORD
1154 1565 812 131 (département
1814 1565 457 131 des).
2118 1565 254 131 —
2220 1565 305 131 P.
2372 1565 305 131 a.
2525 1565 305 131 s.
2677 1565 305 131 de
2779 1565 355 131 DELA-

450 1662 487 126 PORTE,
791 1662 487 126 signée
1133 1662 439 126 aussi
1425 1662 341 126 par
1620 1662 634 126 GAULTIER,
2107 1662 536 126 FLEURY,
2497 1662 487 126 PIERRE
2790 1662 341 126 GUYO-

444 1752 413 126 MAR,
702 1752 567 126 députés
1115 1752 361 126 des
1321 1752 877 126 Côtes-du-Nord
2043 1752 309 126 au
2198 1752 567 126 Conseil
2610 1752 361 126 des
2765 1752 361 126 Cinq-

444 1842 547 126 Cents;
827 1842 547 126 Paris,
1210 1842 273 126 3
1319 1842 601 126 ventôse
1756 1842 328 126 an
1920 1842 328 126 V,
2084 1842 273 126 7
2194 1842 328 126 p.
2358 1842 711 126 in-folio.
2904 1842 273 126 5
2959 1842 164 126 »

431 2001 523 115 Apostille
833 2001 241 115 en
954 2001 362 115 marge
1195 2001 362 115 d’une
1437 2001 443 115 demande
1759 2001 241 115 du
1879 2001 443 115 citoyen
2201 2001 402 115 Bonté,
2483 2001 402 115 maître
2765 2001 241 115 de
2845 2001 282 115 poste

369 2077 183 108 à
443 2077 477 108 Guingamp.
810 2077 330 108 Cette
1030 2077 330 108 pièce
1250 2077 330 108 donne
1470 2077 660 108 d’intéressants
2020 2077 404 108 détails
2314 2077 257 108 sur
2461 2077 367 108 l’état
2717 2077 257 108 des
2827 2077 294 108 postes

368 2145 296 104 dans
553 2145 222 104 le
664 2145 555 104 département
1108 2145 259 104 des
1256 2145 666 104 Côtes-du-Nord,
1811 2145 444 104 l’époque
2144 2145 222 104 de
2255 2145 222 104 la
2329 2145 481 104 Révolution.

75 2283 574 146 43623.
476 2283 746 146 EXÉCUTION
1050 2283 402 146 DES
1280 2283 574 146 QUATRE
1681 2283 689 146 SERGENTS
2198 2283 344 146 DE
2370 2283 344 146 LA
2485 2283 631 146 ROCHELLE.

449 2400 230 126 —
541 2400 276 126 P.
679 2400 276 126 s.
817 2400 322 126 par
1001 2400 552 126 QUEQUET;
1416 2400 460 126 Paris,
1738 2400 276 126 20
1876 2400 598 126 septembre
2336 2400 414 126 1822,
2613 2400 230 126 1
2705 2400 276 126 p.
2797 2400 322 126 in

416 2488 1013 130 vignette
1176 2488 507 130 et
1429 2488 760 130 texte
1936 2488 1013 130 imprimé.
2696 2488 507 130 30
2865 2488 253 130 »

429 2657 429 109 CURIEUX
741 2657 507 109 DOCUMENT.
1132 2657 351 109 Ordre
1366 2657 234 109 au
1483 2657 585 109 charpentier
1951 2657 273 109 des
2107 2657 429 109 travaux
2419 2657 234 109 du
2537 2657 585 109 département
2966 2657 156 109 de

360 2724 218 110 la
469 2724 327 110 Seine
687 2724 218 110 de
796 2724 400 110 dresser
1086 2724 291 110 pour
1268 2724 218 110 le
1377 2724 254 110 21,
1522 2724 182 110 à
1595 2724 363 110 quatre
1849 2724 363 110 heures
2104 2724 218 110 de
2213 2724 618 110 l’après-midi,
2685 2724 436 110 l’échafaud

358 2789 502 113 nécessaire
753 2789 287 113 pour
932 2789 359 113 mettre
1183 2789 179 113 à
1255 2789 466 113 exécution
1614 2789 395 113 l’arrêt
1900 2789 215 113 de
2008 2789 215 113 la
2116 2789 287 113 Cour
2295 2789 466 113 d’assises
2654 2789 215 113 de
2761 2789 359 113 Paris,
2977 2789 143 113 en

357 2860 302 111 date
546 2860 227 111 du
660 2860 189 111 6
735 2860 529 111 septembre,
1151 2860 265 111 qui
1302 2860 454 111 condamne
1642 2860 378 111 quatre
1907 2860 491 111 individus
2285 2860 189 111 à
2360 2860 227 111 la
2474 2860 340 111 peine
2700 2860 227 111 de
2814 2860 340 111 mort.
3003 2860 113 111 —

356 2927 268 113 Une
509 2927 306 113 note
700 2927 651 113 contemporaine
1236 2927 421 113 indique
1542 2927 345 113 qu’il
1772 2927 383 113 s’agit
2040 2927 230 113 de
2155 2927 574 113 l’exécution
2614 2927 268 113 des
2729 2927 383 113 sergents

358 2998 427 86 Bories,
669 2998 427 86 Goubin,
979 2998 427 86 Pommier
1289 2998 233 86 et
1367 2998 310 86 Raoux.

78 3159 496 138 43624.
426 3159 546 138 FAMILLE
823 3159 596 138 COLBERT.
1270 3159 248 138 —
1369 3159 447 138 Pièce
1667 3159 596 138 notariée
2113 3159 496 138 signée
2461 3159 347 138 par
2610 3159 496 138 JACQUES-

432 3258 544 134 NICOLAS
827 3258 594 134 COLBERT,
1273 3258 693 134 coadjuteur
1817 3258 297 134 de
1965 3258 792 134 l’archevêque
2608 3258 297 134 de
2707 3258 396 134 Rouen;

433 3350 859 133 ANTOINE-MARTIN
1149 3350 573 133 COLBERT,
1579 3350 477 133 bailly
1913 3350 286 133 de
2056 3350 525 133 l’ordre
2438 3350 286 133 de
2533 3350 573 133 Saint

431 3442 297 125 de
579 3442 692 125 Jérusalem,
1123 3442 890 125 CHARLES-HONORÉ
1864 3442 643 125 D'ALBERT,
2358 3442 346 125 DUC
2556 3442 297 125 DE
2655 3442 445 125 LUYNES,

429 3530 382 127 PAUL
668 3530 286 127 DE
811 3530 812 127 BEAUVILLIERS,
1480 3530 334 127 DUC
1671 3530 286 127 DE
1814 3530 812 127 SAINT-AIGNAN,
2435 3530 668 127 beaux

424 3622 239 124 à
520 3622 430 124 cause
806 3622 286 124 de
949 3622 764 124 JEANNE-MARIE
1570 3622 286 124 et
1713 3622 286 124 de
1857 3622 955 124 HENRIETTE-LOUISE
2621 3622 477 124 COLBERT,

424 3712 463 136 leurs
732 3712 618 136 épouses,
1196 3712 566 136 CHARLES
1608 3712 618 136 COLBERT,
2071 3712 566 136 MARQUIS
2483 3712 309 136 DE
2586 3712 515 136 CROISSY,

423 3804 1011 131 EDOUARD-FRANÇOIS
1283 3804 606 131 COLBERT,
1737 3804 455 131 COMTE
2041 3804 303 131 DE
2192 3804 758 131 MAULEVRIER,
2748 3804 354 131 HENRI

428 3890 563 136 PUSSORT,
850 3890 610 136 directeur
1320 3890 329 136 des
1507 3890 610 136 finances,
1977 3890 704 136 grand-oncle
2540 3890 563 136 paternel
2915 3890 188 136 et

422 3980 794 138 JEAN-JACQUES
1067 3980 595 138 CHARRON,
1514 3980 546 138 marquis
1911 3980 298 138 de
2060 3980 546 138 Ménars,
2457 3980 447 138 oncle
2705 3980 397 138 mater-

426 4070 340 138 nel
621 4070 291 138 de
766 4070 923 138 CHARLES-EDOUARD
1543 4070 583 138 COLBERT,
1980 4070 583 138 émancipé
2417 4070 486 138 d’âge;
2709 4070 388 138 Paris,

401 4166 437 136 31
620 4166 802 136 juillet
1203 4166 656 136 1688,
1640 4166 364 136 4
1786 4166 437 136 p.
2005 4166 948 136 in-folio.
2734 4166 437 136 20
2879 4166 219 136 »

408 4332 568 119 Procuration
863 4332 303 119 pour
1052 4332 227 119 un
1166 4332 417 119 échange
1469 4332 227 119 de
1583 4332 341 119 biens
1810 4332 341 119 entre
2037 4332 265 119 les
2189 4332 303 119 fils
2378 4332 227 119 de
2492 4332 417 119 Colbert
2795 4332 227 119 de
2871 4332 227 119 Sei

309 4402 315 71 gnelay.

64 4569 453 153 43625.
381 4569 408 153 METZ.
653 4569 227 153 —
743 4569 272 153 L.
879 4569 317 153 s.,
1060 4569 362 153 avec
1287 4569 272 153 la
1423 4569 725 153 souscription
2012 4569 408 153 aut.,
2284 4569 272 153 de
2419 4569 408 153 J.-L.
2691 4569 272 153 de
2782 4569 317 153 LAVA-

416 4676 478 131 LETTE,
751 4676 335 131 DUC
942 4676 669 131 D'EPERNON,
1468 4676 335 131 aux
1659 4676 430 131 maire
1946 4676 287 131 et
2090 4676 574 131 échevins
2520 4676 287 131 de
2664 4676 287 131 la
2759 4676 335 131 ville

414 4766 267 145 de
548 4766 401 145 Metz;
815 4766 802 145 Fontainebleau,
1483 4766 267 145 16
1617 4766 535 145 juillet,
2018 4766 223 145 1
2107 4766 267 145 p.
2241 4766 579 145 in-folio,
2642 4766 445 145 cachets.

2854 4910 295 74 6
2913 4910 177 74 »

332 5023 221 155 Il
443 5023 295 155 leur
627 5023 553 155 recommancle
1069 5023 221 155 le
1180 5023 479 155 capitaine
1548 5023 405 155 Olivier
1843 5023 258 155 qui
1990 5023 184 155 a
2064 5023 221 155 un
2175 5023 369 155 procès
2433 5023 295 155 avec
2617 5023 258 155 les
2727 5023 369 155 capucins

333 5084 224 73 de
407 5084 262 73 Metz.
