891.496062992126 1493.291338582677
371.90551181102364 22.96062992125984 84.4724409448819 20.976377952755904 —
405.9212598425197 22.96062992125984 101.48031496062993 20.976377952755904 10
439.65354330708664 22.96062992125984 50.74015748031496 20.976377952755904 —

82.48818897637796 77.38582677165354 85.32283464566929 27.212598425196852 «Ils
136.06299212598427 77.38582677165354 170.64566929133858 27.212598425196852 s'approchent
274.6771653543307 77.38582677165354 64.06299212598425 27.212598425196852 si
306.70866141732284 77.38582677165354 85.32283464566929 27.212598425196852 près
360.0 77.38582677165354 64.06299212598425 27.212598425196852 de
392.0314960629921 77.38582677165354 64.06299212598425 27.212598425196852 La
424.06299212598424 77.38582677165354 128.1259842519685 27.212598425196852 Rochelle
520.1574803149606 77.38582677165354 74.55118110236221 27.212598425196852 que
562.6771653543307 77.38582677165354 85.32283464566929 27.212598425196852 silz
615.9685039370079 77.38582677165354 64.06299212598425 27.212598425196852 la
648.0 77.38582677165354 138.61417322834646 27.212598425196852 vouloient
754.8661417322835 77.38582677165354 106.58267716535433 27.212598425196852 forcer
818.6456692913385 77.38582677165354 42.803149606299215 27.212598425196852 je

82.77165354330708 96.09448818897638 141.4488188976378 26.64566929133858 craindrois
194.17322834645668 96.09448818897638 70.86614173228347 26.64566929133858 que
234.4251968503937 96.09448818897638 80.78740157480316 26.64566929133858 sans
285.1653543307087 96.09448818897638 80.78740157480316 26.64566929133858 led.
335.62204724409446 96.09448818897638 151.6535433070866 26.64566929133858 arrière-ban
456.9448818897638 96.09448818897638 70.86614173228347 26.64566929133858 lon
497.4803149606299 96.09448818897638 60.661417322834644 26.64566929133858 ne
527.8110236220473 96.09448818897638 80.78740157480316 26.64566929133858 leur
578.2677165354331 96.09448818897638 80.78740157480316 26.64566929133858 pust
629.007874015748 96.09448818897638 90.99212598425197 26.64566929133858 faire
689.6692913385826 96.09448818897638 141.4488188976378 26.64566929133858 resistance
790.5826771653543 96.09448818897638 70.86614173228347 26.64566929133858 parce

81.35433070866142 115.93700787401575 74.83464566929133 24.37795275590551 que
124.15748031496064 115.93700787401575 64.06299212598425 24.37795275590551 la
156.18897637795277 115.93700787401575 128.40944881889763 24.37795275590551 pluspart
252.56692913385828 115.93700787401575 74.83464566929133 24.37795275590551 des
295.37007874015745 115.93700787401575 181.70078740157481 24.37795275590551 gentilzhommes
445.03937007874015 115.93700787401575 64.06299212598425 24.37795275590551 du
477.07086614173227 115.93700787401575 85.60629921259843 24.37795275590551 païs
530.3622047244095 115.93700787401575 64.06299212598425 24.37795275590551 en
562.3937007874016 115.93700787401575 85.60629921259843 24.37795275590551 sont
605.1968503937007 115.93700787401575 85.60629921259843 24.37795275590551 hors.»

2.267716535433071 158.74015748031496 136.06299212598427 32.881889763779526 43524.
97.51181102362204 158.74015748031496 122.45669291338582 32.881889763779526 HENRI
179.43307086614172 158.74015748031496 95.24409448818898 32.881889763779526 IV,
233.85826771653544 158.74015748031496 95.24409448818898 32.881889763779526 roi
288.2834645669291 158.74015748031496 81.63779527559055 32.881889763779526 de
329.1023622047244 158.74015748031496 149.95275590551182 32.881889763779526 France.
438.23622047244095 158.74015748031496 68.03149606299213 32.881889763779526 —
465.4488188976378 158.74015748031496 81.63779527559055 32.881889763779526 P.
506.26771653543307 158.74015748031496 95.24409448818898 32.881889763779526 s.,
560.6929133858267 158.74015748031496 95.24409448818898 32.881889763779526 sur
615.1181102362204 158.74015748031496 149.95275590551182 32.881889763779526 papier;
710.3622047244095 158.74015748031496 149.95275590551182 32.881889763779526 Fontaine-

97.79527559055119 184.251968503937 190.77165354330708 32.881889763779526 bleau,
231.30708661417322 184.251968503937 95.24409448818898 32.881889763779526 3
269.29133858267716 184.251968503937 152.50393700787401 32.881889763779526 juin
364.53543307086613 184.251968503937 171.49606299212599 32.881889763779526 1602,
479.0551181102362 184.251968503937 95.24409448818898 32.881889763779526 1
517.0393700787401 184.251968503937 114.51968503937007 32.881889763779526 p.
574.2992125984252 184.251968503937 247.748031496063 32.881889763779526 in-folio.
765.0708661417323 184.251968503937 114.51968503937007 32.881889763779526 10
803.0551181102362 184.251968503937 57.25984251968504 32.881889763779526 »

100.06299212598425 229.3228346456693 150.23622047244095 27.212598425196852 Passe-port
217.98425196850394 229.3228346456693 85.88976377952756 27.212598425196852 pour
271.84251968503935 229.3228346456693 64.34645669291339 27.212598425196852 le
303.87401574803147 229.3228346456693 107.14960629921259 27.212598425196852 prince
378.99212598425197 229.3228346456693 128.69291338582678 27.212598425196852 d'Orange
475.65354330708664 229.3228346456693 257.38582677165357 27.212598425196852 (Philippe-Guillaume)
700.7244094488188 229.3228346456693 75.11811023622047 27.212598425196852 qui
743.8110236220473 229.3228346456693 85.88976377952756 27.212598425196852 veut
786.6141732283464 229.3228346456693 75.11811023622047 27.212598425196852 aller

80.78740157480316 249.4488188976378 64.91338582677166 22.677165354330707 de
113.10236220472441 249.4488188976378 118.77165354330708 22.677165354330707 Flandre
199.55905511811022 249.4488188976378 64.91338582677166 22.677165354330707 au
231.8740157480315 249.4488188976378 97.22834645669292 22.677165354330707 comté
296.78740157480314 249.4488188976378 64.91338582677166 22.677165354330707 de
329.1023622047244 249.4488188976378 140.31496062992127 22.677165354330707 Bourgogne
437.1023622047244 249.4488188976378 64.91338582677166 22.677165354330707 en
469.4173228346457 249.4488188976378 118.77165354330708 22.677165354330707 passant
555.8740157480315 249.4488188976378 75.68503937007874 22.677165354330707 par
598.9606299212599 249.4488188976378 64.91338582677166 22.677165354330707 la
620.503937007874 249.4488188976378 97.22834645669292 22.677165354330707 France.

2.267716535433071 293.6692913385827 126.14173228346456 34.2992125984252 43525.
90.70866141732283 293.6692913385827 100.91338582677166 34.2992125984252 HUGO
153.92125984251967 293.6692913385827 164.1259842519685 34.2992125984252 (Victor),
280.06299212598424 293.6692913385827 75.68503937007874 34.2992125984252 le
317.76377952755905 293.6692913385827 113.66929133858268 34.2992125984252 grand
393.4488188976378 293.6692913385827 126.14173228346456 34.2992125984252 poète.
481.8897637795276 293.6692913385827 63.21259842519685 34.2992125984252 —
507.11811023622045 293.6692913385827 75.68503937007874 34.2992125984252 L.
544.8188976377953 293.6692913385827 75.68503937007874 34.2992125984252 a.
582.8031496062993 293.6692913385827 88.44094488188976 34.2992125984252 s.;
633.2598425196851 293.6692913385827 63.21259842519685 34.2992125984252 7
658.488188976378 293.6692913385827 164.1259842519685 34.2992125984252 septembre
771.8740157480315 293.6692913385827 88.44094488188976 34.2992125984252 1847,

68.88188976377953 319.748031496063 247.1811023622047 33.44881889763779 1
167.5275590551181 319.748031496063 296.503937007874 33.44881889763779 p.
316.06299212598424 319.748031496063 445.03937007874015 33.44881889763779 in-8.
612.5669291338583 319.748031496063 296.503937007874 33.44881889763779 10
711.496062992126 319.748031496063 148.251968503937 33.44881889763779 »

100.34645669291339 363.68503937007875 66.04724409448819 27.496062992125985 Il
133.51181102362204 363.68503937007875 154.20472440944883 27.496062992125985 recommande
254.5511811023622 363.68503937007875 66.04724409448819 27.496062992125985 un
287.43307086614175 363.68503937007875 99.21259842519684 27.496062992125985 jeune
353.4803149606299 363.68503937007875 109.98425196850394 27.496062992125985 poète.
430.5826771653543 363.68503937007875 88.15748031496064 27.496062992125985 «Qui
485.5748031496063 363.68503937007875 99.21259842519684 27.496062992125985 sait?
551.9055118110236 363.68503937007875 143.1496062992126 27.496062992125985 Peut-être
661.8897637795276 363.68503937007875 109.98425196850394 27.496062992125985 l'aube
738.992125984252 363.68503937007875 88.15748031496064 27.496062992125985 d'un
782.9291338582677 363.68503937007875 77.10236220472441 27.496062992125985 poète

83.33858267716535 385.2283464566929 178.86614173228347 21.826771653543307 sortira-t-elle
232.44094488188978 385.2283464566929 59.52755905511811 21.826771653543307 de
262.20472440944883 385.2283464566929 59.52755905511811 21.826771653543307 ce
291.9685039370079 385.2283464566929 69.73228346456693 21.826771653543307 que
331.93700787401576 385.2283464566929 79.65354330708661 21.826771653543307 nous
381.54330708661416 385.2283464566929 109.41732283464567 21.826771653543307 faisons
461.1968503937008 385.2283464566929 79.65354330708661 21.826771653543307 ici,
510.8031496062992 385.2283464566929 79.65354330708661 21.826771653543307 vous
560.4094488188977 385.2283464566929 59.52755905511811 21.826771653543307 et
580.5354330708661 385.2283464566929 69.73228346456693 21.826771653543307 moi.»

1.1338582677165354 425.76377952755905 143.1496062992126 34.2992125984252 43526.
101.48031496062993 425.76377952755905 114.51968503937007 34.2992125984252 HUGO
173.1968503937008 425.76377952755905 186.23622047244095 34.2992125984252 (Victor).
316.34645669291336 425.76377952755905 71.71653543307086 34.2992125984252 —
344.9763779527559 425.76377952755905 85.88976377952756 34.2992125984252 L.
388.06299212598424 425.76377952755905 85.88976377952756 34.2992125984252 a.
431.1496062992126 425.76377952755905 85.88976377952756 34.2992125984252 s.
473.9527559055118 425.76377952755905 143.1496062992126 34.2992125984252 VICTOR
574.2992125984252 425.76377952755905 100.34645669291339 34.2992125984252 H.,
631.5590551181102 425.76377952755905 71.71653543307086 34.2992125984252 1
660.1889763779527 425.76377952755905 85.88976377952756 34.2992125984252 p.
703.2755905511812 425.76377952755905 128.9763779527559 34.2992125984252 in-8.
789.1653543307086 425.76377952755905 71.71653543307086 34.2992125984252 3
803.6220472440945 425.76377952755905 57.25984251968504 34.2992125984252 50

1.7007874015748032 475.0866141732283 138.33070866141733 35.1496062992126 43527.
98.64566929133858 475.0866141732283 165.82677165354332 35.1496062992126 HUŸSMANS
223.08661417322836 475.0866141732283 234.99212598425197 35.1496062992126 (Joris-Karl),
416.6929133858268 475.0866141732283 152.2204724409449 35.1496062992126 célèbre
527.2440944881889 475.0866141732283 179.71653543307087 35.1496062992126 romancier
651.6850393700787 475.0866141732283 207.49606299212599 35.1496062992126 contemporain.

95.81102362204724 504.0 109.13385826771653 32.31496062992126 —
139.46456692913387 504.0 130.96062992125985 32.31496062992126 L.
204.9448818897638 504.0 130.96062992125985 32.31496062992126 a.
270.4251968503937 504.0 152.78740157480314 32.31496062992126 s.,
357.4488188976378 504.0 152.78740157480314 32.31496062992126 3/4
444.755905511811 504.0 130.96062992125985 32.31496062992126 p.
510.23622047244095 504.0 130.96062992125985 32.31496062992126 de
575.7165354330708 504.0 130.96062992125985 32.31496062992126 p.
641.1968503937007 504.0 196.15748031496062 32.31496062992126 in-8.
771.8740157480315 504.0 109.13385826771653 32.31496062992126 3
793.7007874015748 504.0 65.48031496062993 32.31496062992126 »

1.7007874015748032 552.7559055118111 117.35433070866142 32.031496062992126 43528.
83.90551181102362 552.7559055118111 117.35433070866142 32.031496062992126 INGRES
166.11023622047244 552.7559055118111 129.25984251968504 32.031496062992126 (Jean),
259.93700787401576 552.7559055118111 164.40944881889763 32.031496062992126 l’illustre
389.1968503937008 552.7559055118111 140.88188976377953 32.031496062992126 peintre.
494.92913385826773 552.7559055118111 58.67716535433071 32.031496062992126 —
518.4566929133858 552.7559055118111 70.58267716535433 32.031496062992126 L.
553.6062992125984 552.7559055118111 70.58267716535433 32.031496062992126 a.
588.7559055118111 552.7559055118111 82.20472440944881 32.031496062992126 s.,
635.8110236220473 552.7559055118111 58.67716535433071 32.031496062992126 1
659.3385826771654 552.7559055118111 70.58267716535433 32.031496062992126 p.
694.488188976378 552.7559055118111 82.20472440944881 32.031496062992126 1/2
741.5433070866142 552.7559055118111 105.73228346456693 32.031496062992126 in-4.
811.8425196850394 552.7559055118111 58.67716535433071 32.031496062992126 8
823.7480314960629 552.7559055118111 35.1496062992126 32.031496062992126 »

1.7007874015748032 599.2440944881889 133.79527559055117 37.13385826771653 43529.
95.24409448818898 599.2440944881889 133.79527559055117 37.13385826771653 JACOBI
189.0708661417323 599.2440944881889 281.1968503937008 37.13385826771653 (Frédéric-Henri),
430.01574803149606 599.2440944881889 80.22047244094489 37.13385826771653 le
470.26771653543307 599.2440944881889 147.11811023622047 37.13385826771653 célèbre
577.1338582677165 599.2440944881889 187.37007874015748 37.13385826771653 philosophe
711.2125984251968 599.2440944881889 147.11811023622047 37.13385826771653 allemand.

105.16535433070867 625.3228346456693 86.45669291338582 32.31496062992126 —16
154.77165354330708 625.3228346456693 74.26771653543307 32.31496062992126 l.
191.90551181102362 625.3228346456693 74.26771653543307 32.31496062992126 a.
229.03937007874015 625.3228346456693 74.26771653543307 32.31496062992126 s.
265.8897637795276 625.3228346456693 74.26771653543307 32.31496062992126 et
303.0236220472441 625.3228346456693 61.79527559055118 32.31496062992126 1
327.68503937007875 625.3228346456693 74.26771653543307 32.31496062992126 l.
364.81889763779526 625.3228346456693 86.45669291338582 32.31496062992126 s.,
414.4251968503937 625.3228346456693 74.26771653543307 32.31496062992126 en
451.5590551181102 625.3228346456693 160.7244094488189 32.31496062992126 français,
575.1496062992126 625.3228346456693 74.26771653543307 32.31496062992126 au
612.2834645669292 625.3228346456693 148.251968503937 32.31496062992126 libraire
723.4015748031496 625.3228346456693 136.06299212598427 32.31496062992126 Jansen,
810.1417322834645 625.3228346456693 49.32283464566929 32.31496062992126 de

99.77952755905511 652.5354330708661 172.62992125984252 31.748031496062993 Paris;
220.53543307086613 652.5354330708661 241.51181102362204 31.748031496062993 1792-1796,
410.45669291338584 652.5354330708661 103.46456692913385 31.748031496062993 50
462.0472440944882 652.5354330708661 103.46456692913385 31.748031496062993 p.
513.9212598425197 652.5354330708661 189.63779527559055 31.748031496062993 environ
651.9685039370079 652.5354330708661 155.33858267716536 31.748031496062993 in-4.
755.4330708661417 652.5354330708661 120.75590551181102 31.748031496062993 100
807.0236220472441 652.5354330708661 51.874015748031496 31.748031496062993 »

99.21259842519684 699.5905511811023 135.49606299212599 26.64566929133858 Précieuse
203.5275590551181 699.5905511811023 187.6535433070866 26.64566929133858 correspondance
359.7165354330709 699.5905511811023 93.8267716535433 26.64566929133858 toute
422.3622047244094 699.5905511811023 125.00787401574803 26.64566929133858 relative
515.9055118110236 699.5905511811023 52.15748031496063 26.64566929133858 à
536.8818897637796 699.5905511811023 62.645669291338585 26.64566929133858 la
568.0629921259842 699.5905511811023 145.98425196850394 26.64566929133858 traduction
682.5826771653543 699.5905511811023 135.49606299212599 26.64566929133858 française
786.8976377952756 699.5905511811023 62.645669291338585 26.64566929133858 de
807.5905511811023 699.5905511811023 52.15748031496063 26.64566929133858 son

84.4724409448819 718.5826771653543 189.35433070866142 27.212598425196852 Waldemar.
245.1968503937008 718.5826771653543 56.69291338582677 27.212598425196852 Il
273.54330708661416 718.5826771653543 85.03937007874016 27.212598425196852 entre
330.5196850393701 718.5826771653543 75.68503937007874 27.212598425196852 dans
377.5748031496063 718.5826771653543 66.33070866141732 27.212598425196852 les
415.5590551181102 718.5826771653543 104.03149606299213 27.212598425196852 détails
491.244094488189 718.5826771653543 66.33070866141732 27.212598425196852 les
529.2283464566929 718.5826771653543 75.68503937007874 27.212598425196852 plus
576.5669291338583 718.5826771653543 123.02362204724409 27.212598425196852 minutieux
670.9606299212599 718.5826771653543 75.68503937007874 27.212598425196852 pour
718.2992125984252 718.5826771653543 56.69291338582677 27.212598425196852 la
737.2913385826772 718.5826771653543 123.02362204724409 27.212598425196852 traduction,

80.22047244094489 739.5590551181102 157.88976377952756 25.511811023622048 l’impression
208.62992125984252 739.5590551181102 59.24409448818898 25.511811023622048 et
238.11023622047244 739.5590551181102 177.4488188976378 25.511811023622048 l'illustration
386.0787401574803 739.5590551181102 59.24409448818898 25.511811023622048 de
415.5590551181102 739.5590551181102 69.16535433070867 25.511811023622048 cet
454.96062992125985 739.5590551181102 108.56692913385827 25.511811023622048 ouvrage
534.0472440944882 739.5590551181102 78.80314960629921 25.511811023622048 dont
583.3700787401575 739.5590551181102 59.24409448818898 25.511811023622048 il
612.8503937007874 739.5590551181102 98.64566929133858 25.511811023622048 attend
682.0157480314961 739.5590551181102 157.88976377952756 25.511811023622048 l'apparition
800.2204724409448 739.5590551181102 59.24409448818898 25.511811023622048 avec

79.93700787401575 757.9842519685039 70.86614173228347 26.362204724409448 une
120.4724409448819 757.9842519685039 141.73228346456693 26.362204724409448 impatience
231.8740157480315 757.9842519685039 131.5275590551181 26.362204724409448 d'enfant.
333.07086614173227 757.9842519685039 91.2755905511811 26.362204724409448 Entre
394.01574803149606 757.9842519685039 101.19685039370079 26.362204724409448 temps,
464.88188976377955 757.9842519685039 60.661417322834644 26.362204724409448 il
495.21259842519686 757.9842519685039 91.2755905511811 26.362204724409448 parle
555.8740157480315 757.9842519685039 60.661417322834644 26.362204724409448 de
586.2047244094488 757.9842519685039 141.73228346456693 26.362204724409448 l'invasion
697.6062992125984 757.9842519685039 70.86614173228347 26.362204724409448 des
738.1417322834645 757.9842519685039 121.60629921259843 26.362204724409448 Français
819.2125984251968 757.9842519685039 40.53543307086614 26.362204724409448 en

79.65354330708661 778.6771653543307 153.63779527559055 24.661417322834644 Allemagne;
200.40944881889763 778.6771653543307 76.81889763779527 24.661417322834644 ils
244.3464566929134 778.6771653543307 76.81889763779527 24.661417322834644 ont
288.2834645669291 778.6771653543307 87.8740157480315 24.661417322834644 rasé
343.2755905511811 778.6771653543307 54.99212598425197 24.661417322834644 à
365.38582677165357 778.6771653543307 87.8740157480315 24.661417322834644 coup
420.09448818897636 778.6771653543307 65.76377952755905 24.661417322834644 de
453.25984251968504 778.6771653543307 120.75590551181102 24.661417322834644 boulets
540.8503937007874 778.6771653543307 65.76377952755905 24.661417322834644 de
574.0157480314961 778.6771653543307 98.92913385826772 24.661417322834644 canon
639.7795275590552 778.6771653543307 65.76377952755905 24.661417322834644 sa
672.6614173228346 778.6771653543307 109.7007874015748 24.661417322834644 maison
749.7637795275591 778.6771653543307 65.76377952755905 24.661417322834644 de
771.5905511811023 778.6771653543307 87.8740157480315 24.661417322834644 campa-

79.08661417322834 797.9527559055118 87.8740157480315 28.062992125984252 gnes
134.07874015748033 797.9527559055118 109.98425196850394 28.062992125984252 située
211.1811023622047 797.9527559055118 87.8740157480315 28.062992125984252 près
266.1732283464567 797.9527559055118 164.9763779527559 28.062992125984252 Dusseldorf,
397.98425196850394 797.9527559055118 87.8740157480315 28.062992125984252 mais
452.9763779527559 797.9527559055118 109.98425196850394 28.062992125984252 l’état
530.0787401574803 797.9527559055118 66.04724409448819 28.062992125984252 de
562.9606299212599 797.9527559055118 109.98425196850394 28.062992125984252 guerre
640.0629921259842 797.9527559055118 98.92913385826772 28.062992125984252 entre
706.1102362204724 797.9527559055118 77.10236220472441 28.062992125984252 les
750.0472440944882 797.9527559055118 87.8740157480315 28.062992125984252 deux
793.9842519685039 797.9527559055118 66.04724409448819 28.062992125984252 pays

79.93700787401575 814.1102362204724 141.16535433070865 27.77952755905512 n’empêcha
188.50393700787401 814.1102362204724 75.96850393700787 27.77952755905512 pas
231.8740157480315 814.1102362204724 173.76377952755905 27.77952755905512 l’impression
372.755905511811 814.1102362204724 65.19685039370079 27.77952755905512 de
405.3543307086614 814.1102362204724 206.07874015748033 27.77952755905512 Waldemar
579.1181102362204 814.1102362204724 75.96850393700787 27.77952755905512 qui
622.488188976378 814.1102362204724 97.79527559055119 27.77952755905512 parut
687.4015748031496 814.1102362204724 65.19685039370079 27.77952755905512 en
720.0 814.1102362204724 97.79527559055119 27.77952755905512 1796.
774.4251968503937 814.1102362204724 86.74015748031496 27.77952755905512 Jacobi

79.93700787401575 836.2204724409448 126.70866141732283 25.228346456692915 témoigne
174.89763779527559 836.2204724409448 73.98425196850394 25.228346456692915 son
217.13385826771653 836.2204724409448 189.92125984251967 25.228346456692915 mécontentement
375.59055118110234 836.2204724409448 63.21259842519685 25.228346456692915 de
407.0551181102362 836.2204724409448 63.21259842519685 25.228346456692915 se
438.8031496062992 836.2204724409448 84.4724409448819 25.228346456692915 voir
491.5275590551181 836.2204724409448 63.21259842519685 25.228346456692915 si
523.2755905511812 836.2204724409448 73.98425196850394 25.228346456692915 mal
565.511811023622 836.2204724409448 116.22047244094489 25.228346456692915 traduit
649.9842519685039 836.2204724409448 63.21259842519685 25.228346456692915 et
681.7322834645669 836.2204724409448 116.22047244094489 25.228346456692915 déclare
766.2047244094488 836.2204724409448 73.98425196850394 25.228346456692915 que
797.9527559055118 836.2204724409448 63.21259842519685 25.228346456692915 pour

79.65354330708661 853.2283464566929 92.69291338582677 26.929133858267715 cette
141.4488188976378 853.2283464566929 102.89763779527559 26.929133858267715 raison
213.4488188976378 853.2283464566929 61.79527559055118 26.929133858267715 il
244.3464566929134 853.2283464566929 61.79527559055118 26.929133858267715 ne
275.244094488189 853.2283464566929 113.10236220472441 26.929133858267715 viendra
357.4488188976378 853.2283464566929 72.0 26.929133858267715 pas
398.5511811023622 853.2283464566929 51.59055118110236 26.929133858267715 à
419.244094488189 853.2283464566929 102.89763779527559 26.929133858267715 Paris.
491.244094488189 853.2283464566929 164.69291338582678 26.929133858267715 L'infidélité
625.0393700787401 853.2283464566929 61.79527559055118 26.929133858267715 du
655.9370078740158 853.2283464566929 144.0 26.929133858267715 traducteur
769.0393700787401 853.2283464566929 61.79527559055118 26.929133858267715 le
789.7322834645669 853.2283464566929 72.0 26.929133858267715 punit

78.80314960629921 872.7874015748032 68.03149606299213 26.929133858267715 de
112.81889763779527 872.7874015748032 79.37007874015748 26.929133858267715 son
158.17322834645668 872.7874015748032 135.7795275590551 26.929133858267715 ambition
259.93700787401576 872.7874015748032 79.37007874015748 26.929133858267715 qui
305.29133858267716 872.7874015748032 79.37007874015748 26.929133858267715 l’a
350.6456692913386 872.7874015748032 113.10236220472441 26.929133858267715 poussé
429.73228346456693 872.7874015748032 56.69291338582677 26.929133858267715 à
452.40944881889766 872.7874015748032 135.7795275590551 26.929133858267715 acquérir
554.4566929133858 872.7874015748032 79.37007874015748 26.929133858267715 une
599.5275590551181 872.7874015748032 135.7795275590551 26.929133858267715 renommée
701.5748031496063 872.7874015748032 90.70866141732283 26.929133858267715 plus
746.9291338582677 872.7874015748032 113.10236220472441 26.929133858267715 étendue,

79.37007874015748 892.9133858267717 88.15748031496064 26.64566929133858 «car
134.36220472440945 892.9133858267717 66.04724409448819 26.64566929133858 je
167.5275590551181 892.9133858267717 143.1496062992126 26.64566929133858 m'attends
277.51181102362204 892.9133858267717 54.99212598425197 26.64566929133858 à
299.62204724409446 892.9133858267717 109.98425196850394 26.64566929133858 toutes
376.7244094488189 892.9133858267717 109.98425196850394 26.64566929133858 sortes
453.8267716535433 892.9133858267717 66.04724409448819 26.64566929133858 de
486.70866141732284 892.9133858267717 121.03937007874016 26.64566929133858 dégoûts
574.8661417322835 892.9133858267717 77.10236220472441 26.64566929133858 qui
618.8031496062993 892.9133858267717 66.04724409448819 26.64566929133858 me
651.9685039370079 892.9133858267717 143.1496062992126 26.64566929133858 viendront
761.9527559055118 892.9133858267717 66.04724409448819 26.64566929133858 de
784.0629921259842 892.9133858267717 77.10236220472441 26.64566929133858 cette

79.08661417322834 910.7716535433071 147.96850393700788 27.77952755905512 traduction
195.30708661417322 910.7716535433071 73.98425196850394 27.77952755905512 que
237.54330708661416 910.7716535433071 116.22047244094489 27.77952755905512 j'avais
322.2992125984252 910.7716535433071 137.48031496062993 27.77952755905512 follement
428.0314960629921 910.7716535433071 126.99212598425197 27.77952755905512 désirée,
522.992125984252 910.7716535433071 84.4724409448819 27.77952755905512 tout
576.0 910.7716535433071 126.99212598425197 27.77952755905512 persuadé
671.2440944881889 910.7716535433071 73.98425196850394 27.77952755905512 que
713.4803149606299 910.7716535433071 116.22047244094489 27.77952755905512 j'étais
787.4645669291339 910.7716535433071 73.98425196850394 27.77952755905512 qu'il

79.08661417322834 930.8976377952756 93.8267716535433 27.77952755905512 était
141.73228346456693 930.8976377952756 114.80314960629921 27.77952755905512 presque
225.0708661417323 930.8976377952756 145.98425196850394 27.77952755905512 impossible
339.87401574803147 930.8976377952756 83.33858267716535 27.77952755905512 d’en
392.0314960629921 930.8976377952756 93.8267716535433 27.77952755905512 faire
454.6771653543307 930.8976377952756 73.13385826771653 27.77952755905512 une
496.34645669291336 930.8976377952756 177.4488188976378 27.77952755905512 supportable.»
642.3307086614174 930.8976377952756 52.15748031496063 27.77952755905512 —
663.3070866141733 930.8976377952756 104.31496062992126 27.77952755905512 Jacobi
736.1574803149606 930.8976377952756 93.8267716535433 27.77952755905512 parle
788.3149606299213 930.8976377952756 73.13385826771653 27.77952755905512 aussi

79.93700787401575 951.3070866141733 57.826771653543304 25.79527559055118 de
108.85039370078741 951.3070866141733 57.826771653543304 25.79527559055118 la
137.76377952755905 951.3070866141733 134.9291338582677 25.79527559055118 traduction
243.7795275590551 951.3070866141733 125.29133858267717 25.79527559055118 française
340.4409448818898 951.3070866141733 57.826771653543304 25.79527559055118 du
369.3543307086614 951.3070866141733 163.84251968503938 25.79527559055118 Messie
504.2834645669291 951.3070866141733 57.826771653543304 25.79527559055118 de
533.1968503937007 951.3070866141733 134.9291338582677 25.79527559055118 Klopstock;
639.2125984251968 951.3070866141733 57.826771653543304 25.79527559055118 il
668.4094488188977 951.3070866141733 86.74015748031496 25.79527559055118 parle
726.2362204724409 951.3070866141733 106.01574803149606 25.79527559055118 souvent
803.3385826771654 951.3070866141733 57.826771653543304 25.79527559055118 de
822.6141732283464 951.3070866141733 38.55118110236221 25.79527559055118 ce

78.80314960629921 973.4173228346457 113.66929133858268 21.25984251968504 célèbre
161.29133858267716 973.4173228346457 92.97637795275591 21.25984251968504 poète
223.37007874015748 973.4173228346457 62.07874015748032 21.25984251968504 et
254.26771653543307 973.4173228346457 62.07874015748032 21.25984251968504 de
285.4488188976378 973.4173228346457 72.28346456692914 21.25984251968504 ses
316.34645669291336 973.4173228346457 92.97637795275591 21.25984251968504 œuvres.

-2.5511811023622046 1015.6535433070866 146.26771653543307 32.59842519685039 43530.
100.06299212598425 1015.6535433070866 234.14173228346456 32.59842519685039 JEAN-CASIMIR
290.26771653543307 1015.6535433070866 87.8740157480315 32.59842519685039 V,
334.20472440944883 1015.6535433070866 102.33070866141732 32.59842519685039 roi
392.88188976377955 1015.6535433070866 87.8740157480315 32.59842519685039 de
436.81889763779526 1015.6535433070866 175.748031496063 32.59842519685039 Pologne,
568.3464566929134 1015.6535433070866 117.07086614173228 32.59842519685039 puis
641.4803149606299 1015.6535433070866 117.07086614173228 32.59842519685039 abbé
714.8976377952756 1015.6535433070866 87.8740157480315 32.59842519685039 de
744.0944881889764 1015.6535433070866 117.07086614173228 32.59842519685039 Saint-

101.48031496062993 1043.716535433071 293.1023622047244 28.346456692913385 Germain-des-Prés,
352.62992125984255 1043.716535433071 83.90551181102362 28.346456692913385 où
394.5826771653543 1043.716535433071 111.68503937007874 28.346456692913385 l’on
464.31496062992125 1043.716535433071 111.68503937007874 28.346456692913385 voit
534.3307086614174 1043.716535433071 139.748031496063 28.346456692913385 encore
631.8425196850394 1043.716535433071 97.79527559055119 28.346456692913385 son
687.6850393700787 1043.716535433071 167.5275590551181 28.346456692913385 tombeau.
799.3700787401575 1043.716535433071 41.95275590551181 28.346456692913385 —

102.89763779527559 1068.0944881889764 74.55118110236221 32.881889763779526 L.
140.31496062992127 1068.0944881889764 74.55118110236221 32.881889763779526 a.
177.4488188976378 1068.0944881889764 86.74015748031496 32.881889763779526 s.,
227.0551181102362 1068.0944881889764 74.55118110236221 32.881889763779526 en
264.18897637795277 1068.0944881889764 161.29133858267716 32.881889763779526 français;
388.34645669291336 1068.0944881889764 148.8188976377953 32.881889763779526 Moulins,
499.748031496063 1068.0944881889764 62.07874015748032 32.881889763779526 9
524.6929133858267 1068.0944881889764 173.76377952755905 32.881889763779526 septembre,
661.0393700787401 1068.0944881889764 62.07874015748032 32.881889763779526 1
685.9842519685039 1068.0944881889764 74.55118110236221 32.881889763779526 p.
723.1181102362204 1068.0944881889764 111.68503937007874 32.881889763779526 in-4.
797.3858267716536 1068.0944881889764 74.55118110236221 32.881889763779526 35
822.3307086614174 1068.0944881889764 37.13385826771653 32.881889763779526 »

98.92913385826772 1114.8661417322835 61.511811023622045 23.244094488188978 Il
129.54330708661416 1114.8661417322835 112.53543307086615 23.244094488188978 réclame
211.46456692913387 1114.8661417322835 61.511811023622045 23.244094488188978 le
242.07874015748033 1114.8661417322835 122.74015748031496 23.244094488188978 paiement
334.20472440944883 1114.8661417322835 81.92125984251969 23.244094488188978 d’un
385.51181102362204 1114.8661417322835 122.74015748031496 23.244094488188978 reliquat
477.6377952755906 1114.8661417322835 61.511811023622045 23.244094488188978 de
498.0472440944882 1114.8661417322835 92.1259842519685 23.244094488188978 dettes.

-1.984251968503937 1159.3700787401574 143.71653543307087 32.31496062992126 43531.
98.64566929133858 1159.3700787401574 115.08661417322834 32.31496062992126 KOCK
170.64566929133858 1159.3700787401574 129.54330708661416 32.31496062992126 (Paul
257.1023622047244 1159.3700787401574 115.08661417322834 32.31496062992126 de),
328.81889763779526 1159.3700787401574 86.1732283464567 32.31496062992126 le
372.18897637795277 1159.3700787401574 158.17322834645668 32.31496062992126 célèbre
487.2755905511811 1159.3700787401574 201.25984251968504 32.31496062992126 romancier.
645.4488188976378 1159.3700787401574 72.0 32.31496062992126 —
674.0787401574803 1159.3700787401574 86.1732283464567 32.31496062992126 L.
717.4488188976378 1159.3700787401574 86.1732283464567 32.31496062992126 a.
760.5354330708661 1159.3700787401574 86.1732283464567 32.31496062992126 s.
789.1653543307086 1159.3700787401574 72.0 32.31496062992126 aux

101.48031496062993 1185.1653543307086 202.96062992125985 33.732283464566926 sociétaires
263.90551181102364 1185.1653543307086 81.07086614173228 33.732283464566926 de
304.4409448818898 1185.1653543307086 270.70866141732284 33.732283464566926 l’Opéra-Comique;
534.6141732283464 1185.1653543307086 135.21259842519686 33.732283464566926 Paris,
629.2913385826772 1185.1653543307086 67.74803149606299 33.732283464566926 3
656.503937007874 1185.1653543307086 94.67716535433071 33.732283464566926 mai
710.6456692913385 1185.1653543307086 121.88976377952756 33.732283464566926 1823,
791.7165354330708 1185.1653543307086 67.74803149606299 33.732283464566926 1
805.3228346456693 1185.1653543307086 54.14173228346457 33.732283464566926 p.

32.31496062992126 1210.1102362204724 743.8110236220473 28.62992125984252 in-4.
528.3779527559055 1210.1102362204724 413.29133858267716 28.62992125984252 4
610.8661417322835 1210.1102362204724 248.03149606299212 28.62992125984252 »

98.07874015748031 1256.3149606299212 55.55905511811024 24.661417322834644 Il
125.85826771653544 1256.3149606299212 101.76377952755905 24.661417322834644 demande
200.1259842519685 1256.3149606299212 64.91338582677166 24.661417322834644 que
236.9763779527559 1256.3149606299212 73.98425196850394 24.661417322834644 l’on
283.46456692913387 1256.3149606299212 73.98425196850394 24.661417322834644 joue
329.6692913385827 1256.3149606299212 73.98425196850394 24.661417322834644 plus
375.87401574803147 1256.3149606299212 101.76377952755905 24.661417322834644 souvent
450.1417322834646 1256.3149606299212 64.91338582677166 24.661417322834644 son
486.99212598425197 1256.3149606299212 83.33858267716535 24.661417322834644 opéra
542.5511811023622 1256.3149606299212 64.91338582677166 24.661417322834644 les
570.3307086614174 1256.3149606299212 176.03149606299212 24.661417322834644 Infidèles.

-3.6850393700787403 1298.5511811023623 149.38582677165354 35.43307086614173 43532.
100.91338582677166 1298.5511811023623 89.5748031496063 35.43307086614173 LA
145.70078740157481 1298.5511811023623 134.36220472440945 35.43307086614173 FORCE
235.2755905511811 1298.5511811023623 179.1496062992126 35.43307086614173 (Jacques
369.6377952755906 1298.5511811023623 89.5748031496063 35.43307086614173 de
414.4251968503937 1298.5511811023623 179.1496062992126 35.43307086614173 CAUMONT,
548.7874015748032 1298.5511811023623 104.5984251968504 35.43307086614173 duc
608.5984251968504 1298.5511811023623 119.33858267716535 35.43307086614173 de),
683.1496062992126 1298.5511811023623 179.1496062992126 35.43307086614173 maréchal
802.488188976378 1298.5511811023623 59.811023622047244 35.43307086614173 de

101.76377952755905 1329.1653543307086 139.1811023622047 32.59842519685039 France,
203.24409448818898 1329.1653543307086 88.7244094488189 32.59842519685039 qui
253.70078740157481 1329.1653543307086 75.96850393700787 32.59842519685039 se
291.68503937007875 1329.1653543307086 164.40944881889763 32.59842519685039 distingua
418.1102362204724 1329.1653543307086 63.21259842519685 32.59842519685039 à
443.62204724409446 1329.1653543307086 75.96850393700787 32.59842519685039 la
481.6062992125984 1329.1653543307086 151.93700787401573 32.59842519685039 bataille
595.2755905511812 1329.1653543307086 164.40944881889763 32.59842519685039 d’Arques.
721.9842519685039 1329.1653543307086 63.21259842519685 32.59842519685039 —
747.2125984251968 1329.1653543307086 75.96850393700787 32.59842519685039 L.
785.1968503937007 1329.1653543307086 75.96850393700787 32.59842519685039 a.
810.4251968503937 1329.1653543307086 50.74015748031496 32.59842519685039 s.

98.64566929133858 1353.5433070866143 111.4015748031496 34.86614173228347 (au
162.14173228346456 1353.5433070866143 191.0551181102362 34.86614173228347 cardinal
305.5748031496063 1353.5433070866143 95.5275590551181 34.86614173228347 de
353.1968503937008 1353.5433070866143 238.6771653543307 34.86614173228347 Richelieu),
543.9685039370079 1353.5433070866143 79.65354330708661 34.86614173228347 1
576.0 1353.5433070866143 95.5275590551181 34.86614173228347 p.
623.6220472440945 1353.5433070866143 206.9291338582677 34.86614173228347 in-folio.
782.6456692913385 1353.5433070866143 95.5275590551181 34.86614173228347 35
814.6771653543307 1353.5433070866143 47.62204724409449 34.86614173228347 »

96.09448818897638 1402.015748031496 122.45669291338582 28.062992125984252 Superbe
185.10236220472441 1402.015748031496 111.4015748031496 28.062992125984252 lettre
263.0551181102362 1402.015748031496 133.51181102362204 28.062992125984252 relative
363.11811023622045 1402.015748031496 55.55905511811024 28.062992125984252 à
385.2283464566929 1402.015748031496 66.89763779527559 28.062992125984252 la
418.6771653543307 1402.015748031496 89.00787401574803 28.062992125984252 mise
474.23622047244095 1402.015748031496 66.89763779527559 28.062992125984252 en
507.68503937007875 1402.015748031496 122.45669291338582 28.062992125984252 défense
596.6929133858267 1402.015748031496 66.89763779527559 28.062992125984252 de
630.1417322834645 1402.015748031496 166.96062992125985 28.062992125984252 Saint-Sion,
763.6535433070866 1402.015748031496 77.95275590551181 28.062992125984252 qui
797.1023622047244 1402.015748031496 66.89763779527559 28.062992125984252 peut

77.10236220472441 1424.4094488188975 136.62992125984252 25.511811023622048 contenir
179.43307086614172 1424.4094488188975 79.65354330708661 25.511811023622048 une
225.0708661417323 1424.4094488188975 136.62992125984252 25.511811023622048 garnison
327.40157480314963 1424.4094488188975 68.31496062992126 25.511811023622048 de
361.7007874015748 1424.4094488188975 90.99212598425197 25.511811023622048 deux
418.6771653543307 1424.4094488188975 102.33070866141732 25.511811023622048 mille
486.99212598425197 1424.4094488188975 113.95275590551181 25.511811023622048 hommes
566.6456692913385 1424.4094488188975 68.31496062992126 25.511811023622048 et
600.6614173228346 1424.4094488188975 68.31496062992126 25.511811023622048 se
634.9606299212599 1424.4094488188975 136.62992125984252 25.511811023622048 défendre
737.2913385826772 1424.4094488188975 113.95275590551181 25.511811023622048 contre
805.6062992125984 1424.4094488188975 56.976377952755904 25.511811023622048 une

78.51968503937007 1443.4015748031495 109.7007874015748 23.52755905511811 attaque
158.17322834645668 1443.4015748031495 59.811023622047244 23.52755905511811 de
187.93700787401573 1443.4015748031495 69.73228346456693 23.52755905511811 dix
217.98425196850394 1443.4015748031495 79.65354330708661 23.52755905511811 mille.
