3207 5264
1311 70 325 84 —
1441 70 390 84 20
1571 70 195 84 —

28 243 500 150 43612.
378 243 550 150 VERGNES
778 243 950 150 (Jacques-Paul),
1578 243 550 150 général
1978 243 300 150 de
2128 243 300 150 la
2278 243 750 150 République,
2828 243 250 150 qui

389 339 517 134 servit
751 339 310 134 en
906 339 568 134 Vendée,
1319 339 310 134 né
1474 339 258 134 à
1578 339 620 134 Tonneins
2043 339 1085 134 (Lot-et-Garonne).
2921 339 155 134 —

397 427 264 141 P.
529 427 308 141 s.;
705 427 484 141 Rennes,
1057 427 264 141 25
1190 427 528 141 pluviôse
1586 427 264 141 an
1718 427 264 141 II
1850 427 308 141 (13
2026 427 484 141 février
2378 427 440 141 1793),
2687 427 220 141 7
2775 427 264 141 p.
2863 427 220 141 1/2

252 523 2450 115 in-folio.
2136 523 1131 115 15
2513 523 565 115 »

376 682 309 111 Très
569 682 425 111 curieux
878 682 463 111 document
1226 682 232 111 où
1342 682 232 111 il
1458 682 463 111 proteste
1805 682 386 111 contre
2076 682 270 111 son
2230 682 618 111 arrestation,
2694 682 386 111 ordonnée

313 749 248 115 par
454 749 567 115 Guimberteau.
915 749 213 115 Il
1022 749 461 115 s’efforce
1377 749 213 115 de
1483 749 426 115 dissiper
1802 749 248 115 les
1944 749 355 115 griefs
2192 749 248 115 que
2334 749 248 115 les
2476 749 603 115 représentants
2937 749 142 115 du

305 818 380 116 peuple
571 818 266 116 ont
723 818 380 116 contre
989 818 266 116 lui
1141 818 228 116 et
1255 818 304 116 dont
1445 818 228 116 le
1559 818 494 116 principal
1938 818 342 116 était
2166 818 342 116 qu’il
2394 818 418 116 n’avait
2698 818 266 116 pas
2812 818 266 116 voulu

311 885 462 117 secourir
657 885 231 117 le
772 885 423 117 général
1080 885 462 117 Tribout.
1426 885 231 117 Il
1541 885 308 117 fait
1734 885 346 117 appel
1965 885 269 117 aux
2118 885 577 117 témoignages
2580 885 269 117 des
2695 885 385 117 généraux

312 973 383 97 Kleber,
591 973 488 97 Rossignol,
974 973 279 97 etc.
1148 973 383 97 Curieux
1392 973 348 97 détails.

31 1097 455 136 43613.
349 1097 546 136 VERLAINE
758 1097 500 136 (Paul),
1122 1097 500 136 célèbre
1486 1097 455 136 poète.
1804 1097 227 136 —
1895 1097 273 136 L.
2032 1097 273 136 a.
2168 1097 273 136 s.
2305 1097 273 136 P.
2441 1097 273 136 V.
2578 1097 227 136 à
2669 1097 318 136 son
2805 1097 273 136 édi-

356 1191 765 130 teur;
866 1191 850 130 jeudi,
1461 1191 595 130 21,
1802 1191 425 130 1
1972 1191 510 130 p.
2227 1191 765 130 in-8.
2737 1191 425 130 3
2822 1191 255 130 »

385 1348 225 109 Il
497 1348 262 109 lui
647 1348 412 109 propose
946 1348 300 109 deux
1134 1348 599 109 biographies.
1620 1348 300 109 «Que
1808 1348 562 109 diriez-vous
2257 1348 300 109 d’un
2444 1348 412 109 Mendès,
2706 1348 375 109 chouette

305 1451 331 76 aux
447 1451 473 76 pommes?»

38 1555 491 132 43614.
382 1555 933 132 VICTOR-EMMANUEL
1168 1555 344 132 Ier
1364 1555 344 132 roi
1561 1555 295 132 de
1708 1555 688 132 Sardaigne.
2249 1555 246 132 —
2347 1555 295 132 L.
2494 1555 295 132 a.
2642 1555 295 132 s.
2789 1555 246 132 à
2838 1555 246 132 son

402 1645 357 127 père
626 1645 804 127 (Victor-Amédée
1295 1645 402 127 III);
1563 1645 580 127 Pignerol,
2010 1645 268 127 20
2143 1645 313 127 mai
2322 1645 402 127 1794,
2590 1645 223 127 7
2679 1645 268 127 p.
2768 1645 313 127 in

2807 1737 326 72 40
2915 1737 163 72 »

385 1896 511 105 IMPORTANTE
786 1896 365 105 LETTRE
1041 1896 219 105 où
1151 1896 219 105 il
1260 1896 255 105 lui
1406 1896 365 105 expose
1661 1896 219 105 le
1771 1896 365 105 projet
2026 1896 328 105 qu’il
2245 1896 182 105 a
2318 1896 328 105 conçu
2537 1896 511 105 d’attaquer
2902 1896 182 105 les

324 1965 460 103 Français.
678 1965 283 103 Très
854 1965 566 103 intéressants
1315 1965 389 103 détails
1598 1965 177 103 à
1668 1965 212 103 ce
1775 1965 354 103 sujet.
2022 1965 495 103 «D’ailleur
2412 1965 212 103 il
2518 1965 248 103 n’y
2659 1965 177 103 a
2730 1965 248 103 pas
2836 1965 248 103 moïen

319 2034 395 104 d’avoir
606 2034 215 104 ni
714 2034 395 104 espion,
1001 2034 215 104 ni
1109 2034 395 104 guides,
1396 2034 323 104 parce
1611 2034 251 104 que
1755 2034 251 104 les
1898 2034 431 104 abitants
2222 2034 215 104 de
2329 2034 215 104 ce
2437 2034 287 104 pais
2616 2034 467 104 craignent
2939 2034 144 104 ou

316 2125 370 82 aiment
575 2125 296 82 trop
760 2125 259 82 les
870 2125 444 82 François.»

37 2239 476 128 43616.
370 2239 666 128 WICQUEFORT
893 2239 571 128 (Joachim
1321 2239 380 128 de),
1559 2239 618 128 diplomate
2035 2239 285 128 et
2177 2239 476 128 érudit
2463 2239 618 128 hollandais,

406 2333 264 118 né
538 2333 220 118 à
626 2333 615 118 Amsterdam.
1109 2333 220 118 —
1197 2333 220 118 8
1285 2333 264 118 l.
1417 2333 264 118 a.
1548 2333 308 118 s.,
1724 2333 264 118 en
1856 2333 571 118 français,
2295 2333 220 118 à
2383 2333 483 118 Stella;
2691 2333 395 118 Amster-

402 2423 390 124 dam,
646 2423 829 124 juin-novembre
1328 2423 439 124 1639,
1621 2423 292 124 17
1767 2423 292 124 p.
1913 2423 634 124 in-folio,
2401 2423 585 124 cachets.
2839 2423 292 124 40
2937 2423 146 124 »

395 2578 295 105 Très
580 2578 590 105 intéressante
1059 2578 664 105 correspondance
1612 2578 258 105 par
1760 2578 443 105 laquelle
2092 2578 221 105 il
2203 2578 332 105 tient
2424 2578 258 105 son
2572 2578 258 105 ami
2719 2578 369 105 Stella
2940 2578 148 105 au

327 2649 399 105 courant
617 2649 218 105 de
726 2649 218 105 ce
835 2649 254 105 qui
980 2649 218 105 se
1089 2649 399 105 passait
1379 2649 544 105 d’important
1815 2649 290 105 dans
1996 2649 254 105 les
2141 2649 436 105 Pays-Bas
2468 2649 218 105 et
2577 2649 218 105 en
2649 2649 436 105 Allemagne.

328 2717 227 107 Il
442 2717 340 107 parle
669 2717 265 107 des
820 2717 529 107 opérations
1236 2717 529 107 militaires
1652 2717 227 107 du
1765 2717 378 107 prince
2030 2717 492 107 d’Orange,
2408 2717 227 107 du
2522 2717 265 107 duc
2673 2717 416 107 Bernard
2938 2717 151 107 de

325 2785 650 104 Saxe-Weimar,
854 2785 366 104 d'une
1098 2785 488 104 victoire
1463 2785 406 104 navale
1748 2785 528 104 remportée
2154 2785 284 104 par
2317 2785 488 104 l’amiral
2683 2785 406 104 Tromp,
2926 2785 163 104 de

332 2883 488 74 Jansénius,
681 2883 209 74 etc.

52 2992 434 129 43616.
356 2992 347 129 ZOLA
573 2992 521 129 (Emile),
963 2992 261 129 le
1094 2992 478 129 célèbre
1441 2992 608 129 romancier.
1919 2992 217 129 —
2005 2992 261 129 L.
2136 2992 261 129 a.
2266 2992 304 129 s.,
2440 2992 217 129 1
2527 2992 261 129 p.
2657 2992 304 129 1/2
2787 2992 304 129 in

343 3082 1375 130 <i>Jolie
1375 3082 1605 130 pièce</i>.
2636 3082 573 130 6
2750 3082 344 130 »

1011 3579 1008 106 DOCUMENTS

59 3834 461 137 43617.
382 3834 415 137 AGEN.
658 3834 230 137 —
750 3834 277 137 P.
889 3834 277 137 s.
1027 3834 369 137 avec
1257 3834 230 137 6
1349 3834 461 137 lignes
1672 3834 369 137 aut.
1903 3834 277 137 du
2041 3834 784 137 conventionnel
2640 3834 461 137 PAGANEL,

352 3938 598 132 1
592 3938 718 132 p.
951 3938 837 132 1/2
1429 3938 1555 132 in-folio.
2625 3938 598 132 5
2745 3938 359 132 »

411 4084 328 120 Liste
629 4084 510 120 nominative
1030 4084 219 120 du
1139 4084 437 120 tribunal
1467 4084 219 120 du
1577 4084 437 120 district
1905 4084 401 120 d’Agen,
2196 4084 219 120 de
2305 4084 219 120 la
2415 4084 583 120 municipalité
2888 4084 219 120 et
2961 4084 146 120 du

341 4162 417 111 conseil
644 4162 455 111 général,
986 4162 303 111 avec
1175 4162 265 111 des
1327 4162 607 111 observations
1820 4162 265 111 sur
1972 4162 607 111 quelques-uns
2464 4162 228 111 de
2578 4162 265 111 ces
2692 4162 417 111 fonction-

345 4245 407 82 naires.
641 4245 407 82 Curieux
937 4245 444 82 document
1233 4245 296 82 local.

63 4367 468 140 43618.
391 4367 609 140 BORDEAUX.
859 4367 234 140 —
953 4367 421 140 Pièce
1234 4367 328 140 sur
1421 4367 468 140 vélin;
1749 4367 468 140 Paris,
2077 4367 328 140 1er
2264 4367 328 140 mai
2451 4367 468 140 1586,1
2779 4367 281 140 p.
2873 4367 234 140 gr.

272 4462 2635 112 in-folio.
2299 4462 1013 112 8
2502 4462 608 112 »

418 4620 401 117 Lettres
709 4620 438 117 patentes
1037 4620 219 117 de
1147 4620 328 117 Henri
1366 4620 292 117 III.
1548 4620 511 117 Provisions
1949 4620 219 117 de
2058 4620 219 117 la
2168 4620 365 117 charge
2423 4620 219 117 de
2533 4620 328 117 maire
2715 4620 401 117 perpétuel

349 4687 229 119 de
463 4687 458 119 Bordeaux
807 4687 306 119 pour
998 4687 344 119 Louis
1227 4687 229 119 de
1342 4687 229 119 la
1456 4687 458 119 Chastre,
1800 4687 382 119 depuis
2067 4687 458 119 maréchal
2411 4687 229 119 de
2487 4687 344 119 France.

73 4817 484 149 43619.
411 4817 532 149 COMMUNE
799 4817 290 149 DE
944 4817 436 149 1871.
1234 4817 242 149 —
1331 4817 290 149 P.
1476 4817 290 149 a.
1622 4817 290 149 s.
1767 4817 290 149 de
1912 4817 629 149 CLUSERET,
2396 4817 581 149 ministre
2832 4817 290 149 de
2928 4817 194 149 la

419 4917 740 140 guerre;
957 4917 673 140 (avril
1428 4917 673 140 1871),
1899 4917 471 140 1/2
2169 4917 404 140 p.
2371 4917 606 140 in-8.
2774 4917 404 140 12
2909 4917 202 140 »

425 5075 213 128 Il
531 5075 319 128 donne
744 5075 390 128 l’ordre
1027 5075 213 128 de
1134 5075 496 128 barricader
1524 5075 248 128 les
1665 5075 319 128 ponts
1878 5075 213 128 de
1985 5075 390 128 Neuilly
2268 5075 213 128 et
2339 5075 461 128 d’Asnières.
