916.7244094488188 1523.9055118110236
388.62992125984255 22.96062992125984 83.05511811023622 20.69291338582677 —
422.0787401574803 22.96062992125984 99.77952755905511 20.69291338582677 11
455.244094488189 22.96062992125984 49.889763779527556 20.69291338582677 —

16.440944881889763 72.0 138.33070866141733 37.98425196850393 43533.
113.38582677165354 72.0 83.05511811023622 37.98425196850393 LA
154.77165354330708 72.0 124.44094488188976 37.98425196850393 FORGE
237.82677165354332 72.0 166.11023622047244 37.98425196850393 (Anatole
362.26771653543307 72.0 110.55118110236221 37.98425196850393 de),
431.43307086614175 72.0 152.2204724409449 37.98425196850393 célèbre
542.2677165354331 72.0 124.44094488188976 37.98425196850393 homme
625.3228346456693 72.0 193.60629921259843 37.98425196850393 politique,
763.6535433070866 72.0 110.55118110236221 37.98425196850393 défen-

120.75590551181102 98.07874015748031 109.7007874015748 35.1496062992126 seur
189.35433070866142 98.07874015748031 82.20472440944881 35.1496062992126 de
230.45669291338584 98.07874015748031 246.89763779527559 35.1496062992126 Saint-Quentin,
436.251968503937 98.07874015748031 82.20472440944881 35.1496062992126 en
477.3543307086614 98.07874015748031 123.59055118110236 35.1496062992126 1870.
559.8425196850394 98.07874015748031 68.5984251968504 35.1496062992126 —
587.0551181102362 98.07874015748031 82.20472440944881 35.1496062992126 L.
628.4409448818898 98.07874015748031 82.20472440944881 35.1496062992126 a.
669.5433070866142 98.07874015748031 82.20472440944881 35.1496062992126 s.
710.6456692913385 98.07874015748031 68.5984251968504 35.1496062992126 à
724.5354330708661 98.07874015748031 150.8031496062992 35.1496062992126 GAMBETTA;

116.50393700787401 123.8740157480315 223.37007874015748 36.28346456692913 Bordeaux,
288.2834645669291 123.8740157480315 102.89763779527559 36.28346456692913 29
339.87401574803147 123.8740157480315 206.07874015748033 36.28346456692913 décembre
494.3622047244094 123.8740157480315 154.48818897637796 36.28346456692913 1870,
597.5433070866142 123.8740157480315 85.88976377952756 36.28346456692913 1
631.8425196850394 123.8740157480315 102.89763779527559 36.28346456692913 p.
683.4330708661417 123.8740157480315 154.48818897637796 36.28346456692913 in-8.
786.3307086614174 123.8740157480315 102.89763779527559 36.28346456692913 10
820.6299212598425 123.8740157480315 51.59055118110236 36.28346456692913 »

116.22047244094489 168.9448818897638 66.04724409448819 32.31496062992126 Il
149.38582677165354 168.9448818897638 77.10236220472441 32.31496062992126 lui
193.3228346456693 168.9448818897638 121.03937007874016 32.31496062992126 demande
281.4803149606299 168.9448818897638 154.20472440944883 32.31496062992126 d’ordonner
402.5196850393701 168.9448818897638 66.04724409448819 32.31496062992126 au
435.40157480314963 168.9448818897638 121.03937007874016 32.31496062992126 général
523.5590551181102 168.9448818897638 121.03937007874016 32.31496062992126 Renault
611.7165354330708 168.9448818897638 66.04724409448819 32.31496062992126 de
644.5984251968504 168.9448818897638 121.03937007874016 32.31496062992126 prendre
732.7559055118111 168.9448818897638 66.04724409448819 32.31496062992126 le
754.8661417322835 168.9448818897638 121.03937007874016 32.31496062992126 commande-

96.94488188976378 188.2204724409449 87.8740157480315 28.913385826771652 ment
151.93700787401573 188.2204724409449 76.81889763779527 28.913385826771652 des
195.8740157480315 188.2204724409449 120.75590551181102 28.913385826771652 troupes
283.46456692913387 188.2204724409449 65.76377952755905 28.913385826771652 de
316.34645669291336 188.2204724409449 109.7007874015748 28.913385826771652 ligne.
393.1653543307087 188.2204724409449 87.8740157480315 28.913385826771652 «Les
448.15748031496065 188.2204724409449 109.7007874015748 28.913385826771652 hommes
524.9763779527559 188.2204724409449 87.8740157480315 28.913385826771652 nous
579.6850393700787 188.2204724409449 131.5275590551181 28.913385826771652 arrivent
678.3307086614174 188.2204724409449 65.76377952755905 28.913385826771652 de
711.496062992126 188.2204724409449 87.8740157480315 28.913385826771652 tous
766.2047244094488 188.2204724409449 109.7007874015748 28.913385826771652 côtés,
831.9685039370079 188.2204724409449 43.93700787401575 28.913385826771652 il

97.22834645669292 207.21259842519686 85.03937007874016 20.69291338582677 faut
150.51968503937007 207.21259842519686 149.10236220472441 20.69291338582677 absolument
267.59055118110234 207.21259842519686 74.55118110236221 20.69291338582677 une
310.1102362204724 207.21259842519686 95.81102362204724 20.69291338582677 unité
374.1732283464567 207.21259842519686 63.77952755905512 20.69291338582677 de
395.43307086614175 207.21259842519686 138.33070866141733 20.69291338582677 direction.»

16.724409448818896 249.4488188976378 138.33070866141733 35.43307086614173 43534.
113.66929133858268 249.4488188976378 83.05511811023622 35.43307086614173 LA
155.0551181102362 249.4488188976378 152.2204724409449 35.43307086614173 GANDARA
265.8897637795276 249.4488188976378 166.11023622047244 35.43307086614173 (Antonio
390.3307086614173 249.4488188976378 110.55118110236221 35.43307086614173 de),
459.496062992126 249.4488188976378 152.2204724409449 35.43307086614173 peintre
570.0472440944882 249.4488188976378 235.2755905511811 35.43307086614173 contemporain.
763.9370078740158 249.4488188976378 69.16535433070867 35.43307086614173 —
791.4330708661417 249.4488188976378 83.05511811023622 35.43307086614173 L.
819.2125984251968 249.4488188976378 55.275590551181104 35.43307086614173 a.

92.40944881889764 275.244094488189 288.2834645669291 33.16535433070866 s.,
257.1023622047244 275.244094488189 206.07874015748033 33.16535433070866 2
339.59055118110234 275.244094488189 247.1811023622047 33.16535433070866 p.
463.18110236220474 275.244094488189 370.7716535433071 33.16535433070866 in-8.
710.3622047244095 275.244094488189 206.07874015748033 33.16535433070866 4
751.4645669291339 275.244094488189 123.59055118110236 33.16535433070866 »

15.307086614173228 323.1496062992126 143.1496062992126 33.16535433070866 43535.
115.65354330708661 323.1496062992126 186.23622047244095 33.16535433070866 LAMARTINE
258.8031496062992 323.1496062992126 186.23622047244095 33.16535433070866 (Alphonse
402.23622047244095 323.1496062992126 114.51968503937007 33.16535433070866 de),
473.6692913385827 323.1496062992126 85.88976377952756 33.16535433070866 le
516.7559055118111 323.1496062992126 128.9763779527559 33.16535433070866 grand
602.6456692913385 323.1496062992126 143.1496062992126 33.16535433070866 poète.
702.992125984252 323.1496062992126 71.71653543307086 33.16535433070866 —
731.6220472440945 323.1496062992126 85.88976377952756 33.16535433070866 L.
774.4251968503937 323.1496062992126 85.88976377952756 33.16535433070866 a.
803.0551181102362 323.1496062992126 71.71653543307086 33.16535433070866 s.,

85.03937007874016 349.51181102362204 246.89763779527559 32.31496062992126 1
183.68503937007873 349.51181102362204 296.503937007874 32.31496062992126 p.
331.93700787401576 349.51181102362204 444.4724409448819 32.31496062992126 in-8.
628.4409448818898 349.51181102362204 246.89763779527559 32.31496062992126 3
677.7637795275591 349.51181102362204 197.5748031496063 32.31496062992126 50

17.291338582677167 396.8503937007874 122.45669291338582 32.31496062992126 43536.
102.89763779527559 396.8503937007874 73.41732283464567 32.31496062992126 LA
139.748031496063 396.8503937007874 134.64566929133858 32.31496062992126 RIVIERE
237.54330708661416 396.8503937007874 122.45669291338582 32.31496062992126 (Louis
323.1496062992126 396.8503937007874 134.64566929133858 32.31496062992126 BARBIER
421.2283464566929 396.8503937007874 97.79527559055119 32.31496062992126 de),
482.1732283464567 396.8503937007874 110.26771653543307 32.31496062992126 connu
555.5905511811023 396.8503937007874 97.79527559055119 32.31496062992126 sous
616.8188976377953 396.8503937007874 73.41732283464567 32.31496062992126 le
653.6692913385826 396.8503937007874 85.60629921259843 32.31496062992126 nom
690.2362204724409 396.8503937007874 183.68503937007873 32.31496062992126 d’abbé

120.75590551181102 423.496062992126 104.31496062992126 31.46456692913386 de
190.20472440944883 423.496062992126 69.44881889763779 31.46456692913386 la
225.0708661417323 423.496062992126 185.38582677165354 31.46456692913386 Rivière,
375.59055118110234 423.496062992126 162.14173228346456 31.46456692913386 archevêque
503.1496062992126 423.496062992126 69.44881889763779 31.46456692913386 de
538.0157480314961 423.496062992126 139.1811023622047 31.46456692913386 Langres,
642.3307086614174 423.496062992126 81.07086614173228 31.46456692913386 ami
688.5354330708661 423.496062992126 69.44881889763779 31.46456692913386 de
723.4015748031496 423.496062992126 115.93700787401575 31.46456692913386 Gaston
792.8503937007874 423.496062992126 81.07086614173228 31.46456692913386 d’Or-

120.75590551181102 449.00787401574803 127.55905511811024 31.181102362204726 léans,
210.04724409448818 449.00787401574803 114.80314960629921 31.181102362204726 qu’il
286.5826771653543 449.00787401574803 178.58267716535434 31.181102362204726 trahissait
426.8976377952756 449.00787401574803 76.53543307086615 31.181102362204726 au
465.1653543307087 449.00787401574803 127.55905511811024 31.181102362204726 profit
554.7401574803149 449.00787401574803 76.53543307086615 31.181102362204726 de
593.007874015748 449.00787401574803 153.0708661417323 31.181102362204726 Mazarin.
707.8110236220473 449.00787401574803 63.77952755905512 31.181102362204726 —
733.3228346456693 449.00787401574803 76.53543307086615 31.181102362204726 L.
771.5905511811023 449.00787401574803 76.53543307086615 31.181102362204726 a.
809.8582677165355 449.00787401574803 76.53543307086615 31.181102362204726 s.
835.3700787401575 449.00787401574803 38.267716535433074 31.181102362204726 à

119.05511811023622 474.8031496062992 80.78740157480316 30.89763779527559 M.
159.30708661417322 474.8031496062992 80.78740157480316 30.89763779527559 de
199.55905511811022 474.8031496062992 174.89763779527559 30.89763779527559 Chavigny;
334.20472440944883 474.8031496062992 134.36220472440945 30.89763779527559 Paris,
428.31496062992125 474.8031496062992 80.78740157480316 30.89763779527559 18
468.56692913385825 474.8031496062992 147.96850393700788 30.89763779527559 juillet
576.0 474.8031496062992 121.03937007874016 30.89763779527559 1640,
656.7874015748032 474.8031496062992 67.18110236220473 30.89763779527559 1
683.7165354330708 474.8031496062992 80.78740157480316 30.89763779527559 p.
723.9685039370079 474.8031496062992 121.03937007874016 30.89763779527559 in-4.
804.7559055118111 474.8031496062992 80.78740157480316 30.89763779527559 10
831.6850393700787 474.8031496062992 40.25196850393701 30.89763779527559 »

116.78740157480316 522.1417322834645 63.21259842519685 23.811023622047244 Il
148.251968503937 522.1417322834645 147.11811023622047 23.811023622047244 l'informe,
263.90551181102364 522.1417322834645 84.18897637795276 23.811023622047244 sous
316.62992125984255 522.1417322834645 63.21259842519685 23.811023622047244 le
348.09448818897636 522.1417322834645 94.67716535433071 23.811023622047244 sceau
411.3070866141732 522.1417322834645 63.21259842519685 23.811023622047244 du
442.7716535433071 522.1417322834645 115.65354330708661 23.811023622047244 secret,
526.9606299212599 522.1417322834645 73.7007874015748 23.811023622047244 que
568.9133858267717 522.1417322834645 105.16535433070867 23.811023622047244 l'abbé
642.6141732283464 522.1417322834645 63.21259842519685 23.811023622047244 de
674.0787401574803 522.1417322834645 136.62992125984252 23.811023622047244 Boisgenay
779.2440944881889 522.1417322834645 94.67716535433071 23.811023622047244 vient
831.9685039370079 522.1417322834645 41.95275590551181 23.811023622047244 de

98.36220472440945 541.7007874015748 93.8267716535433 23.244094488188978 mourir
164.1259842519685 541.7007874015748 56.40944881889764 23.244094488188978 et
192.18897637795277 541.7007874015748 65.76377952755905 23.244094488188978 que
229.88976377952756 541.7007874015748 56.40944881889764 23.244094488188978 la
257.9527559055118 541.7007874015748 140.88188976377953 23.244094488188978 disposition
370.7716535433071 541.7007874015748 56.40944881889764 23.244094488188978 de
398.8346456692913 541.7007874015748 84.4724409448819 23.244094488188978 cette
455.244094488189 541.7007874015748 93.8267716535433 23.244094488188978 abbaye
521.007874015748 541.7007874015748 93.8267716535433 23.244094488188978 dépend
586.488188976378 541.7007874015748 56.40944881889764 23.244094488188978 de
605.4803149606299 541.7007874015748 168.9448818897638 23.244094488188978 Monsieur.

16.440944881889763 579.4015748031496 136.06299212598427 32.881889763779526 43537.
111.68503937007874 579.4015748031496 81.63779527559055 32.881889763779526 LA
152.50393700787401 579.4015748031496 163.2755905511811 32.881889763779526 VALLIÈRE
274.96062992125985 579.4015748031496 217.70078740157481 32.881889763779526 (Louis-César
451.84251968503935 579.4015748031496 81.63779527559055 32.881889763779526 de
492.37795275590554 579.4015748031496 81.63779527559055 32.881889763779526 la
533.1968503937007 579.4015748031496 122.45669291338582 32.881889763779526 BAUME
614.8346456692914 579.4015748031496 81.63779527559055 32.881889763779526 LE
655.6535433070866 579.4015748031496 136.06299212598427 32.881889763779526 BLANC,
750.8976377952756 579.4015748031496 95.24409448818898 32.881889763779526 duc
791.7165354330708 579.4015748031496 81.63779527559055 32.881889763779526 de),

121.88976377952756 609.7322834645669 112.53543307086615 28.913385826771652 petit
197.00787401574803 609.7322834645669 112.53543307086615 28.913385826771652 neveu
272.12598425196853 609.7322834645669 75.11811023622047 28.913385826771652 de
309.54330708661416 609.7322834645669 200.1259842519685 28.913385826771652 Mademoiselle
472.251968503937 609.7322834645669 75.11811023622047 28.913385826771652 de
509.9527559055118 609.7322834645669 75.11811023622047 28.913385826771652 La
547.3700787401575 609.7322834645669 162.70866141732284 28.913385826771652 Vallière,
672.6614173228346 609.7322834645669 137.76377952755905 28.913385826771652 célèbre
760.2519685039371 609.7322834645669 112.53543307086615 28.913385826771652 biblio-

120.4724409448819 635.5275590551181 139.1811023622047 28.346456692913385 phile.
217.70078740157481 635.5275590551181 69.44881889763779 28.346456692913385 —
245.76377952755905 635.5275590551181 83.33858267716535 28.346456692913385 L.
287.43307086614175 635.5275590551181 83.33858267716535 28.346456692913385 a.
329.1023622047244 635.5275590551181 83.33858267716535 28.346456692913385 s.
370.7716535433071 635.5275590551181 69.44881889763779 28.346456692913385 à
398.5511811023622 635.5275590551181 153.0708661417323 28.346456692913385 Mercier
509.9527559055118 635.5275590551181 83.33858267716535 28.346456692913385 de
551.6220472440945 635.5275590551181 222.51968503937007 28.346456692913385 Saint-Léger;
718.5826771653543 635.5275590551181 153.0708661417323 28.346456692913385 Bellevue,

118.48818897637796 661.3228346456693 90.70866141732283 27.496062992125985 25
163.84251968503938 661.3228346456693 151.08661417322836 27.496062992125985 avril,
269.5748031496063 661.3228346456693 75.68503937007874 27.496062992125985 1
299.90551181102364 661.3228346456693 90.70866141732283 27.496062992125985 p.
345.25984251968504 661.3228346456693 151.08661417322836 27.496062992125985 in-12.
450.99212598425197 661.3228346456693 196.44094488188978 27.496062992125985 (Coll.
602.0787401574803 661.3228346456693 257.1023622047244 27.496062992125985 Rathery).
813.8267716535433 661.3228346456693 75.68503937007874 27.496062992125985 6
828.8503937007874 661.3228346456693 45.354330708661415 27.496062992125985 »

15.307086614173228 709.511811023622 143.43307086614172 27.212598425196852 43538.
115.65354330708661 709.511811023622 172.06299212598427 27.212598425196852 LEFEBVRE
244.62992125984252 709.511811023622 315.21259842519686 27.212598425196852 (François-Joseph),
517.0393700787401 709.511811023622 100.34645669291339 27.212598425196852 duc
574.2992125984252 709.511811023622 85.88976377952756 27.212598425196852 de
617.3858267716536 709.511811023622 172.06299212598427 27.212598425196852 Dantzig,
731.9055118110236 709.511811023622 143.43307086614172 27.212598425196852 illustre

119.90551181102362 735.0236220472441 157.03937007874015 26.64566929133858 général
234.14173228346456 735.0236220472441 214.01574803149606 26.64566929133858 républicain
405.3543307086614 735.0236220472441 85.60629921259843 26.64566929133858 et
448.15748031496065 735.0236220472441 171.21259842519686 26.64566929133858 maréchal
576.5669291338583 735.0236220472441 185.66929133858267 26.64566929133858 d’Empire.
719.4330708661417 735.0236220472441 71.43307086614173 26.64566929133858 —
748.0629921259842 735.0236220472441 85.60629921259843 26.64566929133858 L.
790.8661417322835 735.0236220472441 85.60629921259843 26.64566929133858 s.
819.496062992126 735.0236220472441 56.976377952755904 26.64566929133858 au

121.03937007874016 761.3858267716536 148.251968503937 26.64566929133858 général
229.03937007874015 761.3858267716536 175.46456692913387 26.64566929133858 Denoyers;
363.9685039370079 761.3858267716536 134.9291338582677 26.64566929133858 Paris,
458.3622047244094 761.3858267716536 80.78740157480316 26.64566929133858 6e
498.8976377952756 761.3858267716536 108.0 26.64566929133858 jour
566.3622047244095 761.3858267716536 242.64566929133858 26.64566929133858 complémentaire
768.4724409448819 761.3858267716536 80.78740157480316 26.64566929133858 an
795.6850393700787 761.3858267716536 80.78740157480316 26.64566929133858 VII,

117.92125984251969 786.6141732283464 77.38582677165354 26.929133858267715 1
149.10236220472441 786.6141732283464 92.69291338582677 26.929133858267715 p.
195.30708661417322 786.6141732283464 200.9763779527559 26.929133858267715 in-folio,
350.0787401574803 786.6141732283464 123.8740157480315 26.929133858267715 tête
427.46456692913387 786.6141732283464 92.69291338582677 26.929133858267715 et
473.6692913385827 786.6141732283464 200.9763779527559 26.929133858267715 vignettes
628.4409448818898 786.6141732283464 216.56692913385828 26.929133858267715 imprimées.
798.5196850393701 786.6141732283464 92.69291338582677 26.929133858267715 10
829.4173228346457 786.6141732283464 46.488188976377955 26.929133858267715 »

115.37007874015748 834.5196850393701 100.91338582677166 20.976377952755904 PIÈCE
182.83464566929135 834.5196850393701 168.09448818897638 20.976377952755904 HISTORIQUE.
317.1968503937008 834.5196850393701 67.18110236220473 20.976377952755904 Il
350.6456692913386 834.5196850393701 111.96850393700787 20.976377952755904 charge
429.1653543307087 834.5196850393701 246.33070866141733 20.976377952755904 l'adjudant-général
641.7637795275591 834.5196850393701 235.2755905511811 20.976377952755904 Palasne-Champeaux
832.2519685039371 834.5196850393701 44.78740157480315 20.976377952755904 de

96.66141732283465 854.0787401574803 151.6535433070866 20.976377952755904 poursuivre
215.71653543307087 854.0787401574803 64.91338582677166 20.976377952755904 un
248.31496062992127 854.0787401574803 184.251968503937 20.976377952755904 rassemblement
399.9685039370079 854.0787401574803 64.91338582677166 20.976377952755904 de
432.2834645669291 854.0787401574803 130.11023622047244 20.976377952755904 brigands
529.7952755905512 854.0787401574803 108.28346456692914 20.976377952755904 royaux
605.7637795275591 854.0787401574803 75.68503937007874 20.976377952755904 qui
649.1338582677165 854.0787401574803 97.51181102362204 20.976377952755904 s’est
714.0472440944882 854.0787401574803 108.28346456692914 20.976377952755904 montré
789.7322834645669 854.0787401574803 64.91338582677166 20.976377952755904 au
811.5590551181102 854.0787401574803 64.91338582677166 20.976377952755904 lieu

97.22834645669292 873.0708661417323 75.68503937007874 20.409448818897637 dit
140.5984251968504 873.0708661417323 75.68503937007874 20.409448818897637 des
183.68503937007873 873.0708661417323 129.82677165354332 20.409448818897637 Tassses,
281.1968503937008 873.0708661417323 108.28346456692914 20.409448818897637 canton
356.88188976377955 873.0708661417323 64.91338582677166 20.409448818897637 de
389.1968503937008 873.0708661417323 162.4251968503937 20.409448818897637 Villeneuve,
519.0236220472441 873.0708661417323 205.51181102362204 20.409448818897637 (arrondissement
692.2204724409448 873.0708661417323 64.91338582677166 20.409448818897637 de
713.7637795275591 873.0708661417323 162.4251968503937 20.409448818897637 Rambouillet),

97.51181102362204 892.3464566929134 64.06299212598425 21.543307086614174 et
129.54330708661416 892.3464566929134 64.06299212598425 21.543307086614174 de
161.5748031496063 892.3464566929134 149.38582677165354 21.543307086614174 poursuivre
278.92913385826773 892.3464566929134 64.06299212598425 21.543307086614174 le
310.96062992125985 892.3464566929134 74.83464566929133 21.543307086614174 dit
353.76377952755905 892.3464566929134 181.41732283464566 21.543307086614174 rassemblement
503.1496062992126 892.3464566929134 106.86614173228347 21.543307086614174 jusque
577.9842519685039 892.3464566929134 74.83464566929133 21.543307086614174 sur
620.503937007874 892.3464566929134 64.06299212598425 21.543307086614174 le
652.5354330708661 892.3464566929134 149.38582677165354 21.543307086614174 territoire
769.8897637795276 892.3464566929134 64.06299212598425 21.543307086614174 du
791.4330708661417 892.3464566929134 85.32283464566929 21.543307086614174 dépar-

97.22834645669292 913.6062992125984 105.16535433070867 15.307086614173228 tement
160.15748031496062 913.6062992125984 178.86614173228347 15.307086614173228 d’Eure

17.5748031496063 953.5748031496063 132.09448818897638 28.913385826771652 43539.
110.26771653543307 953.5748031496063 145.41732283464566 28.913385826771652 LEMAIRE
216.0 953.5748031496063 277.51181102362204 28.913385826771652 (Philippe-Henri),
454.1102362204724 953.5748031496063 185.10236220472441 28.913385826771652 sculpteur,
599.5275590551181 953.5748031496063 132.09448818897638 28.913385826771652 auteur
691.9370078740158 953.5748031496063 79.37007874015748 28.913385826771652 du
731.6220472440945 953.5748031496063 145.41732283464566 28.913385826771652 fronton
824.0314960629921 953.5748031496063 53.00787401574803 28.913385826771652 de

119.62204724409449 978.8031496062993 79.65354330708661 27.77952755905512 la
159.59055118110237 978.8031496062993 185.95275590551182 27.77952755905512 Madeleine,
305.5748031496063 978.8031496062993 132.9448818897638 27.77952755905512 membre
398.8346456692913 978.8031496062993 79.65354330708661 27.77952755905512 de
438.5196850393701 978.8031496062993 199.2755905511811 27.77952755905512 l’Institut,
598.1102362204724 978.8031496062993 79.65354330708661 27.77952755905512 né
637.7952755905512 978.8031496062993 66.33070866141732 27.77952755905512 à
664.4409448818898 978.8031496062993 225.92125984251967 27.77952755905512 Valenciennes.
837.0708661417323 978.8031496062993 39.968503937007874 27.77952755905512 —

102.61417322834646 1005.4488188976378 185.95275590551182 28.346456692913385 L.
195.59055118110237 1005.4488188976378 185.95275590551182 28.346456692913385 a.
288.2834645669291 1005.4488188976378 216.8503937007874 28.346456692913385 s.,
412.4409448818898 1005.4488188976378 154.77165354330708 28.346456692913385 1
474.23622047244095 1005.4488188976378 185.95275590551182 28.346456692913385 p.
567.2125984251968 1005.4488188976378 278.92913385826773 28.346456692913385 in-8.
753.1653543307086 1005.4488188976378 154.77165354330708 28.346456692913385 3
784.0629921259842 1005.4488188976378 92.97637795275591 28.346456692913385 »

17.858267716535433 1053.3543307086613 130.11023622047244 29.763779527559056 43540.
109.13385826771653 1053.3543307086613 143.1496062992126 29.763779527559056 LÉOPOLD
213.16535433070865 1053.3543307086613 104.03149606299213 29.763779527559056 Ier,
278.3622047244094 1053.3543307086613 156.18897637795277 29.763779527559056 empereur
395.43307086614175 1053.3543307086613 208.3464566929134 29.763779527559056 d’Allemagne.
564.6614173228346 1053.3543307086613 65.19685039370079 29.763779527559056 —
590.7401574803149 1053.3543307086613 78.23622047244095 29.763779527559056 L.
629.5748031496063 1053.3543307086613 78.23622047244095 29.763779527559056 a.
668.6929133858267 1053.3543307086613 90.99212598425197 29.763779527559056 s.,
720.8503937007874 1053.3543307086613 78.23622047244095 29.763779527559056 en
746.9291338582677 1053.3543307086613 130.11023622047244 29.763779527559056 italien,

120.4724409448819 1078.5826771653544 78.23622047244095 34.01574803149607 au
159.59055118110237 1078.5826771653544 104.31496062992126 34.01574803149607 pape
224.78740157480314 1078.5826771653544 143.43307086614172 34.01574803149607 Clément
329.1023622047244 1078.5826771653544 78.23622047244095 34.01574803149607 X;
368.2204724409449 1078.5826771653544 169.51181102362204 34.01574803149607 Eberstatt
498.61417322834643 1078.5826771653544 104.31496062992126 34.01574803149607 (?),
564.0944881889764 1078.5826771653544 78.23622047244095 34.01574803149607 19
603.2125984251968 1078.5826771653544 169.51181102362204 34.01574803149607 septembre
733.6062992125984 1078.5826771653544 117.35433070866142 34.01574803149607 1671,
811.8425196850394 1078.5826771653544 65.19685039370079 34.01574803149607 1
824.8818897637796 1078.5826771653544 52.15748031496063 34.01574803149607 p.

120.18897637795276 1104.0944881889764 166.96062992125985 30.89763779527559 in-folio,
248.5984251968504 1104.0944881889764 128.40944881889763 30.89763779527559 cachet
338.45669291338584 1104.0944881889764 102.61417322834646 30.89763779527559 bien
402.5196850393701 1104.0944881889764 166.96062992125985 30.89763779527559 conservé.
530.9291338582677 1104.0944881889764 179.71653543307087 30.89763779527559 Superbe
672.0944881889764 1104.0944881889764 179.71653543307087 30.89763779527559 pièce.
813.5433070866142 1104.0944881889764 77.10236220472441 30.89763779527559 40
839.0551181102362 1104.0944881889764 38.55118110236221 30.89763779527559 »

14.740157480314961 1152.5669291338584 148.8188976377953 31.181102362204726 43541.
119.05511811023622 1152.5669291338584 148.8188976377953 31.181102362204726 LIONNE
223.37007874015748 1152.5669291338584 163.84251968503938 31.181102362204726 (Hugues
342.4251968503937 1152.5669291338584 119.05511811023622 31.181102362204726 de),
416.9763779527559 1152.5669291338584 163.84251968503938 31.181102362204726 célèbre
536.0314960629921 1152.5669291338584 208.62992125984252 31.181102362204726 diplomate,
699.8740157480315 1152.5669291338584 178.86614173228347 31.181102362204726 ministre
819.2125984251968 1152.5669291338584 59.52755905511811 31.181102362204726 de

120.4724409448819 1178.3622047244094 108.28346456692914 32.031496062992126 Louis
192.4724409448819 1178.3622047244094 96.09448818897638 32.031496062992126 XIV.
252.56692913385828 1178.3622047244094 60.09448818897638 32.031496062992126 —
276.66141732283467 1178.3622047244094 72.0 32.031496062992126 L.
312.66141732283467 1178.3622047244094 72.0 32.031496062992126 a.
348.66141732283467 1178.3622047244094 84.18897637795276 32.031496062992126 s.,
396.8503937007874 1178.3622047244094 120.18897637795276 32.031496062992126 Paris,
481.03937007874015 1178.3622047244094 60.09448818897638 32.031496062992126 6
504.8503937007874 1178.3622047244094 156.18897637795277 32.031496062992126 septembre
625.3228346456693 1178.3622047244094 108.28346456692914 32.031496062992126 1647,
697.3228346456693 1178.3622047244094 60.09448818897638 32.031496062992126 1
721.4173228346457 1178.3622047244094 72.0 32.031496062992126 p.
745.511811023622 1178.3622047244094 132.09448818897638 32.031496062992126 in

800.503937007874 1205.291338582677 94.96062992125984 20.125984251968504 40
832.2519685039371 1205.291338582677 47.338582677165356 20.125984251968504 »

114.51968503937007 1248.9448818897638 109.41732283464567 27.496062992125985 Superbe
194.17322834645668 1248.9448818897638 99.49606299212599 27.496062992125985 lettre
263.62204724409446 1248.9448818897638 119.33858267716535 27.496062992125985 relative
353.1968503937008 1248.9448818897638 69.73228346456693 27.496062992125985 aux
392.88188976377955 1248.9448818897638 149.10236220472441 27.496062992125985 difficultés
512.2204724409448 1248.9448818897638 129.25984251968504 27.496062992125985 d'assurer
611.7165354330708 1248.9448818897638 59.52755905511811 27.496062992125985 le
641.4803149606299 1248.9448818897638 119.33858267716535 27.496062992125985 paiement
731.0551181102362 1248.9448818897638 59.52755905511811 27.496062992125985 de
760.8188976377953 1248.9448818897638 59.52755905511811 27.496062992125985 la
790.5826771653543 1248.9448818897638 89.5748031496063 27.496062992125985 solde
840.4724409448819 1248.9448818897638 39.68503937007874 27.496062992125985 de

84.4724409448819 1275.3070866141732 101.76377952755905 16.440944881889763 l’armée.

13.606299212598426 1311.3070866141732 140.03149606299212 38.83464566929134 43542.
111.4015748031496 1311.3070866141732 195.8740157480315 38.83464566929134 LISSAGARAY
265.3228346456693 1311.3070866141732 195.8740157480315 38.83464566929134 (Prosper),
419.244094488189 1311.3070866141732 153.92125984251967 38.83464566929134 général
531.2125984251968 1311.3070866141732 83.90551181102362 38.83464566929134 de
573.1653543307086 1311.3070866141732 83.90551181102362 38.83464566929134 la
615.1181102362204 1311.3070866141732 153.92125984251967 38.83464566929134 Défense
713.1968503937007 1311.3070866141732 167.81102362204723 38.83464566929134 nationale;

116.50393700787401 1337.1023622047244 81.92125984251969 35.1496062992126 il
157.3228346456693 1337.1023622047244 109.13385826771653 35.1496062992126 prit
225.63779527559055 1337.1023622047244 95.5275590551181 35.1496062992126 une
280.34645669291336 1337.1023622047244 109.13385826771653 35.1496062992126 part
348.66141732283467 1337.1023622047244 136.62992125984252 35.1496062992126 active
444.18897637795277 1337.1023622047244 95.5275590551181 35.1496062992126 aux
498.61417322834643 1337.1023622047244 191.0551181102362 35.1496062992126 événements
648.8503937007874 1337.1023622047244 81.92125984251969 35.1496062992126 de
689.9527559055118 1337.1023622047244 81.92125984251969 35.1496062992126 la
730.7716535433071 1337.1023622047244 163.84251968503938 35.1496062992126 Commune.
840.1889763779527 1337.1023622047244 40.818897637795274 35.1496062992126 —

115.37007874015748 1363.748031496063 73.7007874015748 35.43307086614173 2
144.8503937007874 1363.748031496063 88.44094488188976 35.43307086614173 l.
189.0708661417323 1363.748031496063 88.44094488188976 35.43307086614173 a.
233.29133858267716 1363.748031496063 103.18110236220473 35.43307086614173 s.;
291.9685039370079 1363.748031496063 176.5984251968504 35.43307086614173 Londres,
424.62992125984255 1363.748031496063 206.07874015748033 35.43307086614173 1878-1879,
586.488188976378 1363.748031496063 73.7007874015748 35.43307086614173 4
615.9685039370079 1363.748031496063 88.44094488188976 35.43307086614173 p.
660.1889763779527 1363.748031496063 103.18110236220473 35.43307086614173 1/2
719.1496062992126 1363.748031496063 132.3779527559055 35.43307086614173 in-8.
807.3070866141733 1363.748031496063 88.44094488188976 35.43307086614173 10
836.7874015748032 1363.748031496063 44.22047244094488 35.43307086614173 »

113.38582677165354 1411.9370078740158 138.89763779527559 30.614173228346456 Curieuses
220.251968503937 1411.9370078740158 128.1259842519685 30.614173228346456 lettres.
316.34645669291336 1411.9370078740158 85.60629921259843 30.614173228346456 Dans
369.9212598425197 1411.9370078740158 64.06299212598425 30.614173228346456 la
401.9527559055118 1411.9370078740158 128.1259842519685 30.614173228346456 première
498.0472440944882 1411.9370078740158 64.06299212598425 30.614173228346456 il
530.0787401574803 1411.9370078740158 117.63779527559055 30.614173228346456 demande
615.6850393700787 1411.9370078740158 96.09448818897638 30.614173228346456 qu’on
679.7480314960629 1411.9370078740158 138.89763779527559 30.614173228346456 intercède
786.6141732283464 1411.9370078740158 85.60629921259843 30.614173228346456 pour
829.4173228346457 1411.9370078740158 53.29133858267716 30.614173228346456 lui

93.8267716535433 1431.2125984251968 84.18897637795276 34.01574803149607 près
146.26771653543307 1431.2125984251968 62.92913385826772 34.01574803149607 de
178.01574803149606 1431.2125984251968 62.92913385826772 34.01574803149607 la
209.48031496062993 1431.2125984251968 136.62992125984252 34.01574803149607 Compagnie
314.6456692913386 1431.2125984251968 62.92913385826772 34.01574803149607 du
346.1102362204724 1431.2125984251968 105.16535433070867 34.01574803149607 chemin
419.5275590551181 1431.2125984251968 62.92913385826772 34.01574803149607 de
451.2755905511811 1431.2125984251968 73.7007874015748 34.01574803149607 fer
493.2283464566929 1431.2125984251968 136.62992125984252 34.01574803149607 d’Orléans
598.3937007874016 1431.2125984251968 84.18897637795276 34.01574803149607 pour
650.8346456692914 1431.2125984251968 73.7007874015748 34.01574803149607 lui
693.0708661417323 1431.2125984251968 94.67716535433071 34.01574803149607 faire
756.0 1431.2125984251968 115.65354330708661 34.01574803149607 adopter
829.7007874015748 1431.2125984251968 52.44094488188976 34.01574803149607 une
