<?xml version="1.0" encoding="UTF-8"?>
<alto xmlns:xsi="http://www.w3.org/2001/XMLSchema-instance"
      xmlns="http://www.loc.gov/standards/alto/ns-v2#"
      xmlns:page="http://schema.primaresearch.org/PAGE/gts/pagecontent/2013-07-15"
      xsi:schemaLocation="http://www.loc.gov/standards/alto/ns-v2# http://www.loc.gov/standards/alto/alto.xsd">
   <Description>
      <MeasurementUnit>pixel</MeasurementUnit>
      <OCRProcessing ID="IdOcr">
         <ocrProcessingStep>
            <processingDateTime>2020-05-13T10:41:09.518+02:00</processingDateTime>
            <processingSoftware>
               <softwareCreator>READ COOP</softwareCreator>
               <softwareName>Transkribus</softwareName>
            </processingSoftware>
         </ocrProcessingStep>
      </OCRProcessing>
   </Description>
   <Tags/>
   <Layout>
      <Page ID="Page1" PHYSICAL_IMG_NR="1" HEIGHT="5268" WIDTH="3145">
         <TopMargin HEIGHT="70" WIDTH="3145" VPOS="0" HPOS="0"/>
         <LeftMargin HEIGHT="5197" WIDTH="0" VPOS="70" HPOS="0"/>
         <RightMargin HEIGHT="5197" WIDTH="74" VPOS="70" HPOS="3071"/>
         <BottomMargin HEIGHT="1" WIDTH="3145" VPOS="5267" HPOS="0"/>
         <PrintSpace HEIGHT="5197" WIDTH="3071" VPOS="70" HPOS="0">
            <TextBlock ID="r_1_1" HEIGHT="76" WIDTH="360" VPOS="80" HPOS="1371">
               <Shape>
                  <Polygon POINTS="1371,80 1731,80 1731,156 1371,156"/>
               </Shape>
               <TextLine ID="tl_1"
                         BASELINE="155"
                         HEIGHT="74"
                         WIDTH="358"
                         VPOS="81"
                         HPOS="1372">
                  <String HEIGHT="74" WIDTH="298" VPOS="81" HPOS="1312" CONTENT="—"/>
                  <SP HEIGHT="74" WIDTH="60" VPOS="81" HPOS="1611"/>
                  <String HEIGHT="74" WIDTH="358" VPOS="81" HPOS="1432" CONTENT="10"/>
                  <SP HEIGHT="74" WIDTH="60" VPOS="81" HPOS="1790"/>
                  <String HEIGHT="74" WIDTH="179" VPOS="81" HPOS="1551" CONTENT="—"/>
               </TextLine>
            </TextBlock>
            <TextBlock ID="r_2_1" HEIGHT="224" WIDTH="2716" VPOS="272" HPOS="324">
               <Shape>
                  <Polygon POINTS="324,272 3040,272 3040,496 324,496"/>
               </Shape>
               <TextLine ID="tl_2"
                         BASELINE="369"
                         HEIGHT="96"
                         WIDTH="2710"
                         VPOS="273"
                         HPOS="329">
                  <String HEIGHT="96"
                          WIDTH="301"
                          VPOS="273"
                          HPOS="291"
                          CONTENT="«Ils"/>
                  <SP HEIGHT="96" WIDTH="38" VPOS="273" HPOS="592"/>
                  <String HEIGHT="96"
                          WIDTH="602"
                          VPOS="273"
                          HPOS="480"
                          CONTENT="s'approchent"/>
                  <SP HEIGHT="96" WIDTH="38" VPOS="273" HPOS="1082"/>
                  <String HEIGHT="96" WIDTH="226" VPOS="273" HPOS="969" CONTENT="si"/>
                  <SP HEIGHT="96" WIDTH="38" VPOS="273" HPOS="1195"/>
                  <String HEIGHT="96"
                          WIDTH="301"
                          VPOS="273"
                          HPOS="1082"
                          CONTENT="près"/>
                  <SP HEIGHT="96" WIDTH="38" VPOS="273" HPOS="1383"/>
                  <String HEIGHT="96" WIDTH="226" VPOS="273" HPOS="1270" CONTENT="de"/>
                  <SP HEIGHT="96" WIDTH="38" VPOS="273" HPOS="1496"/>
                  <String HEIGHT="96" WIDTH="226" VPOS="273" HPOS="1383" CONTENT="La"/>
                  <SP HEIGHT="96" WIDTH="38" VPOS="273" HPOS="1609"/>
                  <String HEIGHT="96"
                          WIDTH="452"
                          VPOS="273"
                          HPOS="1496"
                          CONTENT="Rochelle"/>
                  <SP HEIGHT="96" WIDTH="38" VPOS="273" HPOS="1947"/>
                  <String HEIGHT="96"
                          WIDTH="263"
                          VPOS="273"
                          HPOS="1835"
                          CONTENT="que"/>
                  <SP HEIGHT="96" WIDTH="38" VPOS="273" HPOS="2098"/>
                  <String HEIGHT="96"
                          WIDTH="301"
                          VPOS="273"
                          HPOS="1985"
                          CONTENT="silz"/>
                  <SP HEIGHT="96" WIDTH="38" VPOS="273" HPOS="2286"/>
                  <String HEIGHT="96" WIDTH="226" VPOS="273" HPOS="2173" CONTENT="la"/>
                  <SP HEIGHT="96" WIDTH="38" VPOS="273" HPOS="2399"/>
                  <String HEIGHT="96"
                          WIDTH="489"
                          VPOS="273"
                          HPOS="2286"
                          CONTENT="vouloient"/>
                  <SP HEIGHT="96" WIDTH="38" VPOS="273" HPOS="2776"/>
                  <String HEIGHT="96"
                          WIDTH="376"
                          VPOS="273"
                          HPOS="2663"
                          CONTENT="forcer"/>
                  <SP HEIGHT="96" WIDTH="38" VPOS="273" HPOS="3039"/>
                  <String HEIGHT="96" WIDTH="151" VPOS="273" HPOS="2888" CONTENT="je"/>
               </TextLine>
               <TextLine ID="tl_3"
                         BASELINE="433"
                         HEIGHT="94"
                         WIDTH="2711"
                         VPOS="339"
                         HPOS="328">
                  <String HEIGHT="94"
                          WIDTH="499"
                          VPOS="339"
                          HPOS="292"
                          CONTENT="craindrois"/>
                  <SP HEIGHT="94" WIDTH="36" VPOS="339" HPOS="792"/>
                  <String HEIGHT="94" WIDTH="250" VPOS="339" HPOS="685" CONTENT="que"/>
                  <SP HEIGHT="94" WIDTH="36" VPOS="339" HPOS="934"/>
                  <String HEIGHT="94"
                          WIDTH="285"
                          VPOS="339"
                          HPOS="827"
                          CONTENT="sans"/>
                  <SP HEIGHT="94" WIDTH="36" VPOS="339" HPOS="1113"/>
                  <String HEIGHT="94"
                          WIDTH="285"
                          VPOS="339"
                          HPOS="1006"
                          CONTENT="led."/>
                  <SP HEIGHT="94" WIDTH="36" VPOS="339" HPOS="1291"/>
                  <String HEIGHT="94"
                          WIDTH="535"
                          VPOS="339"
                          HPOS="1184"
                          CONTENT="arrière-ban"/>
                  <SP HEIGHT="94" WIDTH="36" VPOS="339" HPOS="1719"/>
                  <String HEIGHT="94"
                          WIDTH="250"
                          VPOS="339"
                          HPOS="1612"
                          CONTENT="lon"/>
                  <SP HEIGHT="94" WIDTH="36" VPOS="339" HPOS="1862"/>
                  <String HEIGHT="94" WIDTH="214" VPOS="339" HPOS="1755" CONTENT="ne"/>
                  <SP HEIGHT="94" WIDTH="36" VPOS="339" HPOS="1969"/>
                  <String HEIGHT="94"
                          WIDTH="285"
                          VPOS="339"
                          HPOS="1862"
                          CONTENT="leur"/>
                  <SP HEIGHT="94" WIDTH="36" VPOS="339" HPOS="2147"/>
                  <String HEIGHT="94"
                          WIDTH="285"
                          VPOS="339"
                          HPOS="2040"
                          CONTENT="pust"/>
                  <SP HEIGHT="94" WIDTH="36" VPOS="339" HPOS="2326"/>
                  <String HEIGHT="94"
                          WIDTH="321"
                          VPOS="339"
                          HPOS="2219"
                          CONTENT="faire"/>
                  <SP HEIGHT="94" WIDTH="36" VPOS="339" HPOS="2540"/>
                  <String HEIGHT="94"
                          WIDTH="499"
                          VPOS="339"
                          HPOS="2433"
                          CONTENT="resistance"/>
                  <SP HEIGHT="94" WIDTH="36" VPOS="339" HPOS="2932"/>
                  <String HEIGHT="94"
                          WIDTH="250"
                          VPOS="339"
                          HPOS="2789"
                          CONTENT="parce"/>
               </TextLine>
               <TextLine ID="tl_4"
                         BASELINE="495"
                         HEIGHT="86"
                         WIDTH="2112"
                         VPOS="409"
                         HPOS="325">
                  <String HEIGHT="86" WIDTH="264" VPOS="409" HPOS="287" CONTENT="que"/>
                  <SP HEIGHT="86" WIDTH="38" VPOS="409" HPOS="551"/>
                  <String HEIGHT="86" WIDTH="226" VPOS="409" HPOS="438" CONTENT="la"/>
                  <SP HEIGHT="86" WIDTH="38" VPOS="409" HPOS="664"/>
                  <String HEIGHT="86"
                          WIDTH="453"
                          VPOS="409"
                          HPOS="551"
                          CONTENT="pluspart"/>
                  <SP HEIGHT="86" WIDTH="38" VPOS="409" HPOS="1004"/>
                  <String HEIGHT="86" WIDTH="264" VPOS="409" HPOS="891" CONTENT="des"/>
                  <SP HEIGHT="86" WIDTH="38" VPOS="409" HPOS="1155"/>
                  <String HEIGHT="86"
                          WIDTH="641"
                          VPOS="409"
                          HPOS="1042"
                          CONTENT="gentilzhommes"/>
                  <SP HEIGHT="86" WIDTH="38" VPOS="409" HPOS="1683"/>
                  <String HEIGHT="86" WIDTH="226" VPOS="409" HPOS="1570" CONTENT="du"/>
                  <SP HEIGHT="86" WIDTH="38" VPOS="409" HPOS="1796"/>
                  <String HEIGHT="86"
                          WIDTH="302"
                          VPOS="409"
                          HPOS="1683"
                          CONTENT="païs"/>
                  <SP HEIGHT="86" WIDTH="38" VPOS="409" HPOS="1984"/>
                  <String HEIGHT="86" WIDTH="226" VPOS="409" HPOS="1871" CONTENT="en"/>
                  <SP HEIGHT="86" WIDTH="38" VPOS="409" HPOS="2098"/>
                  <String HEIGHT="86"
                          WIDTH="302"
                          VPOS="409"
                          HPOS="1984"
                          CONTENT="sont"/>
                  <SP HEIGHT="86" WIDTH="38" VPOS="409" HPOS="2286"/>
                  <String HEIGHT="86"
                          WIDTH="302"
                          VPOS="409"
                          HPOS="2135"
                          CONTENT="hors.»"/>
               </TextLine>
            </TextBlock>
            <TextBlock ID="r_2_2" HEIGHT="208" WIDTH="2981" VPOS="559" HPOS="55">
               <Shape>
                  <Polygon POINTS="55,559 3036,559 3036,767 55,767"/>
               </Shape>
               <TextLine ID="tl_5"
                         BASELINE="676"
                         HEIGHT="116"
                         WIDTH="2979"
                         VPOS="560"
                         HPOS="56">
                  <String HEIGHT="116"
                          WIDTH="480"
                          VPOS="560"
                          HPOS="8"
                          CONTENT="43524."/>
                  <SP HEIGHT="116" WIDTH="48" VPOS="560" HPOS="488"/>
                  <String HEIGHT="116"
                          WIDTH="432"
                          VPOS="560"
                          HPOS="344"
                          CONTENT="HENRI"/>
                  <SP HEIGHT="116" WIDTH="48" VPOS="560" HPOS="777"/>
                  <String HEIGHT="116"
                          WIDTH="336"
                          VPOS="560"
                          HPOS="633"
                          CONTENT="IV,"/>
                  <SP HEIGHT="116" WIDTH="48" VPOS="560" HPOS="969"/>
                  <String HEIGHT="116"
                          WIDTH="336"
                          VPOS="560"
                          HPOS="825"
                          CONTENT="roi"/>
                  <SP HEIGHT="116" WIDTH="48" VPOS="560" HPOS="1161"/>
                  <String HEIGHT="116"
                          WIDTH="288"
                          VPOS="560"
                          HPOS="1017"
                          CONTENT="de"/>
                  <SP HEIGHT="116" WIDTH="48" VPOS="560" HPOS="1305"/>
                  <String HEIGHT="116"
                          WIDTH="529"
                          VPOS="560"
                          HPOS="1161"
                          CONTENT="France."/>
                  <SP HEIGHT="116" WIDTH="48" VPOS="560" HPOS="1690"/>
                  <String HEIGHT="116" WIDTH="240" VPOS="560" HPOS="1546" CONTENT="—"/>
                  <SP HEIGHT="116" WIDTH="48" VPOS="560" HPOS="1786"/>
                  <String HEIGHT="116"
                          WIDTH="288"
                          VPOS="560"
                          HPOS="1642"
                          CONTENT="P."/>
                  <SP HEIGHT="116" WIDTH="48" VPOS="560" HPOS="1930"/>
                  <String HEIGHT="116"
                          WIDTH="336"
                          VPOS="560"
                          HPOS="1786"
                          CONTENT="s.,"/>
                  <SP HEIGHT="116" WIDTH="48" VPOS="560" HPOS="2122"/>
                  <String HEIGHT="116"
                          WIDTH="336"
                          VPOS="560"
                          HPOS="1978"
                          CONTENT="sur"/>
                  <SP HEIGHT="116" WIDTH="48" VPOS="560" HPOS="2314"/>
                  <String HEIGHT="116"
                          WIDTH="529"
                          VPOS="560"
                          HPOS="2170"
                          CONTENT="papier;"/>
                  <SP HEIGHT="116" WIDTH="48" VPOS="560" HPOS="2699"/>
                  <String HEIGHT="116"
                          WIDTH="529"
                          VPOS="560"
                          HPOS="2506"
                          CONTENT="Fontaine"
                          SUBS_TYPE="HypPart1"
                          SUBS_CONTENT="Fontainebleau,"/>
                  <HYP CONTENT="-"/>
               </TextLine>
               <TextLine ID="tl_6"
                         BASELINE="766"
                         HEIGHT="116"
                         WIDTH="2623"
                         VPOS="650"
                         HPOS="412">
                  <String HEIGHT="116"
                          WIDTH="673"
                          VPOS="650"
                          HPOS="345"
                          CONTENT="bleau,"
                          SUBS_TYPE="HypPart2"
                          SUBS_CONTENT="Fontainebleau,"/>
                  <SP HEIGHT="116" WIDTH="67" VPOS="650" HPOS="1017"/>
                  <String HEIGHT="116" WIDTH="336" VPOS="650" HPOS="816" CONTENT="3"/>
                  <SP HEIGHT="116" WIDTH="67" VPOS="650" HPOS="1152"/>
                  <String HEIGHT="116"
                          WIDTH="538"
                          VPOS="650"
                          HPOS="950"
                          CONTENT="juin"/>
                  <SP HEIGHT="116" WIDTH="67" VPOS="650" HPOS="1488"/>
                  <String HEIGHT="116"
                          WIDTH="605"
                          VPOS="650"
                          HPOS="1286"
                          CONTENT="1602,"/>
                  <SP HEIGHT="116" WIDTH="67" VPOS="650" HPOS="1892"/>
                  <String HEIGHT="116" WIDTH="336" VPOS="650" HPOS="1690" CONTENT="1"/>
                  <SP HEIGHT="116" WIDTH="67" VPOS="650" HPOS="2026"/>
                  <String HEIGHT="116"
                          WIDTH="404"
                          VPOS="650"
                          HPOS="1824"
                          CONTENT="p."/>
                  <SP HEIGHT="116" WIDTH="67" VPOS="650" HPOS="2228"/>
                  <String HEIGHT="116"
                          WIDTH="874"
                          VPOS="650"
                          HPOS="2026"
                          CONTENT="in-folio."/>
                  <SP HEIGHT="116" WIDTH="67" VPOS="650" HPOS="2900"/>
                  <String HEIGHT="116"
                          WIDTH="404"
                          VPOS="650"
                          HPOS="2699"
                          CONTENT="10"/>
                  <SP HEIGHT="116" WIDTH="67" VPOS="650" HPOS="3102"/>
                  <String HEIGHT="116" WIDTH="202" VPOS="650" HPOS="2833" CONTENT="»"/>
               </TextLine>
            </TextBlock>
            <TextBlock ID="r_2_3" HEIGHT="153" WIDTH="2719" VPOS="808" HPOS="322">
               <Shape>
                  <Polygon POINTS="322,808 3041,808 3041,961 322,961"/>
               </Shape>
               <TextLine ID="tl_7"
                         BASELINE="905"
                         HEIGHT="96"
                         WIDTH="2649"
                         VPOS="809"
                         HPOS="391">
                  <String HEIGHT="96"
                          WIDTH="530"
                          VPOS="809"
                          HPOS="353"
                          CONTENT="Passe-port"/>
                  <SP HEIGHT="96" WIDTH="38" VPOS="809" HPOS="883"/>
                  <String HEIGHT="96"
                          WIDTH="303"
                          VPOS="809"
                          HPOS="769"
                          CONTENT="pour"/>
                  <SP HEIGHT="96" WIDTH="38" VPOS="809" HPOS="1072"/>
                  <String HEIGHT="96" WIDTH="227" VPOS="809" HPOS="959" CONTENT="le"/>
                  <SP HEIGHT="96" WIDTH="38" VPOS="809" HPOS="1186"/>
                  <String HEIGHT="96"
                          WIDTH="378"
                          VPOS="809"
                          HPOS="1072"
                          CONTENT="prince"/>
                  <SP HEIGHT="96" WIDTH="38" VPOS="809" HPOS="1451"/>
                  <String HEIGHT="96"
                          WIDTH="454"
                          VPOS="809"
                          HPOS="1337"
                          CONTENT="d'Orange"/>
                  <SP HEIGHT="96" WIDTH="38" VPOS="809" HPOS="1791"/>
                  <String HEIGHT="96"
                          WIDTH="908"
                          VPOS="809"
                          HPOS="1678"
                          CONTENT="(Philippe-Guillaume)"/>
                  <SP HEIGHT="96" WIDTH="38" VPOS="809" HPOS="2586"/>
                  <String HEIGHT="96"
                          WIDTH="265"
                          VPOS="809"
                          HPOS="2472"
                          CONTENT="qui"/>
                  <SP HEIGHT="96" WIDTH="38" VPOS="809" HPOS="2737"/>
                  <String HEIGHT="96"
                          WIDTH="303"
                          VPOS="809"
                          HPOS="2624"
                          CONTENT="veut"/>
                  <SP HEIGHT="96" WIDTH="38" VPOS="809" HPOS="2926"/>
                  <String HEIGHT="96"
                          WIDTH="265"
                          VPOS="809"
                          HPOS="2775"
                          CONTENT="aller"/>
               </TextLine>
               <TextLine ID="tl_8"
                         BASELINE="960"
                         HEIGHT="80"
                         WIDTH="2209"
                         VPOS="880"
                         HPOS="323">
                  <String HEIGHT="80" WIDTH="229" VPOS="880" HPOS="285" CONTENT="de"/>
                  <SP HEIGHT="80" WIDTH="38" VPOS="880" HPOS="513"/>
                  <String HEIGHT="80"
                          WIDTH="419"
                          VPOS="880"
                          HPOS="399"
                          CONTENT="Flandre"/>
                  <SP HEIGHT="80" WIDTH="38" VPOS="880" HPOS="818"/>
                  <String HEIGHT="80" WIDTH="229" VPOS="880" HPOS="704" CONTENT="au"/>
                  <SP HEIGHT="80" WIDTH="38" VPOS="880" HPOS="932"/>
                  <String HEIGHT="80"
                          WIDTH="343"
                          VPOS="880"
                          HPOS="818"
                          CONTENT="comté"/>
                  <SP HEIGHT="80" WIDTH="38" VPOS="880" HPOS="1161"/>
                  <String HEIGHT="80" WIDTH="229" VPOS="880" HPOS="1047" CONTENT="de"/>
                  <SP HEIGHT="80" WIDTH="38" VPOS="880" HPOS="1275"/>
                  <String HEIGHT="80"
                          WIDTH="495"
                          VPOS="880"
                          HPOS="1161"
                          CONTENT="Bourgogne"/>
                  <SP HEIGHT="80" WIDTH="38" VPOS="880" HPOS="1656"/>
                  <String HEIGHT="80" WIDTH="229" VPOS="880" HPOS="1542" CONTENT="en"/>
                  <SP HEIGHT="80" WIDTH="38" VPOS="880" HPOS="1770"/>
                  <String HEIGHT="80"
                          WIDTH="419"
                          VPOS="880"
                          HPOS="1656"
                          CONTENT="passant"/>
                  <SP HEIGHT="80" WIDTH="38" VPOS="880" HPOS="2075"/>
                  <String HEIGHT="80"
                          WIDTH="267"
                          VPOS="880"
                          HPOS="1961"
                          CONTENT="par"/>
                  <SP HEIGHT="80" WIDTH="38" VPOS="880" HPOS="2227"/>
                  <String HEIGHT="80" WIDTH="229" VPOS="880" HPOS="2113" CONTENT="la"/>
                  <SP HEIGHT="80" WIDTH="38" VPOS="880" HPOS="2342"/>
                  <String HEIGHT="80"
                          WIDTH="343"
                          VPOS="880"
                          HPOS="2189"
                          CONTENT="France."/>
               </TextLine>
            </TextBlock>
            <TextBlock ID="r_3_1" HEIGHT="123" WIDTH="2984" VPOS="1035" HPOS="52">
               <Shape>
                  <Polygon POINTS="52,1035 3036,1035 3036,1158 52,1158"/>
               </Shape>
               <TextLine ID="tl_9"
                         BASELINE="1157"
                         HEIGHT="121"
                         WIDTH="2982"
                         VPOS="1036"
                         HPOS="53">
                  <String HEIGHT="121"
                          WIDTH="445"
                          VPOS="1036"
                          HPOS="8"
                          CONTENT="43525."/>
                  <SP HEIGHT="121" WIDTH="45" VPOS="1036" HPOS="454"/>
                  <String HEIGHT="121"
                          WIDTH="356"
                          VPOS="1036"
                          HPOS="320"
                          CONTENT="HUGO"/>
                  <SP HEIGHT="121" WIDTH="45" VPOS="1036" HPOS="676"/>
                  <String HEIGHT="121"
                          WIDTH="579"
                          VPOS="1036"
                          HPOS="543"
                          CONTENT="(Victor),"/>
                  <SP HEIGHT="121" WIDTH="45" VPOS="1036" HPOS="1121"/>
                  <String HEIGHT="121"
                          WIDTH="267"
                          VPOS="1036"
                          HPOS="988"
                          CONTENT="le"/>
                  <SP HEIGHT="121" WIDTH="45" VPOS="1036" HPOS="1255"/>
                  <String HEIGHT="121"
                          WIDTH="401"
                          VPOS="1036"
                          HPOS="1121"
                          CONTENT="grand"/>
                  <SP HEIGHT="121" WIDTH="45" VPOS="1036" HPOS="1522"/>
                  <String HEIGHT="121"
                          WIDTH="445"
                          VPOS="1036"
                          HPOS="1388"
                          CONTENT="poète."/>
                  <SP HEIGHT="121" WIDTH="45" VPOS="1036" HPOS="1833"/>
                  <String HEIGHT="121"
                          WIDTH="223"
                          VPOS="1036"
                          HPOS="1700"
                          CONTENT="—"/>
                  <SP HEIGHT="121" WIDTH="45" VPOS="1036" HPOS="1922"/>
                  <String HEIGHT="121"
                          WIDTH="267"
                          VPOS="1036"
                          HPOS="1789"
                          CONTENT="L."/>
                  <SP HEIGHT="121" WIDTH="45" VPOS="1036" HPOS="2056"/>
                  <String HEIGHT="121"
                          WIDTH="267"
                          VPOS="1036"
                          HPOS="1922"
                          CONTENT="a."/>
                  <SP HEIGHT="121" WIDTH="45" VPOS="1036" HPOS="2189"/>
                  <String HEIGHT="121"
                          WIDTH="312"
                          VPOS="1036"
                          HPOS="2056"
                          CONTENT="s.;"/>
                  <SP HEIGHT="121" WIDTH="45" VPOS="1036" HPOS="2367"/>
                  <String HEIGHT="121"
                          WIDTH="223"
                          VPOS="1036"
                          HPOS="2234"
                          CONTENT="7"/>
                  <SP HEIGHT="121" WIDTH="45" VPOS="1036" HPOS="2456"/>
                  <String HEIGHT="121"
                          WIDTH="579"
                          VPOS="1036"
                          HPOS="2323"
                          CONTENT="septembre"/>
                  <SP HEIGHT="121" WIDTH="45" VPOS="1036" HPOS="2901"/>
                  <String HEIGHT="121"
                          WIDTH="312"
                          VPOS="1036"
                          HPOS="2723"
                          CONTENT="1847,"/>
               </TextLine>
            </TextBlock>
            <TextBlock ID="r_3_2" HEIGHT="120" WIDTH="2618" VPOS="1127" HPOS="416">
               <Shape>
                  <Polygon POINTS="416,1127 3034,1127 3034,1247 416,1247"/>
               </Shape>
               <TextLine ID="tl_10"
                         BASELINE="1246"
                         HEIGHT="118"
                         WIDTH="2616"
                         VPOS="1128"
                         HPOS="417">
                  <String HEIGHT="118" WIDTH="872" VPOS="1128" HPOS="243" CONTENT="1"/>
                  <SP HEIGHT="118" WIDTH="174" VPOS="1128" HPOS="1115"/>
                  <String HEIGHT="118"
                          WIDTH="1046"
                          VPOS="1128"
                          HPOS="591"
                          CONTENT="p."/>
                  <SP HEIGHT="118" WIDTH="174" VPOS="1128" HPOS="1638"/>
                  <String HEIGHT="118"
                          WIDTH="1570"
                          VPOS="1128"
                          HPOS="1115"
                          CONTENT="in-8."/>
                  <SP HEIGHT="118" WIDTH="174" VPOS="1128" HPOS="2684"/>
                  <String HEIGHT="118"
                          WIDTH="1046"
                          VPOS="1128"
                          HPOS="2161"
                          CONTENT="10"/>
                  <SP HEIGHT="118" WIDTH="174" VPOS="1128" HPOS="3207"/>
                  <String HEIGHT="118"
                          WIDTH="523"
                          VPOS="1128"
                          HPOS="2510"
                          CONTENT="»"/>
               </TextLine>
            </TextBlock>
            <TextBlock ID="r_3_3" HEIGHT="155" WIDTH="2707" VPOS="1282" HPOS="328">
               <Shape>
                  <Polygon POINTS="328,1282 3035,1282 3035,1437 328,1437"/>
               </Shape>
               <TextLine ID="tl_11"
                         BASELINE="1380"
                         HEIGHT="97"
                         WIDTH="2641"
                         VPOS="1283"
                         HPOS="393">
                  <String HEIGHT="97" WIDTH="233" VPOS="1283" HPOS="354" CONTENT="Il"/>
                  <SP HEIGHT="97" WIDTH="39" VPOS="1283" HPOS="587"/>
                  <String HEIGHT="97"
                          WIDTH="544"
                          VPOS="1283"
                          HPOS="471"
                          CONTENT="recommande"/>
                  <SP HEIGHT="97" WIDTH="39" VPOS="1283" HPOS="1014"/>
                  <String HEIGHT="97" WIDTH="233" VPOS="1283" HPOS="898" CONTENT="un"/>
                  <SP HEIGHT="97" WIDTH="39" VPOS="1283" HPOS="1131"/>
                  <String HEIGHT="97"
                          WIDTH="350"
                          VPOS="1283"
                          HPOS="1014"
                          CONTENT="jeune"/>
                  <SP HEIGHT="97" WIDTH="39" VPOS="1283" HPOS="1364"/>
                  <String HEIGHT="97"
                          WIDTH="388"
                          VPOS="1283"
                          HPOS="1247"
                          CONTENT="poète."/>
                  <SP HEIGHT="97" WIDTH="39" VPOS="1283" HPOS="1636"/>
                  <String HEIGHT="97"
                          WIDTH="311"
                          VPOS="1283"
                          HPOS="1519"
                          CONTENT="«Qui"/>
                  <SP HEIGHT="97" WIDTH="39" VPOS="1283" HPOS="1830"/>
                  <String HEIGHT="97"
                          WIDTH="350"
                          VPOS="1283"
                          HPOS="1713"
                          CONTENT="sait?"/>
                  <SP HEIGHT="97" WIDTH="39" VPOS="1283" HPOS="2063"/>
                  <String HEIGHT="97"
                          WIDTH="505"
                          VPOS="1283"
                          HPOS="1947"
                          CONTENT="Peut-être"/>
                  <SP HEIGHT="97" WIDTH="39" VPOS="1283" HPOS="2451"/>
                  <String HEIGHT="97"
                          WIDTH="388"
                          VPOS="1283"
                          HPOS="2335"
                          CONTENT="l'aube"/>
                  <SP HEIGHT="97" WIDTH="39" VPOS="1283" HPOS="2723"/>
                  <String HEIGHT="97"
                          WIDTH="311"
                          VPOS="1283"
                          HPOS="2607"
                          CONTENT="d'un"/>
                  <SP HEIGHT="97" WIDTH="39" VPOS="1283" HPOS="2917"/>
                  <String HEIGHT="97"
                          WIDTH="272"
                          VPOS="1283"
                          HPOS="2762"
                          CONTENT="poète"/>
               </TextLine>
               <TextLine ID="tl_12"
                         BASELINE="1436"
                         HEIGHT="77"
                         WIDTH="1964"
                         VPOS="1359"
                         HPOS="329">
                  <String HEIGHT="77"
                          WIDTH="631"
                          VPOS="1359"
                          HPOS="294"
                          CONTENT="sortira-t-elle"/>
                  <SP HEIGHT="77" WIDTH="35" VPOS="1359" HPOS="925"/>
                  <String HEIGHT="77" WIDTH="210" VPOS="1359" HPOS="820" CONTENT="de"/>
                  <SP HEIGHT="77" WIDTH="35" VPOS="1359" HPOS="1030"/>
                  <String HEIGHT="77" WIDTH="210" VPOS="1359" HPOS="925" CONTENT="ce"/>
                  <SP HEIGHT="77" WIDTH="35" VPOS="1359" HPOS="1136"/>
                  <String HEIGHT="77"
                          WIDTH="246"
                          VPOS="1359"
                          HPOS="1030"
                          CONTENT="que"/>
                  <SP HEIGHT="77" WIDTH="35" VPOS="1359" HPOS="1276"/>
                  <String HEIGHT="77"
                          WIDTH="281"
                          VPOS="1359"
                          HPOS="1171"
                          CONTENT="nous"/>
                  <SP HEIGHT="77" WIDTH="35" VPOS="1359" HPOS="1451"/>
                  <String HEIGHT="77"
                          WIDTH="386"
                          VPOS="1359"
                          HPOS="1346"
                          CONTENT="faisons"/>
                  <SP HEIGHT="77" WIDTH="35" VPOS="1359" HPOS="1732"/>
                  <String HEIGHT="77"
                          WIDTH="281"
                          VPOS="1359"
                          HPOS="1627"
                          CONTENT="ici,"/>
                  <SP HEIGHT="77" WIDTH="35" VPOS="1359" HPOS="1907"/>
                  <String HEIGHT="77"
                          WIDTH="281"
                          VPOS="1359"
                          HPOS="1802"
                          CONTENT="vous"/>
                  <SP HEIGHT="77" WIDTH="35" VPOS="1359" HPOS="2083"/>
                  <String HEIGHT="77"
                          WIDTH="210"
                          VPOS="1359"
                          HPOS="1977"
                          CONTENT="et"/>
                  <SP HEIGHT="77" WIDTH="35" VPOS="1359" HPOS="2188"/>
                  <String HEIGHT="77"
                          WIDTH="246"
                          VPOS="1359"
                          HPOS="2048"
                          CONTENT="moi.»"/>
               </TextLine>
            </TextBlock>
            <TextBlock ID="r_3_4" HEIGHT="123" WIDTH="2984" VPOS="1501" HPOS="54">
               <Shape>
                  <Polygon POINTS="54,1501 3038,1501 3038,1624 54,1624"/>
               </Shape>
               <TextLine ID="tl_13"
                         BASELINE="1623"
                         HEIGHT="121"
                         WIDTH="2982"
                         VPOS="1502"
                         HPOS="55">
                  <String HEIGHT="121"
                          WIDTH="505"
                          VPOS="1502"
                          HPOS="4"
                          CONTENT="43526."/>
                  <SP HEIGHT="121" WIDTH="51" VPOS="1502" HPOS="510"/>
                  <String HEIGHT="121"
                          WIDTH="404"
                          VPOS="1502"
                          HPOS="358"
                          CONTENT="HUGO"/>
                  <SP HEIGHT="121" WIDTH="51" VPOS="1502" HPOS="763"/>
                  <String HEIGHT="121"
                          WIDTH="657"
                          VPOS="1502"
                          HPOS="611"
                          CONTENT="(Victor)."/>
                  <SP HEIGHT="121" WIDTH="51" VPOS="1502" HPOS="1268"/>
                  <String HEIGHT="121"
                          WIDTH="253"
                          VPOS="1502"
                          HPOS="1116"
                          CONTENT="—"/>
                  <SP HEIGHT="121" WIDTH="51" VPOS="1502" HPOS="1369"/>
                  <String HEIGHT="121"
                          WIDTH="303"
                          VPOS="1502"
                          HPOS="1217"
                          CONTENT="L."/>
                  <SP HEIGHT="121" WIDTH="51" VPOS="1502" HPOS="1521"/>
                  <String HEIGHT="121"
                          WIDTH="303"
                          VPOS="1502"
                          HPOS="1369"
                          CONTENT="a."/>
                  <SP HEIGHT="121" WIDTH="51" VPOS="1502" HPOS="1672"/>
                  <String HEIGHT="121"
                          WIDTH="303"
                          VPOS="1502"
                          HPOS="1521"
                          CONTENT="s."/>
                  <SP HEIGHT="121" WIDTH="51" VPOS="1502" HPOS="1824"/>
                  <String HEIGHT="121"
                          WIDTH="505"
                          VPOS="1502"
                          HPOS="1672"
                          CONTENT="VICTOR"/>
                  <SP HEIGHT="121" WIDTH="51" VPOS="1502" HPOS="2178"/>
                  <String HEIGHT="121"
                          WIDTH="354"
                          VPOS="1502"
                          HPOS="2026"
                          CONTENT="H.,"/>
                  <SP HEIGHT="121" WIDTH="51" VPOS="1502" HPOS="2380"/>
                  <String HEIGHT="121"
                          WIDTH="253"
                          VPOS="1502"
                          HPOS="2228"
                          CONTENT="1"/>
                  <SP HEIGHT="121" WIDTH="51" VPOS="1502" HPOS="2481"/>
                  <String HEIGHT="121"
                          WIDTH="303"
                          VPOS="1502"
                          HPOS="2329"
                          CONTENT="p."/>
                  <SP HEIGHT="121" WIDTH="51" VPOS="1502" HPOS="2633"/>
                  <String HEIGHT="121"
                          WIDTH="455"
                          VPOS="1502"
                          HPOS="2481"
                          CONTENT="in-8."/>
                  <SP HEIGHT="121" WIDTH="51" VPOS="1502" HPOS="2936"/>
                  <String HEIGHT="121"
                          WIDTH="253"
                          VPOS="1502"
                          HPOS="2784"
                          CONTENT="3"/>
                  <SP HEIGHT="121" WIDTH="51" VPOS="1502" HPOS="3037"/>
                  <String HEIGHT="121"
                          WIDTH="202"
                          VPOS="1502"
                          HPOS="2835"
                          CONTENT="50"/>
               </TextLine>
            </TextBlock>
            <TextBlock ID="r_3_5" HEIGHT="218" WIDTH="2978" VPOS="1675" HPOS="54">
               <Shape>
                  <Polygon POINTS="54,1675 3032,1675 3032,1893 54,1893"/>
               </Shape>
               <TextLine ID="tl_14"
                         BASELINE="1800"
                         HEIGHT="124"
                         WIDTH="2976"
                         VPOS="1676"
                         HPOS="55">
                  <String HEIGHT="124"
                          WIDTH="488"
                          VPOS="1676"
                          HPOS="6"
                          CONTENT="43527."/>
                  <SP HEIGHT="124" WIDTH="49" VPOS="1676" HPOS="494"/>
                  <String HEIGHT="124"
                          WIDTH="585"
                          VPOS="1676"
                          HPOS="348"
                          CONTENT="HUŸSMANS"/>
                  <SP HEIGHT="124" WIDTH="49" VPOS="1676" HPOS="933"/>
                  <String HEIGHT="124"
                          WIDTH="829"
                          VPOS="1676"
                          HPOS="787"
                          CONTENT="(Joris-Karl),"/>
                  <SP HEIGHT="124" WIDTH="49" VPOS="1676" HPOS="1616"/>
                  <String HEIGHT="124"
                          WIDTH="537"
                          VPOS="1676"
                          HPOS="1470"
                          CONTENT="célèbre"/>
                  <SP HEIGHT="124" WIDTH="49" VPOS="1676" HPOS="2006"/>
                  <String HEIGHT="124"
                          WIDTH="634"
                          VPOS="1676"
                          HPOS="1860"
                          CONTENT="romancier"/>
                  <SP HEIGHT="124" WIDTH="49" VPOS="1676" HPOS="2494"/>
                  <String HEIGHT="124"
                          WIDTH="732"
                          VPOS="1676"
                          HPOS="2299"
                          CONTENT="contemporain."/>
               </TextLine>
               <TextLine ID="tl_15"
                         BASELINE="1892"
                         HEIGHT="114"
                         WIDTH="2616"
                         VPOS="1778"
                         HPOS="415">
                  <String HEIGHT="114" WIDTH="385" VPOS="1778" HPOS="338" CONTENT="—"/>
                  <SP HEIGHT="114" WIDTH="77" VPOS="1778" HPOS="723"/>
                  <String HEIGHT="114"
                          WIDTH="462"
                          VPOS="1778"
                          HPOS="492"
                          CONTENT="L."/>
                  <SP HEIGHT="114" WIDTH="77" VPOS="1778" HPOS="954"/>
                  <String HEIGHT="114"
                          WIDTH="462"
                          VPOS="1778"
                          HPOS="723"
                          CONTENT="a."/>
                  <SP HEIGHT="114" WIDTH="77" VPOS="1778" HPOS="1184"/>
                  <String HEIGHT="114"
                          WIDTH="539"
                          VPOS="1778"
                          HPOS="954"
                          CONTENT="s.,"/>
                  <SP HEIGHT="114" WIDTH="77" VPOS="1778" HPOS="1492"/>
                  <String HEIGHT="114"
                          WIDTH="539"
                          VPOS="1778"
                          HPOS="1261"
                          CONTENT="3/4"/>
                  <SP HEIGHT="114" WIDTH="77" VPOS="1778" HPOS="1800"/>
                  <String HEIGHT="114"
                          WIDTH="462"
                          VPOS="1778"
                          HPOS="1569"
                          CONTENT="p."/>
                  <SP HEIGHT="114" WIDTH="77" VPOS="1778" HPOS="2031"/>
                  <String HEIGHT="114"
                          WIDTH="462"
                          VPOS="1778"
                          HPOS="1800"
                          CONTENT="de"/>
                  <SP HEIGHT="114" WIDTH="77" VPOS="1778" HPOS="2262"/>
                  <String HEIGHT="114"
                          WIDTH="462"
                          VPOS="1778"
                          HPOS="2031"
                          CONTENT="p."/>
                  <SP HEIGHT="114" WIDTH="77" VPOS="1778" HPOS="2492"/>
                  <String HEIGHT="114"
                          WIDTH="692"
                          VPOS="1778"
                          HPOS="2262"
                          CONTENT="in-8."/>
                  <SP HEIGHT="114" WIDTH="77" VPOS="1778" HPOS="2954"/>
                  <String HEIGHT="114"
                          WIDTH="385"
                          VPOS="1778"
                          HPOS="2723"
                          CONTENT="3"/>
                  <SP HEIGHT="114" WIDTH="77" VPOS="1778" HPOS="3108"/>
                  <String HEIGHT="114"
                          WIDTH="231"
                          VPOS="1778"
                          HPOS="2800"
                          CONTENT="»"/>
               </TextLine>
            </TextBlock>
            <TextBlock ID="r_4_1" HEIGHT="115" WIDTH="2985" VPOS="1949" HPOS="46">
               <Shape>
                  <Polygon POINTS="46,1949 3031,1949 3031,2064 46,2064"/>
               </Shape>
               <TextLine ID="tl_16"
                         BASELINE="2063"
                         HEIGHT="113"
                         WIDTH="2983"
                         VPOS="1950"
                         HPOS="47">
                  <String HEIGHT="113"
                          WIDTH="414"
                          VPOS="1950"
                          HPOS="6"
                          CONTENT="43528."/>
                  <SP HEIGHT="113" WIDTH="41" VPOS="1950" HPOS="420"/>
                  <String HEIGHT="113"
                          WIDTH="414"
                          VPOS="1950"
                          HPOS="296"
                          CONTENT="INGRES"/>
                  <SP HEIGHT="113" WIDTH="41" VPOS="1950" HPOS="710"/>
                  <String HEIGHT="113"
                          WIDTH="456"
                          VPOS="1950"
                          HPOS="586"
                          CONTENT="(Jean),"/>
                  <SP HEIGHT="113" WIDTH="41" VPOS="1950" HPOS="1041"/>
                  <String HEIGHT="113"
                          WIDTH="580"
                          VPOS="1950"
                          HPOS="917"
                          CONTENT="l’illustre"/>
                  <SP HEIGHT="113" WIDTH="41" VPOS="1950" HPOS="1497"/>
                  <String HEIGHT="113"
                          WIDTH="497"
                          VPOS="1950"
                          HPOS="1373"
                          CONTENT="peintre."/>
                  <SP HEIGHT="113" WIDTH="41" VPOS="1950" HPOS="1870"/>
                  <String HEIGHT="113"
                          WIDTH="207"
                          VPOS="1950"
                          HPOS="1746"
                          CONTENT="—"/>
                  <SP HEIGHT="113" WIDTH="41" VPOS="1950" HPOS="1953"/>
                  <String HEIGHT="113"
                          WIDTH="249"
                          VPOS="1950"
                          HPOS="1829"
                          CONTENT="L."/>
                  <SP HEIGHT="113" WIDTH="41" VPOS="1950" HPOS="2077"/>
                  <String HEIGHT="113"
                          WIDTH="249"
                          VPOS="1950"
                          HPOS="1953"
                          CONTENT="a."/>
                  <SP HEIGHT="113" WIDTH="41" VPOS="1950" HPOS="2201"/>
                  <String HEIGHT="113"
                          WIDTH="290"
                          VPOS="1950"
                          HPOS="2077"
                          CONTENT="s.,"/>
                  <SP HEIGHT="113" WIDTH="41" VPOS="1950" HPOS="2367"/>
                  <String HEIGHT="113"
                          WIDTH="207"
                          VPOS="1950"
                          HPOS="2243"
                          CONTENT="1"/>
                  <SP HEIGHT="113" WIDTH="41" VPOS="1950" HPOS="2450"/>
                  <String HEIGHT="113"
                          WIDTH="249"
                          VPOS="1950"
                          HPOS="2326"
                          CONTENT="p."/>
                  <SP HEIGHT="113" WIDTH="41" VPOS="1950" HPOS="2574"/>
                  <String HEIGHT="113"
                          WIDTH="290"
                          VPOS="1950"
                          HPOS="2450"
                          CONTENT="1/2"/>
                  <SP HEIGHT="113" WIDTH="41" VPOS="1950" HPOS="2740"/>
                  <String HEIGHT="113"
                          WIDTH="373"
                          VPOS="1950"
                          HPOS="2616"
                          CONTENT="in-4."/>
                  <SP HEIGHT="113" WIDTH="41" VPOS="1950" HPOS="2989"/>
                  <String HEIGHT="113"
                          WIDTH="207"
                          VPOS="1950"
                          HPOS="2864"
                          CONTENT="8"/>
                  <SP HEIGHT="113" WIDTH="41" VPOS="1950" HPOS="3071"/>
                  <String HEIGHT="113"
                          WIDTH="124"
                          VPOS="1950"
                          HPOS="2906"
                          CONTENT="»"/>
               </TextLine>
            </TextBlock>
            <TextBlock ID="r_4_2" HEIGHT="302" WIDTH="2981" VPOS="2113" HPOS="52">
               <Shape>
                  <Polygon POINTS="52,2113 3033,2113 3033,2415 52,2415"/>
               </Shape>
               <TextLine ID="tl_17"
                         BASELINE="2245"
                         HEIGHT="131"
                         WIDTH="2975"
                         VPOS="2114"
                         HPOS="53">
                  <String HEIGHT="131"
                          WIDTH="472"
                          VPOS="2114"
                          HPOS="6"
                          CONTENT="43529."/>
                  <SP HEIGHT="131" WIDTH="47" VPOS="2114" HPOS="478"/>
                  <String HEIGHT="131"
                          WIDTH="472"
                          VPOS="2114"
                          HPOS="336"
                          CONTENT="JACOBI"/>
                  <SP HEIGHT="131" WIDTH="47" VPOS="2114" HPOS="809"/>
                  <String HEIGHT="131"
                          WIDTH="992"
                          VPOS="2114"
                          HPOS="667"
                          CONTENT="(Frédéric-Henri),"/>
                  <SP HEIGHT="131" WIDTH="47" VPOS="2114" HPOS="1659"/>
                  <String HEIGHT="131"
                          WIDTH="283"
                          VPOS="2114"
                          HPOS="1517"
                          CONTENT="le"/>
                  <SP HEIGHT="131" WIDTH="47" VPOS="2114" HPOS="1800"/>
                  <String HEIGHT="131"
                          WIDTH="519"
                          VPOS="2114"
                          HPOS="1659"
                          CONTENT="célèbre"/>
                  <SP HEIGHT="131" WIDTH="47" VPOS="2114" HPOS="2178"/>
                  <String HEIGHT="131"
                          WIDTH="661"
                          VPOS="2114"
                          HPOS="2036"
                          CONTENT="philosophe"/>
                  <SP HEIGHT="131" WIDTH="47" VPOS="2114" HPOS="2697"/>
                  <String HEIGHT="131"
                          WIDTH="519"
                          VPOS="2114"
                          HPOS="2509"
                          CONTENT="allemand."/>
               </TextLine>
               <TextLine ID="tl_18"
                         BASELINE="2320"
                         HEIGHT="114"
                         WIDTH="2617"
                         VPOS="2206"
                         HPOS="415">
                  <String HEIGHT="114"
                          WIDTH="305"
                          VPOS="2206"
                          HPOS="371"
                          CONTENT="—16"/>
                  <SP HEIGHT="114" WIDTH="44" VPOS="2206" HPOS="677"/>
                  <String HEIGHT="114"
                          WIDTH="262"
                          VPOS="2206"
                          HPOS="546"
                          CONTENT="l."/>
                  <SP HEIGHT="114" WIDTH="44" VPOS="2206" HPOS="808"/>
                  <String HEIGHT="114"
                          WIDTH="262"
                          VPOS="2206"
                          HPOS="677"
                          CONTENT="a."/>
                  <SP HEIGHT="114" WIDTH="44" VPOS="2206" HPOS="938"/>
                  <String HEIGHT="114"
                          WIDTH="262"
                          VPOS="2206"
                          HPOS="808"
                          CONTENT="s."/>
                  <SP HEIGHT="114" WIDTH="44" VPOS="2206" HPOS="1069"/>
                  <String HEIGHT="114"
                          WIDTH="262"
                          VPOS="2206"
                          HPOS="938"
                          CONTENT="et"/>
                  <SP HEIGHT="114" WIDTH="44" VPOS="2206" HPOS="1200"/>
                  <String HEIGHT="114"
                          WIDTH="218"
                          VPOS="2206"
                          HPOS="1069"
                          CONTENT="1"/>
                  <SP HEIGHT="114" WIDTH="44" VPOS="2206" HPOS="1287"/>
                  <String HEIGHT="114"
                          WIDTH="262"
                          VPOS="2206"
                          HPOS="1156"
                          CONTENT="l."/>
                  <SP HEIGHT="114" WIDTH="44" VPOS="2206" HPOS="1418"/>
                  <String HEIGHT="114"
                          WIDTH="305"
                          VPOS="2206"
                          HPOS="1287"
                          CONTENT="s.,"/>
                  <SP HEIGHT="114" WIDTH="44" VPOS="2206" HPOS="1593"/>
                  <String HEIGHT="114"
                          WIDTH="262"
                          VPOS="2206"
                          HPOS="1462"
                          CONTENT="en"/>
                  <SP HEIGHT="114" WIDTH="44" VPOS="2206" HPOS="1724"/>
                  <String HEIGHT="114"
                          WIDTH="567"
                          VPOS="2206"
                          HPOS="1593"
                          CONTENT="français,"/>
                  <SP HEIGHT="114" WIDTH="44" VPOS="2206" HPOS="2160"/>
                  <String HEIGHT="114"
                          WIDTH="262"
                          VPOS="2206"
                          HPOS="2029"
                          CONTENT="au"/>
                  <SP HEIGHT="114" WIDTH="44" VPOS="2206" HPOS="2291"/>
                  <String HEIGHT="114"
                          WIDTH="523"
                          VPOS="2206"
                          HPOS="2160"
                          CONTENT="libraire"/>
                  <SP HEIGHT="114" WIDTH="44" VPOS="2206" HPOS="2683"/>
                  <String HEIGHT="114"
                          WIDTH="480"
                          VPOS="2206"
                          HPOS="2552"
                          CONTENT="Jansen,"/>
                  <SP HEIGHT="114" WIDTH="44" VPOS="2206" HPOS="3032"/>
                  <String HEIGHT="114"
                          WIDTH="174"
                          VPOS="2206"
                          HPOS="2858"
                          CONTENT="de"/>
               </TextLine>
               <TextLine ID="tl_19"
                         BASELINE="2414"
                         HEIGHT="112"
                         WIDTH="2617"
                         VPOS="2302"
                         HPOS="413">
                  <String HEIGHT="112"
                          WIDTH="609"
                          VPOS="2302"
                          HPOS="352"
                          CONTENT="Paris;"/>
                  <SP HEIGHT="112" WIDTH="61" VPOS="2302" HPOS="961"/>
                  <String HEIGHT="112"
                          WIDTH="852"
                          VPOS="2302"
                          HPOS="778"
                          CONTENT="1792-1796,"/>
                  <SP HEIGHT="112" WIDTH="61" VPOS="2302" HPOS="1630"/>
                  <String HEIGHT="112"
                          WIDTH="365"
                          VPOS="2302"
                          HPOS="1448"
                          CONTENT="50"/>
                  <SP HEIGHT="112" WIDTH="61" VPOS="2302" HPOS="1813"/>
                  <String HEIGHT="112"
                          WIDTH="365"
                          VPOS="2302"
                          HPOS="1630"
                          CONTENT="p."/>
                  <SP HEIGHT="112" WIDTH="61" VPOS="2302" HPOS="1995"/>
                  <String HEIGHT="112"
                          WIDTH="669"
                          VPOS="2302"
                          HPOS="1813"
                          CONTENT="environ"/>
                  <SP HEIGHT="112" WIDTH="61" VPOS="2302" HPOS="2482"/>
                  <String HEIGHT="112"
                          WIDTH="548"
                          VPOS="2302"
                          HPOS="2300"
                          CONTENT="in-4."/>
                  <SP HEIGHT="112" WIDTH="61" VPOS="2302" HPOS="2847"/>
                  <String HEIGHT="112"
                          WIDTH="426"
                          VPOS="2302"
                          HPOS="2665"
                          CONTENT="100"/>
                  <SP HEIGHT="112" WIDTH="61" VPOS="2302" HPOS="3091"/>
                  <String HEIGHT="112"
                          WIDTH="183"
                          VPOS="2302"
                          HPOS="2847"
                          CONTENT="»"/>
               </TextLine>
            </TextBlock>
            <TextBlock ID="r_5_1"
                       HEIGHT="1043"
                       WIDTH="2728"
                       VPOS="2467"
                       HPOS="313">
               <Shape>
                  <Polygon POINTS="313,2467 3041,2467 3041,3510 313,3510"/>
               </Shape>
               <TextLine ID="tl_20"
                         BASELINE="2562"
                         HEIGHT="94"
                         WIDTH="2646"
                         VPOS="2468"
                         HPOS="387">
                  <String HEIGHT="94"
                          WIDTH="478"
                          VPOS="2468"
                          HPOS="350"
                          CONTENT="Précieuse"/>
                  <SP HEIGHT="94" WIDTH="37" VPOS="2468" HPOS="828"/>
                  <String HEIGHT="94"
                          WIDTH="662"
                          VPOS="2468"
                          HPOS="718"
                          CONTENT="correspondance"/>
                  <SP HEIGHT="94" WIDTH="37" VPOS="2468" HPOS="1379"/>
                  <String HEIGHT="94"
                          WIDTH="331"
                          VPOS="2468"
                          HPOS="1269"
                          CONTENT="toute"/>
                  <SP HEIGHT="94" WIDTH="37" VPOS="2468" HPOS="1600"/>
                  <String HEIGHT="94"
                          WIDTH="441"
                          VPOS="2468"
                          HPOS="1490"
                          CONTENT="relative"/>
                  <SP HEIGHT="94" WIDTH="37" VPOS="2468" HPOS="1931"/>
                  <String HEIGHT="94" WIDTH="184" VPOS="2468" HPOS="1820" CONTENT="à"/>
                  <SP HEIGHT="94" WIDTH="37" VPOS="2468" HPOS="2004"/>
                  <String HEIGHT="94"
                          WIDTH="221"
                          VPOS="2468"
                          HPOS="1894"
                          CONTENT="la"/>
                  <SP HEIGHT="94" WIDTH="37" VPOS="2468" HPOS="2114"/>
                  <String HEIGHT="94"
                          WIDTH="515"
                          VPOS="2468"
                          HPOS="2004"
                          CONTENT="traduction"/>
                  <SP HEIGHT="94" WIDTH="37" VPOS="2468" HPOS="2519"/>
                  <String HEIGHT="94"
                          WIDTH="478"
                          VPOS="2468"
                          HPOS="2408"
                          CONTENT="française"/>
                  <SP HEIGHT="94" WIDTH="37" VPOS="2468" HPOS="2886"/>
                  <String HEIGHT="94"
                          WIDTH="221"
                          VPOS="2468"
                          HPOS="2776"
                          CONTENT="de"/>
                  <SP HEIGHT="94" WIDTH="37" VPOS="2468" HPOS="2996"/>
                  <String HEIGHT="94"
                          WIDTH="184"
                          VPOS="2468"
                          HPOS="2849"
                          CONTENT="son"/>
               </TextLine>
               <TextLine ID="tl_21"
                         BASELINE="2631"
                         HEIGHT="96"
                         WIDTH="2704"
                         VPOS="2535"
                         HPOS="331">
                  <String HEIGHT="96"
                          WIDTH="668"
                          VPOS="2535"
                          HPOS="298"
                          CONTENT="&lt;i&gt;Waldemar&lt;/i&gt;."/>
                  <SP HEIGHT="96" WIDTH="33" VPOS="2535" HPOS="965"/>
                  <String HEIGHT="96" WIDTH="200" VPOS="2535" HPOS="865" CONTENT="Il"/>
                  <SP HEIGHT="96" WIDTH="33" VPOS="2535" HPOS="1065"/>
                  <String HEIGHT="96"
                          WIDTH="300"
                          VPOS="2535"
                          HPOS="965"
                          CONTENT="entre"/>
                  <SP HEIGHT="96" WIDTH="33" VPOS="2535" HPOS="1266"/>
                  <String HEIGHT="96"
                          WIDTH="267"
                          VPOS="2535"
                          HPOS="1166"
                          CONTENT="dans"/>
                  <SP HEIGHT="96" WIDTH="33" VPOS="2535" HPOS="1433"/>
                  <String HEIGHT="96"
                          WIDTH="234"
                          VPOS="2535"
                          HPOS="1332"
                          CONTENT="les"/>
                  <SP HEIGHT="96" WIDTH="33" VPOS="2535" HPOS="1566"/>
                  <String HEIGHT="96"
                          WIDTH="367"
                          VPOS="2535"
                          HPOS="1466"
                          CONTENT="détails"/>
                  <SP HEIGHT="96" WIDTH="33" VPOS="2535" HPOS="1833"/>
                  <String HEIGHT="96"
                          WIDTH="234"
                          VPOS="2535"
                          HPOS="1733"
                          CONTENT="les"/>
                  <SP HEIGHT="96" WIDTH="33" VPOS="2535" HPOS="1967"/>
                  <String HEIGHT="96"
                          WIDTH="267"
                          VPOS="2535"
                          HPOS="1867"
                          CONTENT="plus"/>
                  <SP HEIGHT="96" WIDTH="33" VPOS="2535" HPOS="2134"/>
                  <String HEIGHT="96"
                          WIDTH="434"
                          VPOS="2535"
                          HPOS="2034"
                          CONTENT="minutieux"/>
                  <SP HEIGHT="96" WIDTH="33" VPOS="2535" HPOS="2467"/>
                  <String HEIGHT="96"
                          WIDTH="267"
                          VPOS="2535"
                          HPOS="2367"
                          CONTENT="pour"/>
                  <SP HEIGHT="96" WIDTH="33" VPOS="2535" HPOS="2634"/>
                  <String HEIGHT="96"
                          WIDTH="200"
                          VPOS="2535"
                          HPOS="2534"
                          CONTENT="la"/>
                  <SP HEIGHT="96" WIDTH="33" VPOS="2535" HPOS="2735"/>
                  <String HEIGHT="96"
                          WIDTH="434"
                          VPOS="2535"
                          HPOS="2601"
                          CONTENT="traduction,"/>
               </TextLine>
               <TextLine ID="tl_22"
                         BASELINE="2699"
                         HEIGHT="90"
                         WIDTH="2714"
                         VPOS="2609"
                         HPOS="318">
                  <String HEIGHT="90"
                          WIDTH="557"
                          VPOS="2609"
                          HPOS="283"
                          CONTENT="l’impression"/>
                  <SP HEIGHT="90" WIDTH="35" VPOS="2609" HPOS="840"/>
                  <String HEIGHT="90" WIDTH="209" VPOS="2609" HPOS="736" CONTENT="et"/>
                  <SP HEIGHT="90" WIDTH="35" VPOS="2609" HPOS="944"/>
                  <String HEIGHT="90"
                          WIDTH="626"
                          VPOS="2609"
                          HPOS="840"
                          CONTENT="l'illustration"/>
                  <SP HEIGHT="90" WIDTH="35" VPOS="2609" HPOS="1466"/>
                  <String HEIGHT="90"
                          WIDTH="209"
                          VPOS="2609"
                          HPOS="1362"
                          CONTENT="de"/>
                  <SP HEIGHT="90" WIDTH="35" VPOS="2609" HPOS="1571"/>
                  <String HEIGHT="90"
                          WIDTH="244"
                          VPOS="2609"
                          HPOS="1466"
                          CONTENT="cet"/>
                  <SP HEIGHT="90" WIDTH="35" VPOS="2609" HPOS="1710"/>
                  <String HEIGHT="90"
                          WIDTH="383"
                          VPOS="2609"
                          HPOS="1605"
                          CONTENT="ouvrage"/>
                  <SP HEIGHT="90" WIDTH="35" VPOS="2609" HPOS="1988"/>
                  <String HEIGHT="90"
                          WIDTH="278"
                          VPOS="2609"
                          HPOS="1884"
                          CONTENT="dont"/>
                  <SP HEIGHT="90" WIDTH="35" VPOS="2609" HPOS="2162"/>
                  <String HEIGHT="90"
                          WIDTH="209"
                          VPOS="2609"
                          HPOS="2058"
                          CONTENT="il"/>
                  <SP HEIGHT="90" WIDTH="35" VPOS="2609" HPOS="2267"/>
                  <String HEIGHT="90"
                          WIDTH="348"
                          VPOS="2609"
                          HPOS="2162"
                          CONTENT="attend"/>
                  <SP HEIGHT="90" WIDTH="35" VPOS="2609" HPOS="2510"/>
                  <String HEIGHT="90"
                          WIDTH="557"
                          VPOS="2609"
                          HPOS="2406"
                          CONTENT="l'apparition"/>
                  <SP HEIGHT="90" WIDTH="35" VPOS="2609" HPOS="2962"/>
                  <String HEIGHT="90"
                          WIDTH="209"
                          VPOS="2609"
                          HPOS="2823"
                          CONTENT="avec"/>
               </TextLine>
               <TextLine ID="tl_23"
                         BASELINE="2767"
                         HEIGHT="93"
                         WIDTH="2715"
                         VPOS="2674"
                         HPOS="318">
                  <String HEIGHT="93"
                          WIDTH="250"
                          VPOS="2674"
                          HPOS="282"
                          CONTENT="une"/>
                  <SP HEIGHT="93" WIDTH="36" VPOS="2674" HPOS="532"/>
                  <String HEIGHT="93"
                          WIDTH="500"
                          VPOS="2674"
                          HPOS="425"
                          CONTENT="impatience"/>
                  <SP HEIGHT="93" WIDTH="36" VPOS="2674" HPOS="925"/>
                  <String HEIGHT="93"
                          WIDTH="464"
                          VPOS="2674"
                          HPOS="818"
                          CONTENT="d'enfant."/>
                  <SP HEIGHT="93" WIDTH="36" VPOS="2674" HPOS="1283"/>
                  <String HEIGHT="93"
                          WIDTH="322"
                          VPOS="2674"
                          HPOS="1175"
                          CONTENT="Entre"/>
                  <SP HEIGHT="93" WIDTH="36" VPOS="2674" HPOS="1497"/>
                  <String HEIGHT="93"
                          WIDTH="357"
                          VPOS="2674"
                          HPOS="1390"
                          CONTENT="temps,"/>
                  <SP HEIGHT="93" WIDTH="36" VPOS="2674" HPOS="1747"/>
                  <String HEIGHT="93"
                          WIDTH="214"
                          VPOS="2674"
                          HPOS="1640"
                          CONTENT="il"/>
                  <SP HEIGHT="93" WIDTH="36" VPOS="2674" HPOS="1854"/>
                  <String HEIGHT="93"
                          WIDTH="322"
                          VPOS="2674"
                          HPOS="1747"
                          CONTENT="parle"/>
                  <SP HEIGHT="93" WIDTH="36" VPOS="2674" HPOS="2068"/>
                  <String HEIGHT="93"
                          WIDTH="214"
                          VPOS="2674"
                          HPOS="1961"
                          CONTENT="de"/>
                  <SP HEIGHT="93" WIDTH="36" VPOS="2674" HPOS="2176"/>
                  <String HEIGHT="93"
                          WIDTH="500"
                          VPOS="2674"
                          HPOS="2068"
                          CONTENT="l'invasion"/>
                  <SP HEIGHT="93" WIDTH="36" VPOS="2674" HPOS="2569"/>
                  <String HEIGHT="93"
                          WIDTH="250"
                          VPOS="2674"
                          HPOS="2461"
                          CONTENT="des"/>
                  <SP HEIGHT="93" WIDTH="36" VPOS="2674" HPOS="2711"/>
                  <String HEIGHT="93"
                          WIDTH="429"
                          VPOS="2674"
                          HPOS="2604"
                          CONTENT="Français"/>
                  <SP HEIGHT="93" WIDTH="36" VPOS="2674" HPOS="3033"/>
                  <String HEIGHT="93"
                          WIDTH="143"
                          VPOS="2674"
                          HPOS="2890"
                          CONTENT="en"/>
               </TextLine>
               <TextLine ID="tl_24"
                         BASELINE="2834"
                         HEIGHT="87"
                         WIDTH="2712"
                         VPOS="2747"
                         HPOS="320">
                  <String HEIGHT="87"
                          WIDTH="542"
                          VPOS="2747"
                          HPOS="281"
                          CONTENT="Allemagne;"/>
                  <SP HEIGHT="87" WIDTH="39" VPOS="2747" HPOS="824"/>
                  <String HEIGHT="87"
                          WIDTH="271"
                          VPOS="2747"
                          HPOS="707"
                          CONTENT="ils"/>
                  <SP HEIGHT="87" WIDTH="39" VPOS="2747" HPOS="979"/>
                  <String HEIGHT="87"
                          WIDTH="271"
                          VPOS="2747"
                          HPOS="862"
                          CONTENT="ont"/>
                  <SP HEIGHT="87" WIDTH="39" VPOS="2747" HPOS="1134"/>
                  <String HEIGHT="87"
                          WIDTH="310"
                          VPOS="2747"
                          HPOS="1017"
                          CONTENT="rasé"/>
                  <SP HEIGHT="87" WIDTH="39" VPOS="2747" HPOS="1327"/>
                  <String HEIGHT="87" WIDTH="194" VPOS="2747" HPOS="1211" CONTENT="à"/>
                  <SP HEIGHT="87" WIDTH="39" VPOS="2747" HPOS="1405"/>
                  <String HEIGHT="87"
                          WIDTH="310"
                          VPOS="2747"
                          HPOS="1289"
                          CONTENT="coup"/>
                  <SP HEIGHT="87" WIDTH="39" VPOS="2747" HPOS="1599"/>
                  <String HEIGHT="87"
                          WIDTH="232"
                          VPOS="2747"
                          HPOS="1482"
                          CONTENT="de"/>
                  <SP HEIGHT="87" WIDTH="39" VPOS="2747" HPOS="1715"/>
                  <String HEIGHT="87"
                          WIDTH="426"
                          VPOS="2747"
                          HPOS="1599"
                          CONTENT="boulets"/>
                  <SP HEIGHT="87" WIDTH="39" VPOS="2747" HPOS="2025"/>
                  <String HEIGHT="87"
                          WIDTH="232"
                          VPOS="2747"
                          HPOS="1908"
                          CONTENT="de"/>
                  <SP HEIGHT="87" WIDTH="39" VPOS="2747" HPOS="2141"/>
                  <String HEIGHT="87"
                          WIDTH="349"
                          VPOS="2747"
                          HPOS="2025"
                          CONTENT="canon"/>
                  <SP HEIGHT="87" WIDTH="39" VPOS="2747" HPOS="2373"/>
                  <String HEIGHT="87"
                          WIDTH="232"
                          VPOS="2747"
                          HPOS="2257"
                          CONTENT="sa"/>
                  <SP HEIGHT="87" WIDTH="39" VPOS="2747" HPOS="2490"/>
                  <String HEIGHT="87"
                          WIDTH="387"
                          VPOS="2747"
                          HPOS="2373"
                          CONTENT="maison"/>
                  <SP HEIGHT="87" WIDTH="39" VPOS="2747" HPOS="2761"/>
                  <String HEIGHT="87"
                          WIDTH="232"
                          VPOS="2747"
                          HPOS="2645"
                          CONTENT="de"/>
                  <SP HEIGHT="87" WIDTH="39" VPOS="2747" HPOS="2877"/>
                  <String HEIGHT="87"
                          WIDTH="310"
                          VPOS="2747"
                          HPOS="2722"
                          CONTENT="campa"
                          SUBS_TYPE="HypPart1"
                          SUBS_CONTENT="campagnes"/>
                  <HYP CONTENT="-"/>
               </TextLine>
               <TextLine ID="tl_25"
                         BASELINE="2914"
                         HEIGHT="99"
                         WIDTH="2716"
                         VPOS="2815"
                         HPOS="318">
                  <String HEIGHT="99"
                          WIDTH="310"
                          VPOS="2815"
                          HPOS="279"
                          CONTENT="gnes"
                          SUBS_TYPE="HypPart2"
                          SUBS_CONTENT="campagnes"/>
                  <SP HEIGHT="99" WIDTH="39" VPOS="2815" HPOS="590"/>
                  <String HEIGHT="99"
                          WIDTH="388"
                          VPOS="2815"
                          HPOS="473"
                          CONTENT="située"/>
                  <SP HEIGHT="99" WIDTH="39" VPOS="2815" HPOS="861"/>
                  <String HEIGHT="99"
                          WIDTH="310"
                          VPOS="2815"
                          HPOS="745"
                          CONTENT="près"/>
                  <SP HEIGHT="99" WIDTH="39" VPOS="2815" HPOS="1055"/>
                  <String HEIGHT="99"
                          WIDTH="582"
                          VPOS="2815"
                          HPOS="939"
                          CONTENT="Dusseldorf,"/>
                  <SP HEIGHT="99" WIDTH="39" VPOS="2815" HPOS="1521"/>
                  <String HEIGHT="99"
                          WIDTH="310"
                          VPOS="2815"
                          HPOS="1404"
                          CONTENT="mais"/>
                  <SP HEIGHT="99" WIDTH="39" VPOS="2815" HPOS="1715"/>
                  <String HEIGHT="99"
                          WIDTH="388"
                          VPOS="2815"
                          HPOS="1598"
                          CONTENT="l’état"/>
                  <SP HEIGHT="99" WIDTH="39" VPOS="2815" HPOS="1986"/>
                  <String HEIGHT="99"
                          WIDTH="233"
                          VPOS="2815"
                          HPOS="1870"
                          CONTENT="de"/>
                  <SP HEIGHT="99" WIDTH="39" VPOS="2815" HPOS="2103"/>
                  <String HEIGHT="99"
                          WIDTH="388"
                          VPOS="2815"
                          HPOS="1986"
                          CONTENT="guerre"/>
                  <SP HEIGHT="99" WIDTH="39" VPOS="2815" HPOS="2374"/>
                  <String HEIGHT="99"
                          WIDTH="349"
                          VPOS="2815"
                          HPOS="2258"
                          CONTENT="entre"/>
                  <SP HEIGHT="99" WIDTH="39" VPOS="2815" HPOS="2607"/>
                  <String HEIGHT="99"
                          WIDTH="272"
                          VPOS="2815"
                          HPOS="2491"
                          CONTENT="les"/>
                  <SP HEIGHT="99" WIDTH="39" VPOS="2815" HPOS="2762"/>
                  <String HEIGHT="99"
                          WIDTH="310"
                          VPOS="2815"
                          HPOS="2646"
                          CONTENT="deux"/>
                  <SP HEIGHT="99" WIDTH="39" VPOS="2815" HPOS="2956"/>
                  <String HEIGHT="99"
                          WIDTH="233"
                          VPOS="2815"
                          HPOS="2801"
                          CONTENT="pays"/>
               </TextLine>
               <TextLine ID="tl_26"
                         BASELINE="2970"
                         HEIGHT="98"
                         WIDTH="2718"
                         VPOS="2872"
                         HPOS="320">
                  <String HEIGHT="98"
                          WIDTH="498"
                          VPOS="2872"
                          HPOS="282"
                          CONTENT="n’empêcha"/>
                  <SP HEIGHT="98" WIDTH="38" VPOS="2872" HPOS="779"/>
                  <String HEIGHT="98"
                          WIDTH="268"
                          VPOS="2872"
                          HPOS="665"
                          CONTENT="pas"/>
                  <SP HEIGHT="98" WIDTH="38" VPOS="2872" HPOS="933"/>
                  <String HEIGHT="98"
                          WIDTH="613"
                          VPOS="2872"
                          HPOS="818"
                          CONTENT="l’impression"/>
                  <SP HEIGHT="98" WIDTH="38" VPOS="2872" HPOS="1430"/>
                  <String HEIGHT="98"
                          WIDTH="230"
                          VPOS="2872"
                          HPOS="1315"
                          CONTENT="de"/>
                  <SP HEIGHT="98" WIDTH="38" VPOS="2872" HPOS="1545"/>
                  <String HEIGHT="98"
                          WIDTH="727"
                          VPOS="2872"
                          HPOS="1430"
                          CONTENT="&lt;i&gt;Waldemar&lt;/i&gt;"/>
                  <SP HEIGHT="98" WIDTH="38" VPOS="2872" HPOS="2158"/>
                  <String HEIGHT="98"
                          WIDTH="268"
                          VPOS="2872"
                          HPOS="2043"
                          CONTENT="qui"/>
                  <SP HEIGHT="98" WIDTH="38" VPOS="2872" HPOS="2311"/>
                  <String HEIGHT="98"
                          WIDTH="345"
                          VPOS="2872"
                          HPOS="2196"
                          CONTENT="parut"/>
                  <SP HEIGHT="98" WIDTH="38" VPOS="2872" HPOS="2540"/>
                  <String HEIGHT="98"
                          WIDTH="230"
                          VPOS="2872"
                          HPOS="2425"
                          CONTENT="en"/>
                  <SP HEIGHT="98" WIDTH="38" VPOS="2872" HPOS="2655"/>
                  <String HEIGHT="98"
                          WIDTH="345"
                          VPOS="2872"
                          HPOS="2540"
                          CONTENT="1796."/>
                  <SP HEIGHT="98" WIDTH="38" VPOS="2872" HPOS="2885"/>
                  <String HEIGHT="98"
                          WIDTH="306"
                          VPOS="2872"
                          HPOS="2732"
                          CONTENT="Jacobi"/>
               </TextLine>
               <TextLine ID="tl_27"
                         BASELINE="3039"
                         HEIGHT="89"
                         WIDTH="2719"
                         VPOS="2950"
                         HPOS="319">
                  <String HEIGHT="89"
                          WIDTH="447"
                          VPOS="2950"
                          HPOS="282"
                          CONTENT="témoigne"/>
                  <SP HEIGHT="89" WIDTH="37" VPOS="2950" HPOS="729"/>
                  <String HEIGHT="89"
                          WIDTH="261"
                          VPOS="2950"
                          HPOS="617"
                          CONTENT="son"/>
                  <SP HEIGHT="89" WIDTH="37" VPOS="2950" HPOS="878"/>
                  <String HEIGHT="89"
                          WIDTH="670"
                          VPOS="2950"
                          HPOS="766"
                          CONTENT="mécontentement"/>
                  <SP HEIGHT="89" WIDTH="37" VPOS="2950" HPOS="1436"/>
                  <String HEIGHT="89"
                          WIDTH="223"
                          VPOS="2950"
                          HPOS="1325"
                          CONTENT="de"/>
                  <SP HEIGHT="89" WIDTH="37" VPOS="2950" HPOS="1548"/>
                  <String HEIGHT="89"
                          WIDTH="223"
                          VPOS="2950"
                          HPOS="1436"
                          CONTENT="se"/>
                  <SP HEIGHT="89" WIDTH="37" VPOS="2950" HPOS="1660"/>
                  <String HEIGHT="89"
                          WIDTH="298"
                          VPOS="2950"
                          HPOS="1548"
                          CONTENT="voir"/>
                  <SP HEIGHT="89" WIDTH="37" VPOS="2950" HPOS="1846"/>
                  <String HEIGHT="89"
                          WIDTH="223"
                          VPOS="2950"
                          HPOS="1734"
                          CONTENT="si"/>
                  <SP HEIGHT="89" WIDTH="37" VPOS="2950" HPOS="1958"/>
                  <String HEIGHT="89"
                          WIDTH="261"
                          VPOS="2950"
                          HPOS="1846"
                          CONTENT="mal"/>
                  <SP HEIGHT="89" WIDTH="37" VPOS="2950" HPOS="2107"/>
                  <String HEIGHT="89"
                          WIDTH="410"
                          VPOS="2950"
                          HPOS="1995"
                          CONTENT="traduit"/>
                  <SP HEIGHT="89" WIDTH="37" VPOS="2950" HPOS="2405"/>
                  <String HEIGHT="89"
                          WIDTH="223"
                          VPOS="2950"
                          HPOS="2293"
                          CONTENT="et"/>
                  <SP HEIGHT="89" WIDTH="37" VPOS="2950" HPOS="2517"/>
                  <String HEIGHT="89"
                          WIDTH="410"
                          VPOS="2950"
                          HPOS="2405"
                          CONTENT="déclare"/>
                  <SP HEIGHT="89" WIDTH="37" VPOS="2950" HPOS="2815"/>
                  <String HEIGHT="89"
                          WIDTH="261"
                          VPOS="2950"
                          HPOS="2703"
                          CONTENT="que"/>
                  <SP HEIGHT="89" WIDTH="37" VPOS="2950" HPOS="2964"/>
                  <String HEIGHT="89"
                          WIDTH="223"
                          VPOS="2950"
                          HPOS="2815"
                          CONTENT="pour"/>
               </TextLine>
               <TextLine ID="tl_28"
                         BASELINE="3105"
                         HEIGHT="95"
                         WIDTH="2723"
                         VPOS="3010"
                         HPOS="317">
                  <String HEIGHT="95"
                          WIDTH="327"
                          VPOS="3010"
                          HPOS="281"
                          CONTENT="cette"/>
                  <SP HEIGHT="95" WIDTH="36" VPOS="3010" HPOS="607"/>
                  <String HEIGHT="95"
                          WIDTH="363"
                          VPOS="3010"
                          HPOS="499"
                          CONTENT="raison"/>
                  <SP HEIGHT="95" WIDTH="36" VPOS="3010" HPOS="862"/>
                  <String HEIGHT="95" WIDTH="218" VPOS="3010" HPOS="753" CONTENT="il"/>
                  <SP HEIGHT="95" WIDTH="36" VPOS="3010" HPOS="971"/>
                  <String HEIGHT="95" WIDTH="218" VPOS="3010" HPOS="862" CONTENT="ne"/>
                  <SP HEIGHT="95" WIDTH="36" VPOS="3010" HPOS="1079"/>
                  <String HEIGHT="95"
                          WIDTH="399"
                          VPOS="3010"
                          HPOS="971"
                          CONTENT="viendra"/>
                  <SP HEIGHT="95" WIDTH="36" VPOS="3010" HPOS="1370"/>
                  <String HEIGHT="95"
                          WIDTH="254"
                          VPOS="3010"
                          HPOS="1261"
                          CONTENT="pas"/>
                  <SP HEIGHT="95" WIDTH="36" VPOS="3010" HPOS="1515"/>
                  <String HEIGHT="95" WIDTH="182" VPOS="3010" HPOS="1406" CONTENT="à"/>
                  <SP HEIGHT="95" WIDTH="36" VPOS="3010" HPOS="1588"/>
                  <String HEIGHT="95"
                          WIDTH="363"
                          VPOS="3010"
                          HPOS="1479"
                          CONTENT="Paris."/>
                  <SP HEIGHT="95" WIDTH="36" VPOS="3010" HPOS="1842"/>
                  <String HEIGHT="95"
                          WIDTH="581"
                          VPOS="3010"
                          HPOS="1733"
                          CONTENT="L'infidélité"/>
                  <SP HEIGHT="95" WIDTH="36" VPOS="3010" HPOS="2314"/>
                  <String HEIGHT="95"
                          WIDTH="218"
                          VPOS="3010"
                          HPOS="2205"
                          CONTENT="du"/>
                  <SP HEIGHT="95" WIDTH="36" VPOS="3010" HPOS="2423"/>
                  <String HEIGHT="95"
                          WIDTH="508"
                          VPOS="3010"
                          HPOS="2314"
                          CONTENT="traducteur"/>
                  <SP HEIGHT="95" WIDTH="36" VPOS="3010" HPOS="2822"/>
                  <String HEIGHT="95"
                          WIDTH="218"
                          VPOS="3010"
                          HPOS="2713"
                          CONTENT="le"/>
                  <SP HEIGHT="95" WIDTH="36" VPOS="3010" HPOS="2931"/>
                  <String HEIGHT="95"
                          WIDTH="254"
                          VPOS="3010"
                          HPOS="2786"
                          CONTENT="punit"/>
               </TextLine>
               <TextLine ID="tl_29"
                         BASELINE="3174"
                         HEIGHT="95"
                         WIDTH="2716"
                         VPOS="3079"
                         HPOS="318">
                  <String HEIGHT="95" WIDTH="240" VPOS="3079" HPOS="278" CONTENT="de"/>
                  <SP HEIGHT="95" WIDTH="40" VPOS="3079" HPOS="518"/>
                  <String HEIGHT="95"
                          WIDTH="280"
                          VPOS="3079"
                          HPOS="398"
                          CONTENT="son"/>
                  <SP HEIGHT="95" WIDTH="40" VPOS="3079" HPOS="677"/>
                  <String HEIGHT="95"
                          WIDTH="479"
                          VPOS="3079"
                          HPOS="558"
                          CONTENT="ambition"/>
                  <SP HEIGHT="95" WIDTH="40" VPOS="3079" HPOS="1037"/>
                  <String HEIGHT="95"
                          WIDTH="280"
                          VPOS="3079"
                          HPOS="917"
                          CONTENT="qui"/>
                  <SP HEIGHT="95" WIDTH="40" VPOS="3079" HPOS="1197"/>
                  <String HEIGHT="95"
                          WIDTH="280"
                          VPOS="3079"
                          HPOS="1077"
                          CONTENT="l’a"/>
                  <SP HEIGHT="95" WIDTH="40" VPOS="3079" HPOS="1356"/>
                  <String HEIGHT="95"
                          WIDTH="399"
                          VPOS="3079"
                          HPOS="1237"
                          CONTENT="poussé"/>
                  <SP HEIGHT="95" WIDTH="40" VPOS="3079" HPOS="1636"/>
                  <String HEIGHT="95" WIDTH="200" VPOS="3079" HPOS="1516" CONTENT="à"/>
                  <SP HEIGHT="95" WIDTH="40" VPOS="3079" HPOS="1716"/>
                  <String HEIGHT="95"
                          WIDTH="479"
                          VPOS="3079"
                          HPOS="1596"
                          CONTENT="acquérir"/>
                  <SP HEIGHT="95" WIDTH="40" VPOS="3079" HPOS="2075"/>
                  <String HEIGHT="95"
                          WIDTH="280"
                          VPOS="3079"
                          HPOS="1956"
                          CONTENT="une"/>
                  <SP HEIGHT="95" WIDTH="40" VPOS="3079" HPOS="2235"/>
                  <String HEIGHT="95"
                          WIDTH="479"
                          VPOS="3079"
                          HPOS="2115"
                          CONTENT="renommée"/>
                  <SP HEIGHT="95" WIDTH="40" VPOS="3079" HPOS="2595"/>
                  <String HEIGHT="95"
                          WIDTH="320"
                          VPOS="3079"
                          HPOS="2475"
                          CONTENT="plus"/>
                  <SP HEIGHT="95" WIDTH="40" VPOS="3079" HPOS="2794"/>
                  <String HEIGHT="95"
                          WIDTH="399"
                          VPOS="3079"
                          HPOS="2635"
                          CONTENT="étendue,"/>
               </TextLine>
               <TextLine ID="tl_30"
                         BASELINE="3244"
                         HEIGHT="94"
                         WIDTH="2719"
                         VPOS="3150"
                         HPOS="319">
                  <String HEIGHT="94"
                          WIDTH="311"
                          VPOS="3150"
                          HPOS="280"
                          CONTENT="«car"/>
                  <SP HEIGHT="94" WIDTH="39" VPOS="3150" HPOS="591"/>
                  <String HEIGHT="94" WIDTH="233" VPOS="3150" HPOS="474" CONTENT="je"/>
                  <SP HEIGHT="94" WIDTH="39" VPOS="3150" HPOS="707"/>
                  <String HEIGHT="94"
                          WIDTH="505"
                          VPOS="3150"
                          HPOS="591"
                          CONTENT="m'attends"/>
                  <SP HEIGHT="94" WIDTH="39" VPOS="3150" HPOS="1096"/>
                  <String HEIGHT="94" WIDTH="194" VPOS="3150" HPOS="979" CONTENT="à"/>
                  <SP HEIGHT="94" WIDTH="39" VPOS="3150" HPOS="1174"/>
                  <String HEIGHT="94"
                          WIDTH="388"
                          VPOS="3150"
                          HPOS="1057"
                          CONTENT="toutes"/>
                  <SP HEIGHT="94" WIDTH="39" VPOS="3150" HPOS="1445"/>
                  <String HEIGHT="94"
                          WIDTH="388"
                          VPOS="3150"
                          HPOS="1329"
                          CONTENT="sortes"/>
                  <SP HEIGHT="94" WIDTH="39" VPOS="3150" HPOS="1717"/>
                  <String HEIGHT="94"
                          WIDTH="233"
                          VPOS="3150"
                          HPOS="1601"
                          CONTENT="de"/>
                  <SP HEIGHT="94" WIDTH="39" VPOS="3150" HPOS="1834"/>
                  <String HEIGHT="94"
                          WIDTH="427"
                          VPOS="3150"
                          HPOS="1717"
                          CONTENT="dégoûts"/>
                  <SP HEIGHT="94" WIDTH="39" VPOS="3150" HPOS="2145"/>
                  <String HEIGHT="94"
                          WIDTH="272"
                          VPOS="3150"
                          HPOS="2028"
                          CONTENT="qui"/>
                  <SP HEIGHT="94" WIDTH="39" VPOS="3150" HPOS="2300"/>
                  <String HEIGHT="94"
                          WIDTH="233"
                          VPOS="3150"
                          HPOS="2183"
                          CONTENT="me"/>
                  <SP HEIGHT="94" WIDTH="39" VPOS="3150" HPOS="2417"/>
                  <String HEIGHT="94"
                          WIDTH="505"
                          VPOS="3150"
                          HPOS="2300"
                          CONTENT="viendront"/>
                  <SP HEIGHT="94" WIDTH="39" VPOS="3150" HPOS="2805"/>
                  <String HEIGHT="94"
                          WIDTH="233"
                          VPOS="3150"
                          HPOS="2688"
                          CONTENT="de"/>
                  <SP HEIGHT="94" WIDTH="39" VPOS="3150" HPOS="2921"/>
                  <String HEIGHT="94"
                          WIDTH="272"
                          VPOS="3150"
                          HPOS="2766"
                          CONTENT="cette"/>
               </TextLine>
               <TextLine ID="tl_31"
                         BASELINE="3311"
                         HEIGHT="98"
                         WIDTH="2723"
                         VPOS="3213"
                         HPOS="316">
                  <String HEIGHT="98"
                          WIDTH="522"
                          VPOS="3213"
                          HPOS="279"
                          CONTENT="traduction"/>
                  <SP HEIGHT="98" WIDTH="37" VPOS="3213" HPOS="801"/>
                  <String HEIGHT="98"
                          WIDTH="261"
                          VPOS="3213"
                          HPOS="689"
                          CONTENT="que"/>
                  <SP HEIGHT="98" WIDTH="37" VPOS="3213" HPOS="950"/>
                  <String HEIGHT="98"
                          WIDTH="410"
                          VPOS="3213"
                          HPOS="838"
                          CONTENT="j'avais"/>
                  <SP HEIGHT="98" WIDTH="37" VPOS="3213" HPOS="1249"/>
                  <String HEIGHT="98"
                          WIDTH="485"
                          VPOS="3213"
                          HPOS="1137"
                          CONTENT="follement"/>
                  <SP HEIGHT="98" WIDTH="37" VPOS="3213" HPOS="1622"/>
                  <String HEIGHT="98"
                          WIDTH="448"
                          VPOS="3213"
                          HPOS="1510"
                          CONTENT="désirée,"/>
                  <SP HEIGHT="98" WIDTH="37" VPOS="3213" HPOS="1957"/>
                  <String HEIGHT="98"
                          WIDTH="298"
                          VPOS="3213"
                          HPOS="1845"
                          CONTENT="tout"/>
                  <SP HEIGHT="98" WIDTH="37" VPOS="3213" HPOS="2144"/>
                  <String HEIGHT="98"
                          WIDTH="448"
                          VPOS="3213"
                          HPOS="2032"
                          CONTENT="persuadé"/>
                  <SP HEIGHT="98" WIDTH="37" VPOS="3213" HPOS="2479"/>
                  <String HEIGHT="98"
                          WIDTH="261"
                          VPOS="3213"
                          HPOS="2368"
                          CONTENT="que"/>
                  <SP HEIGHT="98" WIDTH="37" VPOS="3213" HPOS="2629"/>
                  <String HEIGHT="98"
                          WIDTH="410"
                          VPOS="3213"
                          HPOS="2517"
                          CONTENT="j'étais"/>
                  <SP HEIGHT="98" WIDTH="37" VPOS="3213" HPOS="2927"/>
                  <String HEIGHT="98"
                          WIDTH="261"
                          VPOS="3213"
                          HPOS="2778"
                          CONTENT="qu'il"/>
               </TextLine>
               <TextLine ID="tl_32"
                         BASELINE="3382"
                         HEIGHT="98"
                         WIDTH="2723"
                         VPOS="3284"
                         HPOS="316">
                  <String HEIGHT="98"
                          WIDTH="331"
                          VPOS="3284"
                          HPOS="279"
                          CONTENT="était"/>
                  <SP HEIGHT="98" WIDTH="37" VPOS="3284" HPOS="610"/>
                  <String HEIGHT="98"
                          WIDTH="405"
                          VPOS="3284"
                          HPOS="500"
                          CONTENT="presque"/>
                  <SP HEIGHT="98" WIDTH="37" VPOS="3284" HPOS="905"/>
                  <String HEIGHT="98"
                          WIDTH="515"
                          VPOS="3284"
                          HPOS="794"
                          CONTENT="impossible"/>
                  <SP HEIGHT="98" WIDTH="37" VPOS="3284" HPOS="1310"/>
                  <String HEIGHT="98"
                          WIDTH="294"
                          VPOS="3284"
                          HPOS="1199"
                          CONTENT="d’en"/>
                  <SP HEIGHT="98" WIDTH="37" VPOS="3284" HPOS="1494"/>
                  <String HEIGHT="98"
                          WIDTH="331"
                          VPOS="3284"
                          HPOS="1383"
                          CONTENT="faire"/>
                  <SP HEIGHT="98" WIDTH="37" VPOS="3284" HPOS="1714"/>
                  <String HEIGHT="98"
                          WIDTH="258"
                          VPOS="3284"
                          HPOS="1604"
                          CONTENT="une"/>
                  <SP HEIGHT="98" WIDTH="37" VPOS="3284" HPOS="1861"/>
                  <String HEIGHT="98"
                          WIDTH="626"
                          VPOS="3284"
                          HPOS="1751"
                          CONTENT="supportable.»"/>
                  <SP HEIGHT="98" WIDTH="37" VPOS="3284" HPOS="2377"/>
                  <String HEIGHT="98" WIDTH="184" VPOS="3284" HPOS="2266" CONTENT="—"/>
                  <SP HEIGHT="98" WIDTH="37" VPOS="3284" HPOS="2450"/>
                  <String HEIGHT="98"
                          WIDTH="368"
                          VPOS="3284"
                          HPOS="2340"
                          CONTENT="Jacobi"/>
                  <SP HEIGHT="98" WIDTH="37" VPOS="3284" HPOS="2708"/>
                  <String HEIGHT="98"
                          WIDTH="331"
                          VPOS="3284"
                          HPOS="2597"
                          CONTENT="parle"/>
                  <SP HEIGHT="98" WIDTH="37" VPOS="3284" HPOS="2929"/>
                  <String HEIGHT="98"
                          WIDTH="258"
                          VPOS="3284"
                          HPOS="2781"
                          CONTENT="aussi"/>
               </TextLine>
               <TextLine ID="tl_33"
                         BASELINE="3447"
                         HEIGHT="91"
                         WIDTH="2722"
                         VPOS="3356"
                         HPOS="316">
                  <String HEIGHT="91" WIDTH="204" VPOS="3356" HPOS="282" CONTENT="de"/>
                  <SP HEIGHT="91" WIDTH="34" VPOS="3356" HPOS="486"/>
                  <String HEIGHT="91" WIDTH="204" VPOS="3356" HPOS="384" CONTENT="la"/>
                  <SP HEIGHT="91" WIDTH="34" VPOS="3356" HPOS="588"/>
                  <String HEIGHT="91"
                          WIDTH="476"
                          VPOS="3356"
                          HPOS="486"
                          CONTENT="traduction"/>
                  <SP HEIGHT="91" WIDTH="34" VPOS="3356" HPOS="962"/>
                  <String HEIGHT="91"
                          WIDTH="442"
                          VPOS="3356"
                          HPOS="860"
                          CONTENT="française"/>
                  <SP HEIGHT="91" WIDTH="34" VPOS="3356" HPOS="1303"/>
                  <String HEIGHT="91"
                          WIDTH="204"
                          VPOS="3356"
                          HPOS="1201"
                          CONTENT="du"/>
                  <SP HEIGHT="91" WIDTH="34" VPOS="3356" HPOS="1405"/>
                  <String HEIGHT="91"
                          WIDTH="578"
                          VPOS="3356"
                          HPOS="1303"
                          CONTENT="&lt;i&gt;Messie&lt;/i&gt;"/>
                  <SP HEIGHT="91" WIDTH="34" VPOS="3356" HPOS="1881"/>
                  <String HEIGHT="91"
                          WIDTH="204"
                          VPOS="3356"
                          HPOS="1779"
                          CONTENT="de"/>
                  <SP HEIGHT="91" WIDTH="34" VPOS="3356" HPOS="1983"/>
                  <String HEIGHT="91"
                          WIDTH="476"
                          VPOS="3356"
                          HPOS="1881"
                          CONTENT="Klopstock;"/>
                  <SP HEIGHT="91" WIDTH="34" VPOS="3356" HPOS="2358"/>
                  <String HEIGHT="91"
                          WIDTH="204"
                          VPOS="3356"
                          HPOS="2255"
                          CONTENT="il"/>
                  <SP HEIGHT="91" WIDTH="34" VPOS="3356" HPOS="2460"/>
                  <String HEIGHT="91"
                          WIDTH="306"
                          VPOS="3356"
                          HPOS="2358"
                          CONTENT="parle"/>
                  <SP HEIGHT="91" WIDTH="34" VPOS="3356" HPOS="2664"/>
                  <String HEIGHT="91"
                          WIDTH="374"
                          VPOS="3356"
                          HPOS="2562"
                          CONTENT="souvent"/>
                  <SP HEIGHT="91" WIDTH="34" VPOS="3356" HPOS="2936"/>
                  <String HEIGHT="91"
                          WIDTH="204"
                          VPOS="3356"
                          HPOS="2834"
                          CONTENT="de"/>
                  <SP HEIGHT="91" WIDTH="34" VPOS="3356" HPOS="3038"/>
                  <String HEIGHT="91"
                          WIDTH="136"
                          VPOS="3356"
                          HPOS="2902"
                          CONTENT="ce"/>
               </TextLine>
               <TextLine ID="tl_34"
                         BASELINE="3509"
                         HEIGHT="75"
                         WIDTH="1130"
                         VPOS="3434"
                         HPOS="314">
                  <String HEIGHT="75"
                          WIDTH="401"
                          VPOS="3434"
                          HPOS="278"
                          CONTENT="célèbre"/>
                  <SP HEIGHT="75" WIDTH="36" VPOS="3434" HPOS="679"/>
                  <String HEIGHT="75"
                          WIDTH="328"
                          VPOS="3434"
                          HPOS="569"
                          CONTENT="poète"/>
                  <SP HEIGHT="75" WIDTH="36" VPOS="3434" HPOS="897"/>
                  <String HEIGHT="75" WIDTH="219" VPOS="3434" HPOS="788" CONTENT="et"/>
                  <SP HEIGHT="75" WIDTH="36" VPOS="3434" HPOS="1007"/>
                  <String HEIGHT="75" WIDTH="219" VPOS="3434" HPOS="897" CONTENT="de"/>
                  <SP HEIGHT="75" WIDTH="36" VPOS="3434" HPOS="1116"/>
                  <String HEIGHT="75"
                          WIDTH="255"
                          VPOS="3434"
                          HPOS="1007"
                          CONTENT="ses"/>
                  <SP HEIGHT="75" WIDTH="36" VPOS="3434" HPOS="1262"/>
                  <String HEIGHT="75"
                          WIDTH="328"
                          VPOS="3434"
                          HPOS="1116"
                          CONTENT="œuvres."/>
               </TextLine>
            </TextBlock>
            <TextBlock ID="r_6_1" HEIGHT="303" WIDTH="2997" VPOS="3582" HPOS="42">
               <Shape>
                  <Polygon POINTS="42,3582 3039,3582 3039,3885 42,3885"/>
               </Shape>
               <TextLine ID="tl_35"
                         BASELINE="3698"
                         HEIGHT="115"
                         WIDTH="2995"
                         VPOS="3583"
                         HPOS="43">
                  <String HEIGHT="115"
                          WIDTH="516"
                          VPOS="3583"
                          HPOS="-9"
                          CONTENT="43530."/>
                  <SP HEIGHT="115" WIDTH="52" VPOS="3583" HPOS="508"/>
                  <String HEIGHT="115"
                          WIDTH="826"
                          VPOS="3583"
                          HPOS="353"
                          CONTENT="JEAN-CASIMIR"/>
                  <SP HEIGHT="115" WIDTH="52" VPOS="3583" HPOS="1179"/>
                  <String HEIGHT="115"
                          WIDTH="310"
                          VPOS="3583"
                          HPOS="1024"
                          CONTENT="V,"/>
                  <SP HEIGHT="115" WIDTH="52" VPOS="3583" HPOS="1334"/>
                  <String HEIGHT="115"
                          WIDTH="361"
                          VPOS="3583"
                          HPOS="1179"
                          CONTENT="roi"/>
                  <SP HEIGHT="115" WIDTH="52" VPOS="3583" HPOS="1541"/>
                  <String HEIGHT="115"
                          WIDTH="310"
                          VPOS="3583"
                          HPOS="1386"
                          CONTENT="de"/>
                  <SP HEIGHT="115" WIDTH="52" VPOS="3583" HPOS="1695"/>
                  <String HEIGHT="115"
                          WIDTH="620"
                          VPOS="3583"
                          HPOS="1541"
                          CONTENT="Pologne,"/>
                  <SP HEIGHT="115" WIDTH="52" VPOS="3583" HPOS="2160"/>
                  <String HEIGHT="115"
                          WIDTH="413"
                          VPOS="3583"
                          HPOS="2005"
                          CONTENT="puis"/>
                  <SP HEIGHT="115" WIDTH="52" VPOS="3583" HPOS="2418"/>
                  <String HEIGHT="115"
                          WIDTH="413"
                          VPOS="3583"
                          HPOS="2263"
                          CONTENT="abbé"/>
                  <SP HEIGHT="115" WIDTH="52" VPOS="3583" HPOS="2677"/>
                  <String HEIGHT="115"
                          WIDTH="310"
                          VPOS="3583"
                          HPOS="2522"
                          CONTENT="de"/>
                  <SP HEIGHT="115" WIDTH="52" VPOS="3583" HPOS="2831"/>
                  <String HEIGHT="115"
                          WIDTH="413"
                          VPOS="3583"
                          HPOS="2625"
                          CONTENT="Saint"
                          SUBS_TYPE="HypPart1"
                          SUBS_CONTENT="SaintGermain-des-Prés,"/>
                  <HYP CONTENT="-"/>
               </TextLine>
               <TextLine ID="tl_36"
                         BASELINE="3782"
                         HEIGHT="100"
                         WIDTH="2561"
                         VPOS="3682"
                         HPOS="407">
                  <String HEIGHT="100"
                          WIDTH="1034"
                          VPOS="3682"
                          HPOS="358"
                          CONTENT="Germain-des-Prés,"
                          SUBS_TYPE="HypPart2"
                          SUBS_CONTENT="SaintGermain-des-Prés,"/>
                  <SP HEIGHT="100" WIDTH="49" VPOS="3682" HPOS="1392"/>
                  <String HEIGHT="100"
                          WIDTH="296"
                          VPOS="3682"
                          HPOS="1244"
                          CONTENT="où"/>
                  <SP HEIGHT="100" WIDTH="49" VPOS="3682" HPOS="1540"/>
                  <String HEIGHT="100"
                          WIDTH="394"
                          VPOS="3682"
                          HPOS="1392"
                          CONTENT="l’on"/>
                  <SP HEIGHT="100" WIDTH="49" VPOS="3682" HPOS="1786"/>
                  <String HEIGHT="100"
                          WIDTH="394"
                          VPOS="3682"
                          HPOS="1638"
                          CONTENT="voit"/>
                  <SP HEIGHT="100" WIDTH="49" VPOS="3682" HPOS="2032"/>
                  <String HEIGHT="100"
                          WIDTH="493"
                          VPOS="3682"
                          HPOS="1885"
                          CONTENT="encore"/>
                  <SP HEIGHT="100" WIDTH="49" VPOS="3682" HPOS="2377"/>
                  <String HEIGHT="100"
                          WIDTH="345"
                          VPOS="3682"
                          HPOS="2229"
                          CONTENT="son"/>
                  <SP HEIGHT="100" WIDTH="49" VPOS="3682" HPOS="2574"/>
                  <String HEIGHT="100"
                          WIDTH="591"
                          VPOS="3682"
                          HPOS="2426"
                          CONTENT="tombeau."/>
                  <SP HEIGHT="100" WIDTH="49" VPOS="3682" HPOS="3017"/>
                  <String HEIGHT="100"
                          WIDTH="148"
                          VPOS="3682"
                          HPOS="2820"
                          CONTENT="—"/>
               </TextLine>
               <TextLine ID="tl_37"
                         BASELINE="3884"
                         HEIGHT="116"
                         WIDTH="2625"
                         VPOS="3768"
                         HPOS="407">
                  <String HEIGHT="116"
                          WIDTH="263"
                          VPOS="3768"
                          HPOS="363"
                          CONTENT="L."/>
                  <SP HEIGHT="116" WIDTH="44" VPOS="3768" HPOS="626"/>
                  <String HEIGHT="116"
                          WIDTH="263"
                          VPOS="3768"
                          HPOS="495"
                          CONTENT="a."/>
                  <SP HEIGHT="116" WIDTH="44" VPOS="3768" HPOS="757"/>
                  <String HEIGHT="116"
                          WIDTH="306"
                          VPOS="3768"
                          HPOS="626"
                          CONTENT="s.,"/>
                  <SP HEIGHT="116" WIDTH="44" VPOS="3768" HPOS="932"/>
                  <String HEIGHT="116"
                          WIDTH="263"
                          VPOS="3768"
                          HPOS="801"
                          CONTENT="en"/>
                  <SP HEIGHT="116" WIDTH="44" VPOS="3768" HPOS="1063"/>
                  <String HEIGHT="116"
                          WIDTH="569"
                          VPOS="3768"
                          HPOS="932"
                          CONTENT="français;"/>
                  <SP HEIGHT="116" WIDTH="44" VPOS="3768" HPOS="1501"/>
                  <String HEIGHT="116"
                          WIDTH="525"
                          VPOS="3768"
                          HPOS="1370"
                          CONTENT="Moulins,"/>
                  <SP HEIGHT="116" WIDTH="44" VPOS="3768" HPOS="1895"/>
                  <String HEIGHT="116"
                          WIDTH="219"
                          VPOS="3768"
                          HPOS="1763"
                          CONTENT="9"/>
                  <SP HEIGHT="116" WIDTH="44" VPOS="3768" HPOS="1982"/>
                  <String HEIGHT="116"
                          WIDTH="613"
                          VPOS="3768"
                          HPOS="1851"
                          CONTENT="septembre,"/>
                  <SP HEIGHT="116" WIDTH="44" VPOS="3768" HPOS="2463"/>
                  <String HEIGHT="116"
                          WIDTH="219"
                          VPOS="3768"
                          HPOS="2332"
                          CONTENT="1"/>
                  <SP HEIGHT="116" WIDTH="44" VPOS="3768" HPOS="2551"/>
                  <String HEIGHT="116"
                          WIDTH="263"
                          VPOS="3768"
                          HPOS="2420"
                          CONTENT="p."/>
                  <SP HEIGHT="116" WIDTH="44" VPOS="3768" HPOS="2682"/>
                  <String HEIGHT="116"
                          WIDTH="394"
                          VPOS="3768"
                          HPOS="2551"
                          CONTENT="in-4."/>
                  <SP HEIGHT="116" WIDTH="44" VPOS="3768" HPOS="2945"/>
                  <String HEIGHT="116"
                          WIDTH="263"
                          VPOS="3768"
                          HPOS="2813"
                          CONTENT="35"/>
                  <SP HEIGHT="116" WIDTH="44" VPOS="3768" HPOS="3076"/>
                  <String HEIGHT="116"
                          WIDTH="131"
                          VPOS="3768"
                          HPOS="2901"
                          CONTENT="»"/>
               </TextLine>
            </TextBlock>
            <TextBlock ID="r_7_1" HEIGHT="84" WIDTH="1699" VPOS="3932" HPOS="384">
               <Shape>
                  <Polygon POINTS="384,3932 2083,3932 2083,4016 384,4016"/>
               </Shape>
               <TextLine ID="tl_38"
                         BASELINE="4015"
                         HEIGHT="82"
                         WIDTH="1697"
                         VPOS="3933"
                         HPOS="385">
                  <String HEIGHT="82" WIDTH="217" VPOS="3933" HPOS="349" CONTENT="Il"/>
                  <SP HEIGHT="82" WIDTH="36" VPOS="3933" HPOS="566"/>
                  <String HEIGHT="82"
                          WIDTH="397"
                          VPOS="3933"
                          HPOS="457"
                          CONTENT="réclame"/>
                  <SP HEIGHT="82" WIDTH="36" VPOS="3933" HPOS="854"/>
                  <String HEIGHT="82" WIDTH="217" VPOS="3933" HPOS="746" CONTENT="le"/>
                  <SP HEIGHT="82" WIDTH="36" VPOS="3933" HPOS="963"/>
                  <String HEIGHT="82"
                          WIDTH="433"
                          VPOS="3933"
                          HPOS="854"
                          CONTENT="paiement"/>
                  <SP HEIGHT="82" WIDTH="36" VPOS="3933" HPOS="1288"/>
                  <String HEIGHT="82"
                          WIDTH="289"
                          VPOS="3933"
                          HPOS="1179"
                          CONTENT="d’un"/>
                  <SP HEIGHT="82" WIDTH="36" VPOS="3933" HPOS="1468"/>
                  <String HEIGHT="82"
                          WIDTH="433"
                          VPOS="3933"
                          HPOS="1360"
                          CONTENT="reliquat"/>
                  <SP HEIGHT="82" WIDTH="36" VPOS="3933" HPOS="1793"/>
                  <String HEIGHT="82"
                          WIDTH="217"
                          VPOS="3933"
                          HPOS="1685"
                          CONTENT="de"/>
                  <SP HEIGHT="82" WIDTH="36" VPOS="3933" HPOS="1901"/>
                  <String HEIGHT="82"
                          WIDTH="325"
                          VPOS="3933"
                          HPOS="1757"
                          CONTENT="dettes."/>
               </TextLine>
            </TextBlock>
            <TextBlock ID="r_8_1" HEIGHT="282" WIDTH="2996" VPOS="4089" HPOS="43">
               <Shape>
                  <Polygon POINTS="43,4089 3039,4089 3039,4371 43,4371"/>
               </Shape>
               <TextLine ID="tl_39"
                         BASELINE="4204"
                         HEIGHT="114"
                         WIDTH="2994"
                         VPOS="4090"
                         HPOS="44">
                  <String HEIGHT="114"
                          WIDTH="507"
                          VPOS="4090"
                          HPOS="-7"
                          CONTENT="43531."/>
                  <SP HEIGHT="114" WIDTH="51" VPOS="4090" HPOS="501"/>
                  <String HEIGHT="114"
                          WIDTH="406"
                          VPOS="4090"
                          HPOS="348"
                          CONTENT="KOCK"/>
                  <SP HEIGHT="114" WIDTH="51" VPOS="4090" HPOS="754"/>
                  <String HEIGHT="114"
                          WIDTH="457"
                          VPOS="4090"
                          HPOS="602"
                          CONTENT="(Paul"/>
                  <SP HEIGHT="114" WIDTH="51" VPOS="4090" HPOS="1059"/>
                  <String HEIGHT="114"
                          WIDTH="406"
                          VPOS="4090"
                          HPOS="907"
                          CONTENT="de),"/>
                  <SP HEIGHT="114" WIDTH="51" VPOS="4090" HPOS="1313"/>
                  <String HEIGHT="114"
                          WIDTH="304"
                          VPOS="4090"
                          HPOS="1160"
                          CONTENT="le"/>
                  <SP HEIGHT="114" WIDTH="51" VPOS="4090" HPOS="1465"/>
                  <String HEIGHT="114"
                          WIDTH="558"
                          VPOS="4090"
                          HPOS="1313"
                          CONTENT="célèbre"/>
                  <SP HEIGHT="114" WIDTH="51" VPOS="4090" HPOS="1871"/>
                  <String HEIGHT="114"
                          WIDTH="710"
                          VPOS="4090"
                          HPOS="1719"
                          CONTENT="romancier."/>
                  <SP HEIGHT="114" WIDTH="51" VPOS="4090" HPOS="2429"/>
                  <String HEIGHT="114"
                          WIDTH="254"
                          VPOS="4090"
                          HPOS="2277"
                          CONTENT="—"/>
                  <SP HEIGHT="114" WIDTH="51" VPOS="4090" HPOS="2531"/>
                  <String HEIGHT="114"
                          WIDTH="304"
                          VPOS="4090"
                          HPOS="2378"
                          CONTENT="L."/>
                  <SP HEIGHT="114" WIDTH="51" VPOS="4090" HPOS="2683"/>
                  <String HEIGHT="114"
                          WIDTH="304"
                          VPOS="4090"
                          HPOS="2531"
                          CONTENT="a."/>
                  <SP HEIGHT="114" WIDTH="51" VPOS="4090" HPOS="2835"/>
                  <String HEIGHT="114"
                          WIDTH="304"
                          VPOS="4090"
                          HPOS="2683"
                          CONTENT="s."/>
                  <SP HEIGHT="114" WIDTH="51" VPOS="4090" HPOS="2987"/>
                  <String HEIGHT="114"
                          WIDTH="254"
                          VPOS="4090"
                          HPOS="2784"
                          CONTENT="aux"/>
               </TextLine>
               <TextLine ID="tl_40"
                         BASELINE="4300"
                         HEIGHT="119"
                         WIDTH="2626"
                         VPOS="4181"
                         HPOS="406">
                  <String HEIGHT="119"
                          WIDTH="716"
                          VPOS="4181"
                          HPOS="358"
                          CONTENT="sociétaires"/>
                  <SP HEIGHT="119" WIDTH="48" VPOS="4181" HPOS="1074"/>
                  <String HEIGHT="119"
                          WIDTH="286"
                          VPOS="4181"
                          HPOS="931"
                          CONTENT="de"/>
                  <SP HEIGHT="119" WIDTH="48" VPOS="4181" HPOS="1218"/>
                  <String HEIGHT="119"
                          WIDTH="955"
                          VPOS="4181"
                          HPOS="1074"
                          CONTENT="l’Opéra-Comique;"/>
                  <SP HEIGHT="119" WIDTH="48" VPOS="4181" HPOS="2029"/>
                  <String HEIGHT="119"
                          WIDTH="477"
                          VPOS="4181"
                          HPOS="1886"
                          CONTENT="Paris,"/>
                  <SP HEIGHT="119" WIDTH="48" VPOS="4181" HPOS="2364"/>
                  <String HEIGHT="119"
                          WIDTH="239"
                          VPOS="4181"
                          HPOS="2220"
                          CONTENT="3"/>
                  <SP HEIGHT="119" WIDTH="48" VPOS="4181" HPOS="2459"/>
                  <String HEIGHT="119"
                          WIDTH="334"
                          VPOS="4181"
                          HPOS="2316"
                          CONTENT="mai"/>
                  <SP HEIGHT="119" WIDTH="48" VPOS="4181" HPOS="2650"/>
                  <String HEIGHT="119"
                          WIDTH="430"
                          VPOS="4181"
                          HPOS="2507"
                          CONTENT="1823,"/>
                  <SP HEIGHT="119" WIDTH="48" VPOS="4181" HPOS="2937"/>
                  <String HEIGHT="119"
                          WIDTH="239"
                          VPOS="4181"
                          HPOS="2793"
                          CONTENT="1"/>
                  <SP HEIGHT="119" WIDTH="48" VPOS="4181" HPOS="3032"/>
                  <String HEIGHT="119"
                          WIDTH="191"
                          VPOS="4181"
                          HPOS="2841"
                          CONTENT="p."/>
               </TextLine>
               <TextLine ID="tl_41"
                         BASELINE="4370"
                         HEIGHT="101"
                         WIDTH="2624"
                         VPOS="4269"
                         HPOS="406">
                  <String HEIGHT="101"
                          WIDTH="2624"
                          VPOS="4269"
                          HPOS="114"
                          CONTENT="in-4."/>
                  <SP HEIGHT="101" WIDTH="292" VPOS="4269" HPOS="2738"/>
                  <String HEIGHT="101"
                          WIDTH="1458"
                          VPOS="4269"
                          HPOS="1864"
                          CONTENT="4"/>
                  <SP HEIGHT="101" WIDTH="292" VPOS="4269" HPOS="3322"/>
                  <String HEIGHT="101"
                          WIDTH="875"
                          VPOS="4269"
                          HPOS="2155"
                          CONTENT="»"/>
               </TextLine>
            </TextBlock>
            <TextBlock ID="r_8_2" HEIGHT="89" WIDTH="2256" VPOS="4431" HPOS="378">
               <Shape>
                  <Polygon POINTS="378,4431 2634,4431 2634,4520 378,4520"/>
               </Shape>
               <TextLine ID="tl_42"
                         BASELINE="4519"
                         HEIGHT="87"
                         WIDTH="2254"
                         VPOS="4432"
                         HPOS="379">
                  <String HEIGHT="87" WIDTH="196" VPOS="4432" HPOS="346" CONTENT="Il"/>
                  <SP HEIGHT="87" WIDTH="33" VPOS="4432" HPOS="542"/>
                  <String HEIGHT="87"
                          WIDTH="359"
                          VPOS="4432"
                          HPOS="444"
                          CONTENT="demande"/>
                  <SP HEIGHT="87" WIDTH="33" VPOS="4432" HPOS="804"/>
                  <String HEIGHT="87"
                          WIDTH="229"
                          VPOS="4432"
                          HPOS="706"
                          CONTENT="que"/>
                  <SP HEIGHT="87" WIDTH="33" VPOS="4432" HPOS="934"/>
                  <String HEIGHT="87"
                          WIDTH="261"
                          VPOS="4432"
                          HPOS="836"
                          CONTENT="l’on"/>
                  <SP HEIGHT="87" WIDTH="33" VPOS="4432" HPOS="1098"/>
                  <String HEIGHT="87"
                          WIDTH="261"
                          VPOS="4432"
                          HPOS="1000"
                          CONTENT="joue"/>
                  <SP HEIGHT="87" WIDTH="33" VPOS="4432" HPOS="1261"/>
                  <String HEIGHT="87"
                          WIDTH="261"
                          VPOS="4432"
                          HPOS="1163"
                          CONTENT="plus"/>
                  <SP HEIGHT="87" WIDTH="33" VPOS="4432" HPOS="1424"/>
                  <String HEIGHT="87"
                          WIDTH="359"
                          VPOS="4432"
                          HPOS="1326"
                          CONTENT="souvent"/>
                  <SP HEIGHT="87" WIDTH="33" VPOS="4432" HPOS="1686"/>
                  <String HEIGHT="87"
                          WIDTH="229"
                          VPOS="4432"
                          HPOS="1588"
                          CONTENT="son"/>
                  <SP HEIGHT="87" WIDTH="33" VPOS="4432" HPOS="1816"/>
                  <String HEIGHT="87"
                          WIDTH="294"
                          VPOS="4432"
                          HPOS="1718"
                          CONTENT="opéra"/>
                  <SP HEIGHT="87" WIDTH="33" VPOS="4432" HPOS="2012"/>
                  <String HEIGHT="87"
                          WIDTH="229"
                          VPOS="4432"
                          HPOS="1914"
                          CONTENT="les"/>
                  <SP HEIGHT="87" WIDTH="33" VPOS="4432" HPOS="2143"/>
                  <String HEIGHT="87"
                          WIDTH="621"
                          VPOS="4432"
                          HPOS="2012"
                          CONTENT="&lt;i&gt;Infidèles&lt;/i&gt;."/>
               </TextLine>
            </TextBlock>
            <TextBlock ID="r_8_3" HEIGHT="319" WIDTH="3004" VPOS="4580" HPOS="39">
               <Shape>
                  <Polygon POINTS="39,4580 3043,4580 3043,4899 39,4899"/>
               </Shape>
               <TextLine ID="tl_43"
                         BASELINE="4706"
                         HEIGHT="125"
                         WIDTH="3002"
                         VPOS="4581"
                         HPOS="40">
                  <String HEIGHT="125"
                          WIDTH="527"
                          VPOS="4581"
                          HPOS="-13"
                          CONTENT="43532."/>
                  <SP HEIGHT="125" WIDTH="53" VPOS="4581" HPOS="514"/>
                  <String HEIGHT="125"
                          WIDTH="316"
                          VPOS="4581"
                          HPOS="356"
                          CONTENT="LA"/>
                  <SP HEIGHT="125" WIDTH="53" VPOS="4581" HPOS="672"/>
                  <String HEIGHT="125"
                          WIDTH="474"
                          VPOS="4581"
                          HPOS="514"
                          CONTENT="FORCE"/>
                  <SP HEIGHT="125" WIDTH="53" VPOS="4581" HPOS="988"/>
                  <String HEIGHT="125"
                          WIDTH="632"
                          VPOS="4581"
                          HPOS="830"
                          CONTENT="(Jacques"/>
                  <SP HEIGHT="125" WIDTH="53" VPOS="4581" HPOS="1462"/>
                  <String HEIGHT="125"
                          WIDTH="316"
                          VPOS="4581"
                          HPOS="1304"
                          CONTENT="de"/>
                  <SP HEIGHT="125" WIDTH="53" VPOS="4581" HPOS="1620"/>
                  <String HEIGHT="125"
                          WIDTH="632"
                          VPOS="4581"
                          HPOS="1462"
                          CONTENT="CAUMONT,"/>
                  <SP HEIGHT="125" WIDTH="53" VPOS="4581" HPOS="2094"/>
                  <String HEIGHT="125"
                          WIDTH="369"
                          VPOS="4581"
                          HPOS="1936"
                          CONTENT="duc"/>
                  <SP HEIGHT="125" WIDTH="53" VPOS="4581" HPOS="2305"/>
                  <String HEIGHT="125"
                          WIDTH="421"
                          VPOS="4581"
                          HPOS="2147"
                          CONTENT="de),"/>
                  <SP HEIGHT="125" WIDTH="53" VPOS="4581" HPOS="2568"/>
                  <String HEIGHT="125"
                          WIDTH="632"
                          VPOS="4581"
                          HPOS="2410"
                          CONTENT="maréchal"/>
                  <SP HEIGHT="125" WIDTH="53" VPOS="4581" HPOS="3042"/>
                  <String HEIGHT="125"
                          WIDTH="211"
                          VPOS="4581"
                          HPOS="2831"
                          CONTENT="de"/>
               </TextLine>
               <TextLine ID="tl_44"
                         BASELINE="4804"
                         HEIGHT="115"
                         WIDTH="2634"
                         VPOS="4689"
                         HPOS="404">
                  <String HEIGHT="115"
                          WIDTH="491"
                          VPOS="4689"
                          HPOS="359"
                          CONTENT="France,"/>
                  <SP HEIGHT="115" WIDTH="45" VPOS="4689" HPOS="850"/>
                  <String HEIGHT="115"
                          WIDTH="313"
                          VPOS="4689"
                          HPOS="717"
                          CONTENT="qui"/>
                  <SP HEIGHT="115" WIDTH="45" VPOS="4689" HPOS="1029"/>
                  <String HEIGHT="115"
                          WIDTH="268"
                          VPOS="4689"
                          HPOS="895"
                          CONTENT="se"/>
                  <SP HEIGHT="115" WIDTH="45" VPOS="4689" HPOS="1163"/>
                  <String HEIGHT="115"
                          WIDTH="580"
                          VPOS="4689"
                          HPOS="1029"
                          CONTENT="distingua"/>
                  <SP HEIGHT="115" WIDTH="45" VPOS="4689" HPOS="1609"/>
                  <String HEIGHT="115"
                          WIDTH="223"
                          VPOS="4689"
                          HPOS="1475"
                          CONTENT="à"/>
                  <SP HEIGHT="115" WIDTH="45" VPOS="4689" HPOS="1699"/>
                  <String HEIGHT="115"
                          WIDTH="268"
                          VPOS="4689"
                          HPOS="1565"
                          CONTENT="la"/>
                  <SP HEIGHT="115" WIDTH="45" VPOS="4689" HPOS="1833"/>
                  <String HEIGHT="115"
                          WIDTH="536"
                          VPOS="4689"
                          HPOS="1699"
                          CONTENT="bataille"/>
                  <SP HEIGHT="115" WIDTH="45" VPOS="4689" HPOS="2234"/>
                  <String HEIGHT="115"
                          WIDTH="580"
                          VPOS="4689"
                          HPOS="2100"
                          CONTENT="d’Arques."/>
                  <SP HEIGHT="115" WIDTH="45" VPOS="4689" HPOS="2681"/>
                  <String HEIGHT="115"
                          WIDTH="223"
                          VPOS="4689"
                          HPOS="2547"
                          CONTENT="—"/>
                  <SP HEIGHT="115" WIDTH="45" VPOS="4689" HPOS="2770"/>
                  <String HEIGHT="115"
                          WIDTH="268"
                          VPOS="4689"
                          HPOS="2636"
                          CONTENT="L."/>
                  <SP HEIGHT="115" WIDTH="45" VPOS="4689" HPOS="2904"/>
                  <String HEIGHT="115"
                          WIDTH="268"
                          VPOS="4689"
                          HPOS="2770"
                          CONTENT="a."/>
                  <SP HEIGHT="115" WIDTH="45" VPOS="4689" HPOS="3038"/>
                  <String HEIGHT="115"
                          WIDTH="179"
                          VPOS="4689"
                          HPOS="2859"
                          CONTENT="s."/>
               </TextLine>
               <TextLine ID="tl_45"
                         BASELINE="4898"
                         HEIGHT="123"
                         WIDTH="2638"
                         VPOS="4775"
                         HPOS="404">
                  <String HEIGHT="123"
                          WIDTH="393"
                          VPOS="4775"
                          HPOS="348"
                          CONTENT="(au"/>
                  <SP HEIGHT="123" WIDTH="56" VPOS="4775" HPOS="741"/>
                  <String HEIGHT="123"
                          WIDTH="674"
                          VPOS="4775"
                          HPOS="572"
                          CONTENT="cardinal"/>
                  <SP HEIGHT="123" WIDTH="56" VPOS="4775" HPOS="1246"/>
                  <String HEIGHT="123"
                          WIDTH="337"
                          VPOS="4775"
                          HPOS="1078"
                          CONTENT="de"/>
                  <SP HEIGHT="123" WIDTH="56" VPOS="4775" HPOS="1414"/>
                  <String HEIGHT="123"
                          WIDTH="842"
                          VPOS="4775"
                          HPOS="1246"
                          CONTENT="Richelieu),"/>
                  <SP HEIGHT="123" WIDTH="56" VPOS="4775" HPOS="2088"/>
                  <String HEIGHT="123"
                          WIDTH="281"
                          VPOS="4775"
                          HPOS="1919"
                          CONTENT="1"/>
                  <SP HEIGHT="123" WIDTH="56" VPOS="4775" HPOS="2200"/>
                  <String HEIGHT="123"
                          WIDTH="337"
                          VPOS="4775"
                          HPOS="2032"
                          CONTENT="p."/>
                  <SP HEIGHT="123" WIDTH="56" VPOS="4775" HPOS="2368"/>
                  <String HEIGHT="123"
                          WIDTH="730"
                          VPOS="4775"
                          HPOS="2200"
                          CONTENT="in-folio."/>
                  <SP HEIGHT="123" WIDTH="56" VPOS="4775" HPOS="2930"/>
                  <String HEIGHT="123"
                          WIDTH="337"
                          VPOS="4775"
                          HPOS="2761"
                          CONTENT="35"/>
                  <SP HEIGHT="123" WIDTH="56" VPOS="4775" HPOS="3098"/>
                  <String HEIGHT="123"
                          WIDTH="168"
                          VPOS="4775"
                          HPOS="2874"
                          CONTENT="»"/>
               </TextLine>
            </TextBlock>
            <TextBlock ID="r_8_4" HEIGHT="231" WIDTH="2737" VPOS="4945" HPOS="311">
               <Shape>
                  <Polygon POINTS="311,4945 3048,4945 3048,5176 311,5176"/>
               </Shape>
               <TextLine ID="tl_46"
                         BASELINE="5045"
                         HEIGHT="99"
                         WIDTH="2669"
                         VPOS="4946"
                         HPOS="378">
                  <String HEIGHT="99"
                          WIDTH="432"
                          VPOS="4946"
                          HPOS="339"
                          CONTENT="Superbe"/>
                  <SP HEIGHT="99" WIDTH="39" VPOS="4946" HPOS="771"/>
                  <String HEIGHT="99"
                          WIDTH="393"
                          VPOS="4946"
                          HPOS="653"
                          CONTENT="lettre"/>
                  <SP HEIGHT="99" WIDTH="39" VPOS="4946" HPOS="1045"/>
                  <String HEIGHT="99"
                          WIDTH="471"
                          VPOS="4946"
                          HPOS="928"
                          CONTENT="relative"/>
                  <SP HEIGHT="99" WIDTH="39" VPOS="4946" HPOS="1399"/>
                  <String HEIGHT="99" WIDTH="196" VPOS="4946" HPOS="1281" CONTENT="à"/>
                  <SP HEIGHT="99" WIDTH="39" VPOS="4946" HPOS="1477"/>
                  <String HEIGHT="99"
                          WIDTH="236"
                          VPOS="4946"
                          HPOS="1359"
                          CONTENT="la"/>
                  <SP HEIGHT="99" WIDTH="39" VPOS="4946" HPOS="1595"/>
                  <String HEIGHT="99"
                          WIDTH="314"
                          VPOS="4946"
                          HPOS="1477"
                          CONTENT="mise"/>
                  <SP HEIGHT="99" WIDTH="39" VPOS="4946" HPOS="1791"/>
                  <String HEIGHT="99"
                          WIDTH="236"
                          VPOS="4946"
                          HPOS="1673"
                          CONTENT="en"/>
                  <SP HEIGHT="99" WIDTH="39" VPOS="4946" HPOS="1909"/>
                  <String HEIGHT="99"
                          WIDTH="432"
                          VPOS="4946"
                          HPOS="1791"
                          CONTENT="défense"/>
                  <SP HEIGHT="99" WIDTH="39" VPOS="4946" HPOS="2223"/>
                  <String HEIGHT="99"
                          WIDTH="236"
                          VPOS="4946"
                          HPOS="2105"
                          CONTENT="de"/>
                  <SP HEIGHT="99" WIDTH="39" VPOS="4946" HPOS="2341"/>
                  <String HEIGHT="99"
                          WIDTH="589"
                          VPOS="4946"
                          HPOS="2223"
                          CONTENT="Saint-Sion,"/>
                  <SP HEIGHT="99" WIDTH="39" VPOS="4946" HPOS="2812"/>
                  <String HEIGHT="99"
                          WIDTH="275"
                          VPOS="4946"
                          HPOS="2694"
                          CONTENT="qui"/>
                  <SP HEIGHT="99" WIDTH="39" VPOS="4946" HPOS="2969"/>
                  <String HEIGHT="99"
                          WIDTH="236"
                          VPOS="4946"
                          HPOS="2812"
                          CONTENT="peut"/>
               </TextLine>
               <TextLine ID="tl_47"
                         BASELINE="5115"
                         HEIGHT="90"
                         WIDTH="2731"
                         VPOS="5025"
                         HPOS="312">
                  <String HEIGHT="90"
                          WIDTH="482"
                          VPOS="5025"
                          HPOS="272"
                          CONTENT="contenir"/>
                  <SP HEIGHT="90" WIDTH="40" VPOS="5025" HPOS="754"/>
                  <String HEIGHT="90"
                          WIDTH="281"
                          VPOS="5025"
                          HPOS="633"
                          CONTENT="une"/>
                  <SP HEIGHT="90" WIDTH="40" VPOS="5025" HPOS="914"/>
                  <String HEIGHT="90"
                          WIDTH="482"
                          VPOS="5025"
                          HPOS="794"
                          CONTENT="garnison"/>
                  <SP HEIGHT="90" WIDTH="40" VPOS="5025" HPOS="1276"/>
                  <String HEIGHT="90"
                          WIDTH="241"
                          VPOS="5025"
                          HPOS="1155"
                          CONTENT="de"/>
                  <SP HEIGHT="90" WIDTH="40" VPOS="5025" HPOS="1396"/>
                  <String HEIGHT="90"
                          WIDTH="321"
                          VPOS="5025"
                          HPOS="1276"
                          CONTENT="deux"/>
                  <SP HEIGHT="90" WIDTH="40" VPOS="5025" HPOS="1597"/>
                  <String HEIGHT="90"
                          WIDTH="361"
                          VPOS="5025"
                          HPOS="1477"
                          CONTENT="mille"/>
                  <SP HEIGHT="90" WIDTH="40" VPOS="5025" HPOS="1838"/>
                  <String HEIGHT="90"
                          WIDTH="402"
                          VPOS="5025"
                          HPOS="1718"
                          CONTENT="hommes"/>
                  <SP HEIGHT="90" WIDTH="40" VPOS="5025" HPOS="2119"/>
                  <String HEIGHT="90"
                          WIDTH="241"
                          VPOS="5025"
                          HPOS="1999"
                          CONTENT="et"/>
                  <SP HEIGHT="90" WIDTH="40" VPOS="5025" HPOS="2240"/>
                  <String HEIGHT="90"
                          WIDTH="241"
                          VPOS="5025"
                          HPOS="2119"
                          CONTENT="se"/>
                  <SP HEIGHT="90" WIDTH="40" VPOS="5025" HPOS="2360"/>
                  <String HEIGHT="90"
                          WIDTH="482"
                          VPOS="5025"
                          HPOS="2240"
                          CONTENT="défendre"/>
                  <SP HEIGHT="90" WIDTH="40" VPOS="5025" HPOS="2722"/>
                  <String HEIGHT="90"
                          WIDTH="402"
                          VPOS="5025"
                          HPOS="2601"
                          CONTENT="contre"/>
                  <SP HEIGHT="90" WIDTH="40" VPOS="5025" HPOS="3003"/>
                  <String HEIGHT="90"
                          WIDTH="201"
                          VPOS="5025"
                          HPOS="2842"
                          CONTENT="une"/>
               </TextLine>
               <TextLine ID="tl_48"
                         BASELINE="5175"
                         HEIGHT="83"
                         WIDTH="738"
                         VPOS="5092"
                         HPOS="312">
                  <String HEIGHT="83"
                          WIDTH="387"
                          VPOS="5092"
                          HPOS="277"
                          CONTENT="attaque"/>
                  <SP HEIGHT="83" WIDTH="35" VPOS="5092" HPOS="663"/>
                  <String HEIGHT="83" WIDTH="211" VPOS="5092" HPOS="558" CONTENT="de"/>
                  <SP HEIGHT="83" WIDTH="35" VPOS="5092" HPOS="769"/>
                  <String HEIGHT="83"
                          WIDTH="246"
                          VPOS="5092"
                          HPOS="663"
                          CONTENT="dix"/>
                  <SP HEIGHT="83" WIDTH="35" VPOS="5092" HPOS="909"/>
                  <String HEIGHT="83"
                          WIDTH="281"
                          VPOS="5092"
                          HPOS="769"
                          CONTENT="mille."/>
               </TextLine>
            </TextBlock>
            <GraphicalElement ID="r_9" HEIGHT="14" WIDTH="2746" VPOS="5253" HPOS="0"/>
         </PrintSpace>
      </Page>
   </Layout>
</alto>
