914.7401574803149 1523.6220472440946
374.1732283464567 13.039370078740157 106.01574803149606 24.661417322834644 —
416.6929133858268 13.039370078740157 106.01574803149606 24.661417322834644 3
437.9527559055118 13.039370078740157 63.496062992125985 24.661417322834644 —

1.984251968503937 60.94488188976378 140.5984251968504 36.8503937007874 43461.
100.34645669291339 60.94488188976378 154.48818897637796 36.8503937007874 ANTOINE
212.88188976377953 60.94488188976378 84.18897637795276 36.8503937007874 DE
254.83464566929135 60.94488188976378 168.66141732283464 36.8503937007874 BOURBON,
381.25984251968504 60.94488188976378 98.36220472440945 36.8503937007874 roi
437.6692913385827 60.94488188976378 84.18897637795276 36.8503937007874 de
479.62204724409446 60.94488188976378 168.66141732283464 36.8503937007874 Navarre,
606.0472440944882 60.94488188976378 112.25196850393701 36.8503937007874 père
676.3464566929134 60.94488188976378 84.18897637795276 36.8503937007874 de
718.5826771653543 60.94488188976378 126.4251968503937 36.8503937007874 Henri
788.5984251968504 60.94488188976378 70.2992125984252 36.8503937007874 IV.

106.2992125984252 86.74015748031496 62.92913385826772 35.43307086614173 —
131.24409448818898 86.74015748031496 75.4015748031496 35.43307086614173 L.
168.9448818897638 86.74015748031496 87.8740157480315 35.43307086614173 s.,
219.4015748031496 86.74015748031496 100.62992125984252 35.43307086614173 avec
282.0472440944882 86.74015748031496 75.4015748031496 35.43307086614173 la
319.748031496063 86.74015748031496 200.9763779527559 35.43307086614173 souscription
483.0236220472441 86.74015748031496 113.10236220472441 35.43307086614173 aut.,
558.4251968503937 86.74015748031496 62.92913385826772 35.43307086614173 à
583.6535433070866 86.74015748031496 163.2755905511811 35.43307086614173 Sébastien
709.2283464566929 86.74015748031496 75.4015748031496 35.43307086614173 de
734.4566929133858 86.74015748031496 125.5748031496063 35.43307086614173 l'Aubes-

104.88188976377953 112.25196850393701 127.84251968503936 36.56692913385827 pine,
189.92125984251967 112.25196850393701 212.88188976377953 36.56692913385827 ambassadeur
360.2834645669291 112.25196850393701 85.03937007874016 36.56692913385827 en
403.0866141732283 112.25196850393701 170.36220472440945 36.56692913385827 Espagne;
516.4724409448819 112.25196850393701 340.7244094488189 36.56692913385827 Saint

100.34645669291339 137.48031496062993 102.33070866141732 35.43307086614173 3
141.16535433070865 137.48031496062993 245.76377952755905 35.43307086614173 décembre
325.7007874015748 137.48031496062993 184.251968503937 35.43307086614173 1561,
448.4409448818898 137.48031496062993 102.33070866141732 35.43307086614173 2
489.54330708661416 137.48031496062993 123.02362204724409 35.43307086614173 p.
550.7716535433071 137.48031496062993 266.1732283464567 35.43307086614173 in-folio.
755.7165354330708 137.48031496062993 123.02362204724409 35.43307086614173 25
796.5354330708661 137.48031496062993 61.511811023622045 35.43307086614173 »

103.18110236220473 185.66929133858267 93.25984251968504 29.480314960629922 PIÈCE
165.54330708661416 185.66929133858267 155.6220472440945 29.480314960629922 HISTORIQUE.
289.98425196850394 185.66929133858267 62.36220472440945 29.480314960629922 Il
321.1653543307087 185.66929133858267 134.9291338582677 29.480314960629922 l’informe
424.9133858267717 185.66929133858267 72.56692913385827 29.480314960629922 que
466.2992125984252 185.66929133858267 103.74803149606299 29.480314960629922 depuis
538.8661417322835 185.66929133858267 62.36220472440945 29.480314960629922 sa
570.0472440944882 185.66929133858267 124.44094488188976 29.480314960629922 dernière
663.5905511811023 185.66929133858267 103.74803149606299 29.480314960629922 lettre
736.1574803149606 185.66929133858267 62.36220472440945 29.480314960629922 il
767.3385826771654 185.66929133858267 51.874015748031496 29.480314960629922 a
788.0314960629921 185.66929133858267 62.36220472440945 29.480314960629922 eu
808.7244094488188 185.66929133858267 51.874015748031496 29.480314960629922 une

84.18897637795276 205.22834645669292 170.07874015748033 29.480314960629922 conversation
222.51968503937007 205.22834645669292 85.03937007874016 29.480314960629922 avec
275.81102362204723 205.22834645669292 180.8503937007874 29.480314960629922 l’ambassadeur
424.62992125984255 205.22834645669292 148.8188976377953 29.480314960629922 d’Espagne,
541.7007874015748 205.22834645669292 74.55118110236221 29.480314960629922 qui
584.2204724409448 205.22834645669292 74.55118110236221 29.480314960629922 lui
626.7401574803149 205.22834645669292 53.29133858267716 29.480314960629922 a
648.0 205.22834645669292 95.81102362204724 29.480314960629922 donné
711.7795275590552 205.22834645669292 74.55118110236221 29.480314960629922 bon
754.2992125984252 205.22834645669292 106.2992125984252 29.480314960629922 espoir
818.0787401574803 205.22834645669292 42.51968503937008 29.480314960629922 au

85.03937007874016 224.50393700787401 94.39370078740157 28.62992125984252 sujet
147.96850393700788 224.50393700787401 73.41732283464567 28.62992125984252 des
189.92125984251967 224.50393700787401 146.83464566929135 28.62992125984252 intentions
305.29133858267716 224.50393700787401 62.92913385826772 28.62992125984252 du
336.755905511811 224.50393700787401 73.41732283464567 28.62992125984252 roi
378.70866141732284 224.50393700787401 136.3464566929134 28.62992125984252 d’Espagne
483.59055118110234 224.50393700787401 167.81102362204723 28.62992125984252 relativement
619.9370078740158 224.50393700787401 52.44094488188976 28.62992125984252 à
640.9133858267717 224.50393700787401 62.92913385826772 28.62992125984252 la
672.3779527559055 224.50393700787401 125.85826771653544 28.62992125984252 Navarre.
766.7716535433071 224.50393700787401 83.90551181102362 28.62992125984252 Afin
808.7244094488188 224.50393700787401 52.44094488188976 28.62992125984252 que

83.90551181102362 243.49606299212599 66.61417322834646 27.77952755905512 M.
117.07086614173228 243.49606299212599 66.61417322834646 27.77952755905512 de
150.51968503937007 243.49606299212599 166.6771653543307 27.77952755905512 l’Aubespine
284.0314960629921 243.49606299212599 89.00787401574803 27.77952755905512 soit
339.59055118110234 243.49606299212599 66.61417322834646 27.77952755905512 au
372.755905511811 243.49606299212599 122.1732283464567 27.77952755905512 courant
461.76377952755905 243.49606299212599 66.61417322834646 27.77952755905512 de
495.21259842519686 243.49606299212599 77.95275590551181 27.77952755905512 ses
539.7165354330708 243.49606299212599 155.6220472440945 27.77952755905512 intentions
661.8897637795276 243.49606299212599 66.61417322834646 27.77952755905512 il
695.3385826771654 243.49606299212599 77.95275590551181 27.77952755905512 lui
739.8425196850394 243.49606299212599 111.11811023622047 27.77952755905512 envoie
806.4566929133858 243.49606299212599 55.55905511811024 27.77952755905512 des

84.75590551181102 263.62204724409446 170.36220472440945 26.362204724409448 instructions
223.37007874015748 263.62204724409446 74.55118110236221 26.362204724409448 par
265.8897637795276 263.62204724409446 64.06299212598425 26.362204724409448 un
297.9212598425197 263.62204724409446 127.84251968503936 26.362204724409448 courrier
393.73228346456693 263.62204724409446 85.32283464566929 26.362204724409448 très
447.0236220472441 263.62204724409446 74.55118110236221 26.362204724409448 sûr
489.8267716535433 263.62204724409446 64.06299212598425 26.362204724409448 et
521.5748031496063 263.62204724409446 74.55118110236221 26.362204724409448 lui
564.3779527559055 263.62204724409446 95.81102362204724 26.362204724409448 donne
628.1574803149606 263.62204724409446 85.32283464566929 26.362204724409448 dans
681.4488188976378 263.62204724409446 95.81102362204724 26.362204724409448 cette
745.511811023622 263.62204724409446 106.58267716535433 26.362204724409448 lettre
809.2913385826772 263.62204724409446 53.29133858267716 26.362204724409448 des

85.03937007874016 282.0472440944882 167.81102362204723 28.062992125984252 instructions
221.38582677165354 282.0472440944882 136.3464566929134 28.062992125984252 générales
326.5511811023622 282.0472440944882 83.90551181102362 28.062992125984252 pour
378.99212598425197 282.0472440944882 62.92913385826772 28.062992125984252 la
410.45669291338584 282.0472440944882 136.3464566929134 28.062992125984252 direction
515.3385826771654 282.0472440944882 73.41732283464567 28.062992125984252 des
557.2913385826772 282.0472440944882 178.29921259842519 28.062992125984252 négociations.
704.4094488188977 282.0472440944882 94.39370078740157 28.062992125984252 «Vous
756.8503937007874 282.0472440944882 104.88188976377953 28.062992125984252 entendez

83.62204724409449 301.3228346456693 139.748031496063 27.77952755905512 Monsieur
188.50393700787401 301.3228346456693 70.01574803149606 27.77952755905512 de
223.37007874015748 301.3228346456693 128.1259842519685 27.77952755905512 Lymoges
316.62992125984255 301.3228346456693 116.50393700787401 27.77952755905512 mieulx
397.98425196850394 301.3228346456693 81.63779527559055 27.77952755905512 que
444.755905511811 301.3228346456693 70.01574803149606 27.77952755905512 je
479.62204724409446 301.3228346456693 70.01574803149606 27.77952755905512 ne
514.488188976378 301.3228346456693 93.25984251968504 27.77952755905512 vous
572.8818897637796 301.3228346456693 93.25984251968504 27.77952755905512 puys
630.992125984252 301.3228346456693 139.748031496063 27.77952755905512 escrire,
735.8740157480315 301.3228346456693 104.88188976377953 27.77952755905512 comme
793.9842519685039 301.3228346456693 70.01574803149606 27.77952755905512 cest

85.60629921259843 320.59842519685037 111.11811023622047 27.212598425196852 affaire
166.39370078740157 320.59842519685037 60.661417322834644 27.212598425196852 se
196.7244094488189 320.59842519685037 80.78740157480316 27.212598425196852 doyt
247.1811023622047 320.59842519685037 111.11811023622047 27.212598425196852 manyer,
327.9685039370079 320.59842519685037 70.58267716535433 27.212598425196852 qui
368.503937007874 320.59842519685037 80.78740157480316 27.212598425196852 fera
418.96062992125985 320.59842519685037 70.58267716535433 27.212598425196852 que
459.21259842519686 320.59842519685037 60.661417322834644 27.212598425196852 je
489.54330708661416 320.59842519685037 70.58267716535433 27.212598425196852 men
530.0787401574803 320.59842519685037 131.24409448818898 27.212598425196852 remectray
630.992125984252 320.59842519685037 50.45669291338583 27.212598425196852 a
651.1181102362204 320.59842519685037 90.99212598425197 27.212598425196852 vous,
711.7795275590552 320.59842519685037 70.58267716535433 27.212598425196852 qui
742.1102362204724 320.59842519685037 121.03937007874016 27.212598425196852 considerez

84.75590551181102 340.15748031496065 86.45669291338582 26.929133858267715 bien
138.89763779527559 340.15748031496065 97.22834645669292 26.929133858267715 aussi
203.5275590551181 340.15748031496065 75.68503937007874 26.929133858267715 que
246.89763779527559 340.15748031496065 75.68503937007874 26.929133858267715 mes
290.26771653543307 340.15748031496065 183.68503937007873 26.929133858267715 predecesseurs
441.6377952755906 340.15748031496065 64.91338582677166 26.929133858267715 et
473.9527559055118 340.15748031496065 86.45669291338582 26.929133858267715 moy,
528.0944881889764 340.15748031496065 119.05511811023622 26.929133858267715 n’avons
614.5511811023622 340.15748031496065 75.68503937007874 26.929133858267715 pas
657.6377952755905 340.15748031496065 119.05511811023622 26.929133858267715 actendu
744.0944881889764 340.15748031496065 64.91338582677166 26.929133858267715 si
765.9212598425197 340.15748031496065 97.22834645669292 26.929133858267715 longue-

85.32283464566929 359.1496062992126 85.32283464566929 26.64566929133858 ment
138.61417322834646 359.1496062992126 63.77952755905512 26.64566929133858 la
170.64566929133858 359.1496062992126 106.58267716535433 26.64566929133858 raison
245.1968503937008 359.1496062992126 85.32283464566929 26.64566929133858 d’un
298.48818897637796 359.1496062992126 63.77952755905512 26.64566929133858 si
330.5196850393701 359.1496062992126 85.32283464566929 26.64566929133858 beau
383.5275590551181 359.1496062992126 63.77952755905512 26.64566929133858 et
415.5590551181102 359.1496062992126 63.77952755905512 26.64566929133858 si
447.59055118110234 359.1496062992126 106.58267716535433 26.64566929133858 ancien
522.1417322834645 359.1496062992126 117.07086614173228 26.64566929133858 Royaume
607.1811023622047 359.1496062992126 74.55118110236221 26.64566929133858 que
649.9842519685039 359.1496062992126 95.81102362204724 26.64566929133858 celuy
713.7637795275591 359.1496062992126 85.32283464566929 26.64566929133858 dont
767.0551181102362 359.1496062992126 63.77952755905512 26.64566929133858 je
788.3149606299213 359.1496062992126 74.55118110236221 26.64566929133858 porte

85.03937007874016 378.1417322834646 61.511811023622045 28.062992125984252 le
115.65354330708661 378.1417322834646 112.53543307086615 28.062992125984252 tiltre,
197.5748031496063 378.1417322834646 81.92125984251969 28.062992125984252 pour
248.88188976377953 378.1417322834646 61.511811023622045 28.062992125984252 me
279.496062992126 378.1417322834646 133.22834645669292 28.062992125984252 contanter
381.8267716535433 378.1417322834646 61.511811023622045 28.062992125984252 de
412.7244094488189 378.1417322834646 81.92125984251969 28.062992125984252 peu,
463.748031496063 378.1417322834646 61.511811023622045 28.062992125984252 ne
494.6456692913386 378.1417322834646 61.511811023622045 28.062992125984252 de
525.2598425196851 378.1417322834646 92.1259842519685 28.062992125984252 chose
586.7716535433071 378.1417322834646 71.71653543307086 28.062992125984252 qui
627.5905511811023 378.1417322834646 61.511811023622045 28.062992125984252 ne
658.488188976378 378.1417322834646 81.92125984251969 28.062992125984252 fust
709.511811023622 378.1417322834646 92.1259842519685 28.062992125984252 digne
771.0236220472441 378.1417322834646 61.511811023622045 28.062992125984252 de
791.4330708661417 378.1417322834646 71.71653543307086 28.062992125984252 moy.»

1.984251968503937 426.8976377952756 156.4724409448819 31.46456692913386 43462.
111.4015748031496 426.8976377952756 172.06299212598427 31.46456692913386 ARNOULD
236.69291338582678 426.8976377952756 203.24409448818898 31.46456692913386 (Arthur),
392.88188976377955 426.8976377952756 156.4724409448819 31.46456692913386 membre
502.5826771653543 426.8976377952756 93.8267716535433 31.46456692913386 de
549.3543307086615 426.8976377952756 93.8267716535433 31.46456692913386 la
596.4094488188977 426.8976377952756 172.06299212598427 31.46456692913386 Commune
721.4173228346457 426.8976377952756 93.8267716535433 31.46456692913386 de
752.8818897637796 426.8976377952756 109.41732283464567 31.46456692913386 1871,

108.85039370078741 452.40944881889766 140.5984251968504 32.31496062992126 célèbre
210.89763779527559 452.40944881889766 178.86614173228347 32.31496062992126 romancier.
351.496062992126 452.40944881889766 63.77952755905512 32.31496062992126 —
377.00787401574803 452.40944881889766 63.77952755905512 32.31496062992126 3
402.5196850393701 452.40944881889766 76.53543307086615 32.31496062992126 l.
440.78740157480314 452.40944881889766 76.53543307086615 32.31496062992126 a.
479.0551181102362 452.40944881889766 89.29133858267717 32.31496062992126 s.;
530.3622047244095 452.40944881889766 140.5984251968504 32.31496062992126 Genève,
632.4094488188977 452.40944881889766 114.80314960629921 32.31496062992126 1879,
708.9448818897638 452.40944881889766 76.53543307086615 32.31496062992126 10
747.496062992126 452.40944881889766 76.53543307086615 32.31496062992126 p.
773.007874015748 452.40944881889766 89.29133858267717 32.31496062992126 in

786.6141732283464 481.3228346456693 90.70866141732283 19.275590551181104 15
816.6614173228346 481.3228346456693 45.354330708661415 19.275590551181104 »

104.5984251968504 526.6771653543307 172.06299212598427 24.37795275590551 Intéressantes
246.33070866141733 526.6771653543307 111.4015748031496 24.37795275590551 lettres
327.11811023622045 526.6771653543307 60.661417322834644 24.37795275590551 où
357.73228346456693 526.6771653543307 60.661417322834644 24.37795275590551 il
388.06299212598424 526.6771653543307 121.32283464566929 24.37795275590551 critique
479.0551181102362 526.6771653543307 60.661417322834644 24.37795275590551 la
509.38582677165357 526.6771653543307 131.5275590551181 24.37795275590551 politique
610.5826771653543 526.6771653543307 60.661417322834644 24.37795275590551 du
640.9133858267717 526.6771653543307 90.99212598425197 24.37795275590551 parti
701.5748031496063 526.6771653543307 151.6535433070866 24.37795275590551 républicain
812.9763779527559 526.6771653543307 50.45669291338583 24.37795275590551 qui

85.03937007874016 545.9527559055118 134.9291338582677 27.212598425196852 s’attache
188.78740157480314 545.9527559055118 83.05511811023622 27.212598425196852 plus
240.9448818897638 545.9527559055118 72.56692913385827 27.212598425196852 aux
282.3307086614173 545.9527559055118 176.31496062992127 27.212598425196852 personnalités
427.46456692913387 545.9527559055118 103.74803149606299 27.212598425196852 qu’aux
500.31496062992125 545.9527559055118 145.41732283464566 27.212598425196852 principes.
614.2677165354331 545.9527559055118 93.25984251968504 27.212598425196852 «Tant
676.6299212598425 545.9527559055118 72.56692913385827 27.212598425196852 que
718.0157480314961 545.9527559055118 93.25984251968504 27.212598425196852 Grévy
780.3779527559055 545.9527559055118 83.05511811023622 27.212598425196852 sera
822.0472440944882 545.9527559055118 41.38582677165354 27.212598425196852 là

85.03937007874016 565.511811023622 60.661417322834644 24.094488188976378 il
115.37007874015748 565.511811023622 70.86614173228347 24.094488188976378 n’y
155.90551181102362 565.511811023622 81.07086614173228 24.094488188976378 aura
206.64566929133858 565.511811023622 70.86614173228347 24.094488188976378 pas
247.1811023622047 565.511811023622 90.99212598425197 24.094488188976378 péril
307.84251968503935 565.511811023622 60.661417322834644 24.094488188976378 en
338.1732283464567 565.511811023622 60.661417322834644 24.094488188976378 la
368.503937007874 565.511811023622 121.60629921259843 24.094488188976378 demeure,
459.7795275590551 565.511811023622 81.07086614173228 24.094488188976378 mais
510.23622047244095 565.511811023622 60.661417322834644 24.094488188976378 je
540.5669291338583 565.511811023622 101.19685039370079 24.094488188976378 crains
611.4330708661417 565.511811023622 90.99212598425197 24.094488188976378 qu’il
672.3779527559055 565.511811023622 60.661417322834644 24.094488188976378 ne
702.7086614173228 565.511811023622 81.07086614173228 24.094488188976378 s’en
753.1653543307086 565.511811023622 111.4015748031496 24.094488188976378 dégoute
824.0314960629921 565.511811023622 40.53543307086614 24.094488188976378 et

85.03937007874016 585.3543307086615 60.09448818897638 23.244094488188978 ne
115.08661417322834 585.3543307086615 80.22047244094489 23.244094488188978 s’en
164.9763779527559 585.3543307086615 90.14173228346456 23.244094488188978 aille
225.0708661417323 585.3543307086615 80.22047244094489 23.244094488188978 trop
275.244094488189 585.3543307086615 70.01574803149606 23.244094488188978 tôt
315.21259842519686 585.3543307086615 80.22047244094489 23.244094488188978 pour
365.38582677165357 585.3543307086615 60.09448818897638 23.244094488188978 le
395.43307086614175 585.3543307086615 90.14173228346456 23.244094488188978 salut
455.5275590551181 585.3543307086615 60.09448818897638 23.244094488188978 de
485.5748031496063 585.3543307086615 60.09448818897638 23.244094488188978 la
505.4173228346457 585.3543307086615 140.31496062992127 23.244094488188978 République.»

3.4015748031496065 632.9763779527559 134.9291338582677 30.89763779527559 43463.
97.79527559055119 632.9763779527559 121.32283464566929 30.89763779527559 BARNI
178.86614173228347 632.9763779527559 161.85826771653544 30.89763779527559 (Jules),
300.18897637795277 632.9763779527559 188.78740157480314 30.89763779527559 philosophe
448.4409448818898 632.9763779527559 80.78740157480316 30.89763779527559 et
488.9763779527559 632.9763779527559 121.32283464566929 30.89763779527559 homme
569.7637795275591 632.9763779527559 188.78740157480314 30.89763779527559 politique,
704.6929133858267 632.9763779527559 161.85826771653544 30.89763779527559 traducteur

108.0 657.6377952755905 75.96850393700787 28.913385826771652 de
145.98425196850394 657.6377952755905 113.66929133858268 28.913385826771652 Kant,
221.95275590551182 657.6377952755905 75.96850393700787 28.913385826771652 né
259.93700787401576 657.6377952755905 63.21259842519685 28.913385826771652 à
285.1653543307087 657.6377952755905 126.4251968503937 28.913385826771652 Lille.
373.6062992125984 657.6377952755905 63.21259842519685 28.913385826771652 —
398.8346456692913 657.6377952755905 75.96850393700787 28.913385826771652 L.
436.81889763779526 657.6377952755905 75.96850393700787 28.913385826771652 a.
474.8031496062992 657.6377952755905 75.96850393700787 28.913385826771652 s.
512.7874015748032 657.6377952755905 75.96850393700787 28.913385826771652 au
550.7716535433071 657.6377952755905 139.1811023622047 28.913385826771652 recteur
651.9685039370079 657.6377952755905 75.96850393700787 28.913385826771652 de
689.6692913385826 657.6377952755905 177.16535433070865 28.913385826771652 l’Académie
816.3779527559055 657.6377952755905 50.45669291338583 28.913385826771652 de

104.88188976377953 683.4330708661417 162.14173228346456 32.031496062992126 Rouen;
218.26771653543307 683.4330708661417 162.14173228346456 32.031496062992126 Rouen,
331.65354330708664 683.4330708661417 97.22834645669292 32.031496062992126 27
380.12598425196853 683.4330708661417 194.45669291338584 32.031496062992126 décembre
526.1102362204724 683.4330708661417 145.70078740157481 32.031496062992126 1852,
623.3385826771654 683.4330708661417 81.07086614173228 32.031496062992126 1
655.6535433070866 683.4330708661417 97.22834645669292 32.031496062992126 p.
704.1259842519685 683.4330708661417 145.70078740157481 32.031496062992126 in-8.
801.3543307086615 683.4330708661417 81.07086614173228 32.031496062992126 5
817.7952755905512 683.4330708661417 48.47244094488189 32.031496062992126 »

102.04724409448819 734.7401574803149 135.21259842519686 25.79527559055118 CURIEUSE
203.5275590551181 734.7401574803149 112.81889763779527 25.79527559055118 PIÈCE.
282.3307086614173 734.7401574803149 67.74803149606299 25.79527559055118 Il
316.34645669291336 734.7401574803149 101.48031496062993 25.79527559055118 vient
383.81102362204723 734.7401574803149 168.9448818897638 25.79527559055118 d’apprendre
519.0236220472441 734.7401574803149 78.80314960629921 25.79527559055118 que
564.0944881889764 734.7401574803149 67.74803149606299 25.79527559055118 le
598.1102362204724 734.7401574803149 101.48031496062993 25.79527559055118 cours
665.5748031496063 734.7401574803149 67.74803149606299 25.79527559055118 de
699.5905511811023 734.7401574803149 168.9448818897638 25.79527559055118 philosophie
823.4645669291339 734.7401574803149 45.07086614173228 25.79527559055118 de

82.77165354330708 753.7322834645669 112.53543307086615 27.212598425196852 l’école
164.40944881889763 753.7322834645669 112.53543307086615 27.212598425196852 normale
246.33070866141733 753.7322834645669 91.84251968503936 27.212598425196852 vient
307.5590551181102 753.7322834645669 102.33070866141732 27.212598425196852 d’être
378.99212598425197 753.7322834645669 122.74015748031496 27.212598425196852 suspendu
471.11811023622045 753.7322834645669 61.22834645669291 27.212598425196852 et
501.73228346456693 753.7322834645669 71.43307086614173 27.212598425196852 que
542.5511811023622 753.7322834645669 163.55905511811022 27.212598425196852 l’agrégation
675.496062992126 753.7322834645669 61.22834645669291 27.212598425196852 de
706.1102362204724 753.7322834645669 153.35433070866142 27.212598425196852 philosophie
818.6456692913385 753.7322834645669 51.023622047244096 27.212598425196852 est

82.48818897637796 773.2913385826772 155.33858267716536 26.64566929133858 supprimée.
204.3779527559055 773.2913385826772 88.7244094488189 26.64566929133858 «Ces
259.93700787401576 773.2913385826772 122.1732283464567 26.64566929133858 mesures
348.66141732283467 773.2913385826772 66.61417322834646 26.64566929133858 et
382.1102362204724 773.2913385826772 77.66929133858268 26.64566929133858 les
426.3307086614173 773.2913385826772 133.22834645669292 26.64566929133858 desseins
526.3937007874016 773.2913385826772 133.22834645669292 26.64566929133858 qu’elles
626.1732283464567 773.2913385826772 155.33858267716536 26.64566929133858 témoignent
748.0629921259842 773.2913385826772 66.61417322834646 26.64566929133858 me
770.4566929133858 773.2913385826772 99.77952755905511 26.64566929133858 tracent

82.48818897637796 792.8503937007874 68.31496062992126 26.362204724409448 ma
116.50393700787401 792.8503937007874 147.96850393700788 26.362204724409448 conduite:
230.45669291338584 792.8503937007874 68.31496062992126 26.362204724409448 je
264.755905511811 792.8503937007874 68.31496062992126 26.362204724409448 ne
298.7716535433071 792.8503937007874 170.9291338582677 26.362204724409448 conserverai
435.68503937007875 792.8503937007874 79.65354330708661 26.362204724409448 pas
481.03937007874015 792.8503937007874 147.96850393700788 26.362204724409448 davantage
594.992125984252 792.8503937007874 79.65354330708661 26.362204724409448 des
640.6299212598425 792.8503937007874 147.96850393700788 26.362204724409448 fonctions
743.2440944881889 792.8503937007874 125.29133858267717 26.362204724409448 désormais

83.33858267716535 811.8425196850394 85.88976377952756 27.212598425196852 sans
137.1968503937008 811.8425196850394 118.20472440944881 27.212598425196852 dignité
223.08661417322836 811.8425196850394 64.62992125984252 27.212598425196852 et
255.4015748031496 811.8425196850394 85.88976377952756 27.212598425196852 sans
308.9763779527559 811.8425196850394 182.83464566929135 27.212598425196852 indépendance.
459.496062992126 811.8425196850394 64.62992125984252 27.212598425196852 Je
491.81102362204723 811.8425196850394 96.66141732283465 27.212598425196852 viens
556.1574803149606 811.8425196850394 85.88976377952756 27.212598425196852 donc
610.0157480314961 811.8425196850394 85.88976377952756 27.212598425196852 vous
663.8740157480315 811.8425196850394 128.9763779527559 27.212598425196852 remettre
760.5354330708661 811.8425196850394 64.62992125984252 27.212598425196852 ma
782.0787401574803 811.8425196850394 85.88976377952756 27.212598425196852 démis

71.71653543307086 838.488188976378 88.7244094488189 15.590551181102363 sion.»

1.4173228346456692 880.1574803149606 144.8503937007874 34.2992125984252 43464.
102.89763779527559 880.1574803149606 159.30708661417322 34.2992125984252 BARRIAS
218.5511811023622 880.1574803149606 275.244094488189 34.2992125984252 (Louis-Ernest),
450.4251968503937 880.1574803149606 159.30708661417322 34.2992125984252 célèbre
566.0787401574803 880.1574803149606 202.6771653543307 34.2992125984252 sculpteur,
725.3858267716536 880.1574803149606 144.8503937007874 34.2992125984252 membre
812.4094488188977 880.1574803149606 57.826771653543304 34.2992125984252 de

106.86614173228347 905.9527559055118 162.14173228346456 34.01574803149607 l’Académie
234.4251968503937 905.9527559055118 81.07086614173228 34.01574803149607 des
280.62992125984255 905.9527559055118 173.76377952755905 34.01574803149607 Beaux-Arts.
419.5275590551181 905.9527559055118 57.826771653543304 34.01574803149607 —
442.7716535433071 905.9527559055118 69.44881889763779 34.01574803149607 L.
477.6377952755906 905.9527559055118 69.44881889763779 34.01574803149607 a.
512.2204724409448 905.9527559055118 81.07086614173228 34.01574803149607 s.;
558.7086614173228 905.9527559055118 69.44881889763779 34.01574803149607 2.
593.2913385826772 905.9527559055118 69.44881889763779 34.01574803149607 p.
628.1574803149606 905.9527559055118 81.07086614173228 34.01574803149607 1/2
674.3622047244095 905.9527559055118 104.31496062992126 34.01574803149607 in-8.
732.4724409448819 905.9527559055118 138.89763779527559 34.01574803149607 Peu

79.93700787401575 932.0314960629921 712.0629921259842 28.913385826771652 commun.
673.511811023622 932.0314960629921 237.25984251968504 28.913385826771652 10
752.5984251968504 932.0314960629921 118.77165354330708 28.913385826771652 »

3.4015748031496065 980.7874015748032 127.84251968503936 35.71653543307087 43465.
92.97637795275591 980.7874015748032 102.33070866141732 35.71653543307087 BART
156.75590551181102 980.7874015748032 140.5984251968504 35.71653543307087 (Jean),
259.0866141732283 980.7874015748032 76.81889763779527 35.71653543307087 un
297.3543307086614 980.7874015748032 89.5748031496063 35.71653543307087 des
348.37795275590554 980.7874015748032 102.33070866141732 35.71653543307087 plus
412.4409448818898 980.7874015748032 166.11023622047244 35.71653543307087 illustres
540.2834645669292 980.7874015748032 76.81889763779527 35.71653543307087 et
578.5511811023622 980.7874015748032 102.33070866141732 35.71653543307087 plus
642.3307086614174 980.7874015748032 178.86614173228347 35.71653543307087 populaires
770.1732283464567 980.7874015748032 102.33070866141732 35.71653543307087 marins

104.31496062992126 1006.5826771653543 94.11023622047244 36.0 de
151.37007874015748 1006.5826771653543 94.11023622047244 36.0 la
198.4251968503937 1006.5826771653543 172.62992125984252 36.0 France,
323.7165354330709 1006.5826771653543 94.11023622047244 36.0 né
370.7716535433071 1006.5826771653543 78.51968503937007 36.0 à
402.23622047244095 1006.5826771653543 219.68503937007873 36.0 Dunkerque.
574.8661417322835 1006.5826771653543 78.51968503937007 36.0 —
606.0472440944882 1006.5826771653543 94.11023622047244 36.0 P.
653.1023622047244 1006.5826771653543 94.11023622047244 36.0 s;
684.5669291338583 1006.5826771653543 188.2204724409449 36.0 Dunkerque,

106.58267716535433 1032.3779527559054 74.26771653543307 36.8503937007874 29
143.71653543307087 1032.3779527559054 111.4015748031496 36.8503937007874 avril
218.26771653543307 1032.3779527559054 111.4015748031496 36.8503937007874 1680,
292.53543307086613 1032.3779527559054 61.79527559055118 36.8503937007874 2
317.1968503937008 1032.3779527559054 74.26771653543307 36.8503937007874 p.
354.3307086614173 1032.3779527559054 136.3464566929134 36.8503937007874 in-fol.
453.54330708661416 1032.3779527559054 136.3464566929134 36.8503937007874 Très
552.4724409448819 1032.3779527559054 99.21259842519684 36.8503937007874 rare
614.5511811023622 1032.3779527559054 86.74015748031496 36.8503937007874 sur
663.8740157480315 1032.3779527559054 185.66929133858267 36.8503937007874 papier.
812.6929133858267 1032.3779527559054 74.26771653543307 36.8503937007874 80
837.3543307086615 1032.3779527559054 37.13385826771653 36.8503937007874 »

101.76377952755905 1083.9685039370079 125.29133858267717 31.181102362204726 SUPERBE
192.75590551181102 1083.9685039370079 113.66929133858268 31.181102362204726 PIÈCE.
272.40944881889766 1083.9685039370079 90.99212598425197 31.181102362204726 Etat
329.38582677165357 1083.9685039370079 79.65354330708661 31.181102362204726 des
374.74015748031496 1083.9685039370079 113.66929133858268 31.181102362204726 vivres
454.3937007874016 1083.9685039370079 102.33070866141732 31.181102362204726 qu’il
522.7086614173228 1083.9685039370079 90.99212598425197 31.181102362204726 faut
579.6850393700787 1083.9685039370079 147.96850393700788 31.181102362204726 embarquer
693.6377952755905 1083.9685039370079 90.99212598425197 31.181102362204726 dans
750.3307086614174 1083.9685039370079 68.31496062992126 31.181102362204726 la
773.2913385826772 1083.9685039370079 102.33070866141732 31.181102362204726 frégate

84.4724409448819 1107.7795275590552 185.38582677165354 28.062992125984252 Sorcière,
242.07874015748033 1107.7795275590552 120.4724409448819 28.062992125984252 commandée
334.7716535433071 1107.7795275590552 64.91338582677166 28.062992125984252 par
371.90551181102364 1107.7795275590552 55.55905511811024 28.062992125984252 le
399.68503937007875 1107.7795275590552 120.4724409448819 28.062992125984252 capitaine
492.37795275590554 1107.7795275590552 74.26771653543307 28.062992125984252 Jean
529.511811023622 1107.7795275590552 64.91338582677166 28.062992125984252 Bart.

1.1338582677165354 1153.4173228346456 143.71653543307087 38.83464566929134 43466.
101.76377952755905 1153.4173228346456 143.71653543307087 38.83464566929134 BAUDRY
202.11023622047244 1153.4173228346456 157.88976377952756 38.83464566929134 (Paul),
317.1968503937008 1153.4173228346456 86.1732283464567 38.83464566929134 le
360.2834645669291 1153.4173228346456 157.88976377952756 38.83464566929134 célèbre
475.0866141732283 1153.4173228346456 172.3464566929134 38.83464566929134 peintre.
604.3464566929134 1153.4173228346456 71.71653543307086 38.83464566929134 —
632.9763779527559 1153.4173228346456 86.1732283464567 38.83464566929134 L.
676.0629921259842 1153.4173228346456 86.1732283464567 38.83464566929134 a.
719.1496062992126 1153.4173228346456 100.62992125984252 38.83464566929134 s.;
762.2362204724409 1153.4173228346456 114.80314960629921 38.83464566929134 Paris,

103.18110236220473 1180.9133858267717 110.55118110236221 37.98425196850393 18
158.45669291338584 1180.9133858267717 128.9763779527559 37.98425196850393 mai
232.15748031496062 1180.9133858267717 165.82677165354332 37.98425196850393 1860,
342.70866141732284 1180.9133858267717 92.1259842519685 37.98425196850393 1
379.5590551181102 1180.9133858267717 110.55118110236221 37.98425196850393 p.
434.8346456692913 1180.9133858267717 165.82677165354332 37.98425196850393 in-8.
545.6692913385826 1180.9133858267717 294.8031496062992 37.98425196850393 Rare.
785.1968503937007 1180.9133858267717 110.55118110236221 37.98425196850393 10
822.0472440944882 1180.9133858267717 55.275590551181104 37.98425196850393 »

103.46456692913385 1228.251968503937 94.39370078740157 33.732283464566926 Jolie
166.39370078740157 1228.251968503937 104.88188976377953 33.732283464566926 lettre
239.81102362204723 1228.251968503937 62.92913385826772 33.732283464566926 où
271.2755905511811 1228.251968503937 62.92913385826772 33.732283464566926 il
302.74015748031496 1228.251968503937 62.92913385826772 33.732283464566926 se
334.20472440944883 1228.251968503937 104.88188976377953 33.732283464566926 refuse
407.62204724409446 1228.251968503937 52.44094488188976 33.732283464566926 à
428.59842519685037 1228.251968503937 104.88188976377953 33.732283464566926 porter
501.73228346456693 1228.251968503937 73.41732283464567 33.732283464566926 une
543.6850393700787 1228.251968503937 167.81102362204723 33.732283464566926 appréciation
680.0314960629921 1228.251968503937 73.41732283464567 33.732283464566926 sur
721.9842519685039 1228.251968503937 73.41732283464567 33.732283464566926 son
763.9370078740158 1228.251968503937 104.88188976377953 33.732283464566926 œuvre.
826.8661417322835 1228.251968503937 52.44094488188976 33.732283464566926 «Si

81.07086614173228 1256.0314960629921 64.91338582677166 26.64566929133858 je
113.38582677165354 1256.0314960629921 86.45669291338582 26.64566929133858 vous
167.5275590551181 1256.0314960629921 118.77165354330708 26.64566929133858 disais,
253.98425196850394 1256.0314960629921 97.22834645669292 26.64566929133858 comme
318.61417322834643 1256.0314960629921 86.45669291338582 26.64566929133858 j’en
372.755905511811 1256.0314960629921 64.91338582677166 26.64566929133858 ai
394.2992125984252 1256.0314960629921 97.22834645669292 26.64566929133858 l’envie

152.50393700787401 1277.5748031496064 90.99212598425197 25.511811023622048 «Mes
209.48031496062993 1277.5748031496064 113.95275590551181 25.511811023622048 petits
289.13385826771656 1277.5748031496064 90.99212598425197 25.511811023622048 sont
334.7716535433071 1277.5748031496064 102.61417322834646 25.511811023622048 mignons

153.0708661417323 1291.4645669291338 115.93700787401575 30.89763779527559 «Beaux,
237.25984251968504 1291.4645669291338 84.4724409448819 30.89763779527559 bien
289.98425196850394 1291.4645669291338 94.96062992125984 30.89763779527559 faits
353.4803149606299 1291.4645669291338 63.21259842519685 30.89763779527559 et
384.9448818897638 1291.4645669291338 94.96062992125984 30.89763779527559 jolis
448.4409448818898 1291.4645669291338 73.7007874015748 30.89763779527559 sur
490.3937007874016 1291.4645669291338 84.4724409448819 30.89763779527559 tous
543.1181102362204 1291.4645669291338 94.96062992125984 30.89763779527559 leurs
595.8425196850394 1291.4645669291338 137.1968503937008 30.89763779527559 compagnons,

80.22047244094489 1308.1889763779527 63.77952755905512 35.43307086614173 je
112.25196850393701 1308.1889763779527 127.84251968503936 35.43307086614173 n’aurais
208.06299212598427 1308.1889763779527 95.81102362204724 35.43307086614173 plus,
272.12598425196853 1308.1889763779527 63.77952755905512 35.43307086614173 en
303.87401574803147 1308.1889763779527 74.55118110236221 35.43307086614173 cas
346.6771653543307 1308.1889763779527 63.77952755905512 35.43307086614173 de
378.4251968503937 1308.1889763779527 170.36220472440945 35.43307086614173 mésaventure,
517.0393700787401 1308.1889763779527 63.77952755905512 35.43307086614173 le
548.7874015748032 1308.1889763779527 95.81102362204724 35.43307086614173 droit
612.8503937007874 1308.1889763779527 63.77952755905512 35.43307086614173 de
644.8818897637796 1308.1889763779527 63.77952755905512 35.43307086614173 me
676.6299212598425 1308.1889763779527 127.84251968503936 35.43307086614173 plaindre
772.4409448818898 1308.1889763779527 63.77952755905512 35.43307086614173 et
793.7007874015748 1308.1889763779527 85.32283464566929 35.43307086614173 c’est,

82.48818897637796 1328.5984251968505 85.03937007874016 34.58267716535433 vous
135.7795275590551 1328.5984251968505 63.77952755905512 34.58267716535433 le
167.81102362204723 1328.5984251968505 180.8503937007874 34.58267716535433 reconnaîtrez,
316.9133858267717 1328.5984251968505 95.81102362204724 34.58267716535433 notre
380.6929133858268 1328.5984251968505 85.03937007874016 34.58267716535433 seul
433.98425196850394 1328.5984251968505 127.84251968503936 34.58267716535433 recours,
529.7952755905512 1328.5984251968505 117.07086614173228 34.58267716535433 recours
614.8346456692914 1328.5984251968505 85.03937007874016 34.58267716535433 bien
668.1259842519685 1328.5984251968505 138.33070866141733 34.58267716535433 innocent,
774.4251968503937 1328.5984251968505 106.58267716535433 34.58267716535433 contre
838.488188976378 1328.5984251968505 42.51968503937008 34.58267716535433 la

67.18110236220473 1361.4803149606298 155.90551181102362 22.393700787401574 critique.»

0.5669291338582677 1389.8267716535433 146.83464566929135 48.47244094488189 43467.
103.46456692913385 1389.8267716535433 176.31496062992127 48.47244094488189 BÉRANGER
235.55905511811022 1389.8267716535433 234.99212598425197 48.47244094488189 (Pierre-Jean
426.61417322834643 1389.8267716535433 117.63779527559055 48.47244094488189 de),
500.0314960629921 1389.8267716535433 88.15748031496064 48.47244094488189 le
544.2519685039371 1389.8267716535433 161.5748031496063 48.47244094488189 célèbre
661.8897637795276 1389.8267716535433 234.99212598425197 48.47244094488189 chansonnier.
838.2047244094488 1389.8267716535433 43.93700787401575 48.47244094488189 —

89.00787401574803 1422.992125984252 190.20472440944883 43.08661417322835 L.
184.251968503937 1422.992125984252 190.20472440944883 43.08661417322835 a.
279.21259842519686 1422.992125984252 221.95275590551182 43.08661417322835 s.;
405.9212598425197 1422.992125984252 158.45669291338584 43.08661417322835 1
469.4173228346457 1422.992125984252 190.20472440944883 43.08661417322835 p.
564.6614173228346 1422.992125984252 285.4488188976378 43.08661417322835 in-8,
754.8661417322835 1422.992125984252 158.45669291338584 43.08661417322835 3
786.6141732283464 1422.992125984252 95.24409448818898 43.08661417322835 »
