881.2913385826772 1438.5826771653544
8.220472440944881 47.90551181102362 457.79527559055117 47.05511811023622 LETTRES
299.62204724409446 47.90551181102362 540.8503937007874 47.05511811023622 AUTOGRAPHES

350.3622047244094 143.43307086614172 75.68503937007874 14.740157480314961 EN
388.34645669291336 143.43307086614172 113.66929133858268 14.740157480314961 VENTE
451.5590551181102 143.43307086614172 75.68503937007874 14.740157480314961 CHEZ

89.85826771653544 202.39370078740157 149.38582677165354 39.968503937007874 Noël
183.4015748031496 202.39370078740157 242.9291338582677 39.968503937007874 CHARAVAY,
370.20472440944883 202.39370078740157 186.8031496062992 39.968503937007874 expert
500.88188976377955 202.39370078740157 112.25196850393701 39.968503937007874 en
538.2992125984252 202.39370078740157 242.9291338582677 39.968503937007874 autographes

259.65354330708664 275.5275590551181 68.88188976377953 24.944881889763778 3,
294.23622047244095 275.5275590551181 80.50393700787401 24.944881889763778 rue
340.15748031496065 275.5275590551181 68.88188976377953 24.944881889763778 de
374.74015748031496 275.5275590551181 183.96850393700788 24.944881889763778 Furstenberg,
524.1259842519685 275.5275590551181 57.54330708661417 24.944881889763778 à
535.7480314960629 275.5275590551181 80.50393700787401 24.944881889763778 Paris

28.913385826771652 408.755905511811 137.76377952755905 28.062992125984252 43457.
125.29133858267717 408.755905511811 192.75590551181102 28.062992125984252 ALEXANDRE,
276.9448818897638 408.755905511811 96.37795275590551 28.062992125984252 DUC
331.93700787401576 408.755905511811 82.48818897637796 28.062992125984252 DE
373.3228346456693 408.755905511811 206.64566929133858 28.062992125984252 WURTEMBERG,
538.2992125984252 408.755905511811 123.8740157480315 28.062992125984252 époux
621.0708661417323 408.755905511811 82.48818897637796 28.062992125984252 de
662.4566929133858 408.755905511811 82.48818897637796 28.062992125984252 la
689.9527559055118 408.755905511811 151.37007874015748 28.062992125984252 princesse

127.2755905511811 433.13385826771656 112.81889763779527 27.77952755905512 Marie
202.39370078740157 433.13385826771656 175.46456692913387 27.77952755905512 d’Orléans.
340.4409448818898 433.13385826771656 62.645669291338585 27.77952755905512 —
365.38582677165357 433.13385826771656 75.11811023622047 27.77952755905512 15
403.0866141732283 433.13385826771656 138.04724409448818 27.77952755905512 lettres
503.43307086614175 433.13385826771656 187.93700787401573 27.77952755905512 autographes
653.9527559055118 433.13385826771656 138.04724409448818 27.77952755905512 signées
754.0157480314961 433.13385826771656 75.11811023622047 27.77952755905512 de
779.2440944881889 433.13385826771656 62.645669291338585 27.77952755905512 son

129.25984251968504 458.0787401574803 111.11811023622047 27.77952755905512 prénom
206.9291338582677 458.0787401574803 66.61417322834646 27.77952755905512 ou
240.3779527559055 458.0787401574803 144.28346456692913 27.77952755905512 A,
351.496062992126 458.0787401574803 66.61417322834646 27.77952755905512 en
384.66141732283467 458.0787401574803 144.28346456692913 27.77952755905512 français,
495.7795275590551 458.0787401574803 55.55905511811024 27.77952755905512 à
517.8897637795276 458.0787401574803 177.73228346456693 27.77952755905512 Mademoiselle
662.4566929133858 458.0787401574803 111.11811023622047 27.77952755905512 Esther
729.0708661417323 458.0787401574803 111.11811023622047 27.77952755905512 Bongars,

128.1259842519685 481.8897637795276 126.4251968503937 26.362204724409448 actrice
220.251968503937 481.8897637795276 68.88188976377953 26.362204724409448 du
254.5511811023622 481.8897637795276 126.4251968503937 26.362204724409448 théâtre
346.6771653543307 481.8897637795276 80.50393700787401 26.362204724409448 des
392.59842519685037 481.8897637795276 149.38582677165354 26.362204724409448 Variétés;
507.40157480314963 481.8897637795276 114.80314960629921 26.362204724409448 Paris,
587.9055118110236 481.8897637795276 161.00787401574803 26.362204724409448 Francfort,
702.992125984252 481.8897637795276 137.76377952755905 26.362204724409448 1840

113.66929133858268 506.8346456692913 150.51968503937007 27.496062992125985 42
188.78740157480314 506.8346456692913 225.63779527559055 27.496062992125985 pages
339.3070866141732 506.8346456692913 200.69291338582678 27.496062992125985 in-8
464.59842519685037 506.8346456692913 150.51968503937007 27.496062992125985 ou
539.7165354330708 506.8346456692913 225.63779527559055 27.496062992125985 in-4.
690.2362204724409 506.8346456692913 175.46456692913387 27.496062992125985 150
765.6377952755905 506.8346456692913 75.11811023622047 27.496062992125985 »

121.88976377952756 548.7874015748032 125.00787401574803 20.976377952755904 CURIEUSE
215.71653543307087 548.7874015748032 187.6535433070866 20.976377952755904 CORRESPONDANCE
371.90551181102364 548.7874015748032 145.98425196850394 20.976377952755904 AMOUREUSE.
486.70866141732284 548.7874015748032 83.33858267716535 20.976377952755904 Dans
538.5826771653543 548.7874015748032 62.645669291338585 20.976377952755904 la
570.0472440944882 548.7874015748032 125.00787401574803 20.976377952755904 première
663.5905511811023 548.7874015748032 114.51968503937007 20.976377952755904 lettre,
746.9291338582677 548.7874015748032 93.8267716535433 20.976377952755904 datée
799.0866141732283 548.7874015748032 41.669291338582674 20.976377952755904 du

103.46456692913385 567.2125984251968 60.661417322834644 20.69291338582677 24
133.79527559055117 567.2125984251968 80.78740157480316 20.69291338582677 juin
184.53543307086613 567.2125984251968 90.99212598425197 20.69291338582677 1840,
244.91338582677164 567.2125984251968 60.661417322834644 20.69291338582677 il
275.244094488189 567.2125984251968 70.86614173228347 20.69291338582677 lui
315.7795275590551 567.2125984251968 111.11811023622047 20.69291338582677 déclare
396.56692913385825 567.2125984251968 70.86614173228347 20.69291338582677 son
437.1023622047244 567.2125984251968 90.99212598425197 20.69291338582677 amour
497.76377952755905 567.2125984251968 60.661417322834644 20.69291338582677 et
528.0944881889764 567.2125984251968 70.86614173228347 20.69291338582677 lui
568.3464566929134 567.2125984251968 111.11811023622047 20.69291338582677 demande
649.4173228346457 567.2125984251968 60.661417322834644 20.69291338582677 un
679.7480314960629 567.2125984251968 161.5748031496063 20.69291338582677 rendez-vous.
800.7874015748032 567.2125984251968 40.53543307086614 20.69291338582677 Il

103.18110236220473 585.3543307086615 89.85826771653544 20.976377952755904 n'ose
162.99212598425197 585.3543307086615 69.73228346456693 20.976377952755904 pas
202.96062992125985 585.3543307086615 99.77952755905511 20.976377952755904 encore
272.6929133858268 585.3543307086615 59.811023622047244 20.976377952755904 se
302.45669291338584 585.3543307086615 99.77952755905511 20.976377952755904 nommer
372.4724409448819 585.3543307086615 59.811023622047244 20.976377952755904 et
402.23622047244095 585.3543307086615 89.85826771653544 20.976377952755904 signe
462.0472440944882 585.3543307086615 59.811023622047244 20.976377952755904 F.
492.09448818897636 585.3543307086615 59.811023622047244 20.976377952755904 G.
521.8582677165355 585.3543307086615 59.811023622047244 20.976377952755904 La
551.9055118110236 585.3543307086615 119.62204724409449 20.976377952755904 première
641.4803149606299 585.3543307086615 99.77952755905511 20.976377952755904 lettre
711.496062992126 585.3543307086615 89.85826771653544 20.976377952755904 étant
761.3858267716536 585.3543307086615 79.65354330708661 20.976377952755904 restée

103.18110236220473 603.496062992126 73.7007874015748 21.826771653543307 sans
149.38582677165354 603.496062992126 110.83464566929133 21.826771653543307 réponse,
232.44094488188978 603.496062992126 55.275590551181104 21.826771653543307 il
260.2204724409449 603.496062992126 101.48031496062993 21.826771653543307 l'avise
333.9212598425197 603.496062992126 83.05511811023622 21.826771653543307 qu'il
389.1968503937008 603.496062992126 55.275590551181104 21.826771653543307 se
416.9763779527559 603.496062992126 92.1259842519685 21.826771653543307 rendra
481.6062992125984 603.496062992126 55.275590551181104 21.826771653543307 au
509.1023622047244 603.496062992126 110.83464566929133 21.826771653543307 théâtre;
592.1574803149606 603.496062992126 55.275590551181104 21.826771653543307 il
619.9370078740158 603.496062992126 55.275590551181104 21.826771653543307 se
647.7165354330708 603.496062992126 73.7007874015748 21.826771653543307 fera
693.6377952755905 603.496062992126 138.33070866141733 21.826771653543307 reconnaître
795.1181102362204 603.496062992126 46.20472440944882 21.826771653543307 par

102.61417322834646 621.9212598425197 56.69291338582677 23.52755905511811 un
130.96062992125985 621.9212598425197 85.32283464566929 23.52755905511811 signe
187.6535433070866 621.9212598425197 75.68503937007874 23.52755905511811 fait
234.99212598425197 621.9212598425197 75.68503937007874 23.52755905511811 avec
282.3307086614173 621.9212598425197 66.33070866141732 23.52755905511811 son
320.31496062992125 621.9212598425197 123.02362204724409 23.52755905511811 mouchoir.
414.99212598425197 621.9212598425197 56.69291338582677 23.52755905511811 Un
443.33858267716533 621.9212598425197 66.33070866141732 23.52755905511811 peu
481.3228346456693 621.9212598425197 75.68503937007874 23.52755905511811 plus
528.6614173228346 621.9212598425197 75.68503937007874 23.52755905511811 tard
576.0 621.9212598425197 56.69291338582677 23.52755905511811 il
604.3464566929134 621.9212598425197 56.69291338582677 23.52755905511811 se
632.6929133858267 621.9212598425197 94.67716535433071 23.52755905511811 plaint
699.0236220472441 621.9212598425197 56.69291338582677 23.52755905511811 de
727.3700787401575 621.9212598425197 94.67716535433071 23.52755905511811 n’être
784.3464566929134 621.9212598425197 56.69291338582677 23.52755905511811 plus

101.48031496062993 640.0629921259842 79.93700787401575 20.125984251968504 aimé
151.37007874015748 640.0629921259842 60.09448818897638 20.125984251968504 et
181.41732283464566 640.0629921259842 119.90551181102362 20.125984251968504 s'écrie:
271.2755905511811 640.0629921259842 109.98425196850394 20.125984251968504 «Adieu,
351.496062992126 640.0629921259842 70.01574803149606 20.125984251968504 mes
391.46456692913387 640.0629921259842 100.06299212598425 20.125984251968504 douces
461.4803149606299 640.0629921259842 140.03149606299212 20.125984251968504 illusions!
571.4645669291339 640.0629921259842 79.93700787401575 20.125984251968504 vous
621.3543307086615 640.0629921259842 100.06299212598425 20.125984251968504 m'avez
691.3700787401575 640.0629921259842 89.85826771653544 20.125984251968504 bercé
741.2598425196851 640.0629921259842 100.06299212598425 20.125984251968504 quelques

101.48031496062993 658.488188976378 123.30708661417323 23.244094488188978 instants
193.88976377952756 658.488188976378 82.20472440944881 23.244094488188978 dans
245.1968503937008 658.488188976378 61.511811023622045 23.244094488188978 un
276.09448818897636 658.488188976378 82.20472440944881 23.244094488188978 rêve
327.40157480314963 658.488188976378 92.40944881889764 23.244094488188978 qu'un
388.9133858267717 658.488188976378 112.81889763779527 23.244094488188978 soudain
471.11811023622045 658.488188976378 102.61417322834646 23.244094488188978 réveil
542.8346456692914 658.488188976378 51.30708661417323 23.244094488188978 a
563.5275590551181 658.488188976378 82.20472440944881 23.244094488188978 pour
614.8346456692914 658.488188976378 123.30708661417323 23.244094488188978 toujours
707.2440944881889 658.488188976378 133.51181102362204 23.244094488188978 dissipé.»
799.6535433070866 658.488188976378 41.10236220472441 23.244094488188978 Le

100.91338582677166 676.3464566929134 56.976377952755904 20.409448818897637 21
129.54330708661416 676.3464566929134 104.5984251968504 20.409448818897637 octobre
205.51181102362204 676.3464566929134 85.60629921259843 20.409448818897637 1840,
262.48818897637796 676.3464566929134 56.976377952755904 20.409448818897637 il
291.11811023622045 676.3464566929134 66.61417322834646 20.409448818897637 lui
329.1023622047244 676.3464566929134 94.96062992125984 20.409448818897637 écrit:
395.43307086614175 676.3464566929134 85.60629921259843 20.409448818897637 «Vous
452.40944881889766 676.3464566929134 75.96850393700787 20.409448818897637 êtes
500.0314960629921 676.3464566929134 75.96850393700787 20.409448818897637 bien
547.3700787401575 676.3464566929134 104.5984251968504 20.409448818897637 injuste
623.3385826771654 676.3464566929134 56.976377952755904 20.409448818897637 de
651.9685039370079 676.3464566929134 56.976377952755904 20.409448818897637 me
680.3149606299213 676.3464566929134 75.96850393700787 20.409448818897637 dire
727.9370078740158 676.3464566929134 66.61417322834646 20.409448818897637 que
765.9212598425197 676.3464566929134 85.60629921259843 20.409448818897637 d'ici
813.2598425196851 676.3464566929134 28.62992125984252 20.409448818897637 à

100.34645669291339 694.7716535433071 72.0 21.826771653543307 mon
141.4488188976378 694.7716535433071 103.18110236220473 21.826771653543307 retour
213.73228346456693 694.7716535433071 61.79527559055118 21.826771653543307 je
244.62992125984252 694.7716535433071 113.38582677165354 21.826771653543307 pourrai
326.8346456692913 694.7716535433071 82.48818897637796 21.826771653543307 vous
378.4251968503937 694.7716535433071 123.59055118110236 21.826771653543307 oublier.
471.11811023622045 694.7716535433071 154.48818897637796 21.826771653543307 Croyez-vous
594.992125984252 694.7716535433071 82.48818897637796 21.826771653543307 donc
646.2992125984252 694.7716535433071 72.0 21.826771653543307 que
687.6850393700787 694.7716535433071 82.48818897637796 21.826771653543307 tout
738.992125984252 694.7716535433071 61.79527559055118 21.826771653543307 ce
770.1732283464567 694.7716535433071 72.0 21.826771653543307 que
801.0708661417323 694.7716535433071 41.10236220472441 21.826771653543307 je

101.48031496062993 712.3464566929134 76.81889763779527 22.11023622047244 vous
149.66929133858267 712.3464566929134 57.54330708661417 22.11023622047244 ai
178.29921259842519 712.3464566929134 67.18110236220473 22.11023622047244 dit
216.8503937007874 712.3464566929134 76.81889763779527 22.11023622047244 soit
264.755905511811 712.3464566929134 57.54330708661417 22.11023622047244 de
293.6692913385827 712.3464566929134 96.09448818897638 22.11023622047244 vaines
360.8503937007874 712.3464566929134 125.00787401574803 22.11023622047244 paroles?»
456.9448818897638 712.3464566929134 57.54330708661417 22.11023622047244 Le
485.8582677165354 712.3464566929134 57.54330708661417 22.11023622047244 20
514.7716535433071 712.3464566929134 67.18110236220473 22.11023622047244 mai
553.0393700787401 712.3464566929134 76.81889763779527 22.11023622047244 1841
601.2283464566929 712.3464566929134 57.54330708661417 22.11023622047244 il
629.8582677165355 712.3464566929134 57.54330708661417 22.11023622047244 se
658.7716535433071 712.3464566929134 96.09448818897638 22.11023622047244 plaint
725.9527559055118 712.3464566929134 115.37007874015748 22.11023622047244 vivement
802.7716535433071 712.3464566929134 38.55118110236221 22.11023622047244 de

101.48031496062993 731.6220472440945 61.79527559055118 19.84251968503937 sa
132.3779527559055 731.6220472440945 133.79527559055117 19.84251968503937 froideur.
235.2755905511811 731.6220472440945 72.0 19.84251968503937 «Je
276.37795275590554 731.6220472440945 82.20472440944881 19.84251968503937 suis
327.68503937007875 731.6220472440945 82.20472440944881 19.84251968503937 bien
379.2755905511811 731.6220472440945 144.0 19.84251968503937 malheureux
492.37795275590554 731.6220472440945 102.89763779527559 19.84251968503937 d'être
564.3779527559055 731.6220472440945 102.89763779527559 19.84251968503937 traité
636.3779527559055 731.6220472440945 102.89763779527559 19.84251968503937 ainsi,
708.3779527559055 731.6220472440945 92.69291338582677 19.84251968503937 quand
770.1732283464567 731.6220472440945 61.79527559055118 19.84251968503937 de
790.8661417322835 731.6220472440945 51.30708661417323 19.84251968503937 mon

101.19685039370079 749.4803149606299 77.10236220472441 21.826771653543307 côté
149.38582677165354 749.4803149606299 57.826771653543304 21.826771653543307 je
178.29921259842519 749.4803149606299 77.10236220472441 21.826771653543307 fais
226.48818897637796 749.4803149606299 77.10236220472441 21.826771653543307 tout
274.6771653543307 749.4803149606299 77.10236220472441 21.826771653543307 pour
322.86614173228344 749.4803149606299 57.826771653543304 21.826771653543307 te
351.7795275590551 749.4803149606299 106.01574803149606 21.826771653543307 prouver
428.88188976377955 749.4803149606299 106.01574803149606 21.826771653543307 combien
505.7007874015748 749.4803149606299 57.826771653543304 21.826771653543307 je
534.6141732283464 749.4803149606299 125.29133858267717 21.826771653543307 t'aime...
630.992125984252 749.4803149606299 67.46456692913385 21.826771653543307 Mon
669.5433070866142 749.4803149606299 86.74015748031496 21.826771653543307 Dieu!
727.3700787401575 749.4803149606299 57.826771653543304 21.826771653543307 il
746.6456692913385 749.4803149606299 96.37795275590551 21.826771653543307 vaudrait

100.91338582677166 768.4724409448819 90.14173228346456 21.25984251968504 mieux
161.00787401574803 768.4724409448819 80.22047244094489 21.25984251968504 dire
210.89763779527559 768.4724409448819 70.01574803149606 21.25984251968504 aux
251.1496062992126 768.4724409448819 130.11023622047244 21.25984251968504 personnes
351.21259842519686 768.4724409448819 70.01574803149606 21.25984251968504 que
391.46456692913387 768.4724409448819 80.22047244094489 21.25984251968504 l’on
441.3543307086614 768.4724409448819 140.31496062992127 21.25984251968504 n'apprécie
551.6220472440945 768.4724409448819 80.22047244094489 21.25984251968504 pas,
601.7952755905512 768.4724409448819 160.15748031496062 21.25984251968504 laissez-moi,
731.9055118110236 768.4724409448819 60.09448818897638 21.25984251968504 je
761.9527559055118 768.4724409448819 60.09448818897638 21.25984251968504 ne
782.0787401574803 768.4724409448819 60.09448818897638 21.25984251968504 vous

100.62992125984252 786.3307086614174 83.62204724409449 21.543307086614174 aime
153.0708661417323 786.3307086614174 94.11023622047244 21.543307086614174 pas!»
215.71653543307087 786.3307086614174 62.645669291338585 21.543307086614174 La
247.1811023622047 786.3307086614174 104.5984251968504 21.543307086614174 lettre
320.31496062992125 786.3307086614174 62.645669291338585 21.543307086614174 la
351.496062992126 786.3307086614174 83.62204724409449 21.543307086614174 plus
403.93700787401576 786.3307086614174 146.26771653543307 21.543307086614174 importante
519.0236220472441 786.3307086614174 73.13385826771653 21.543307086614174 est
560.6929133858267 786.3307086614174 62.645669291338585 21.543307086614174 la
592.1574803149606 786.3307086614174 125.5748031496063 21.543307086614174 dernière
686.2677165354331 786.3307086614174 94.11023622047244 21.543307086614174 datée
748.9133858267717 786.3307086614174 62.645669291338585 21.543307086614174 du
780.3779527559055 786.3307086614174 52.15748031496063 21.543307086614174 6
790.8661417322835 786.3307086614174 52.15748031496063 21.543307086614174 dé-

100.34645669291339 805.0393700787401 101.76377952755905 19.84251968503937 cembre
171.7795275590551 805.0393700787401 91.55905511811024 19.84251968503937 1842.
232.7244094488189 805.0393700787401 61.22834645669291 19.84251968503937 Il
263.33858267716533 805.0393700787401 122.1732283464567 19.84251968503937 s'excuse
354.8976377952756 805.0393700787401 61.22834645669291 19.84251968503937 de
385.51181102362204 805.0393700787401 111.96850393700787 19.84251968503937 l'avoir
466.86614173228344 805.0393700787401 111.96850393700787 19.84251968503937 blessée
548.2204724409448 805.0393700787401 61.22834645669291 19.84251968503937 en
578.8346456692914 805.0393700787401 132.3779527559055 19.84251968503937 employant
680.5984251968504 805.0393700787401 71.14960629921259 19.84251968503937 des
711.2125984251968 805.0393700787401 132.3779527559055 19.84251968503937 expressions

99.77952755905511 822.6141732283464 146.83464566929135 22.677165354330707 énergiques,
217.41732283464566 822.6141732283464 78.23622047244095 22.677165354330707 mais
266.45669291338584 822.6141732283464 107.71653543307086 22.677165354330707 justes,
344.6929133858268 822.6141732283464 127.2755905511811 22.677165354330707 puisqu'il
442.7716535433071 822.6141732283464 117.63779527559055 22.677165354330707 pourrait
530.9291338582677 822.6141732283464 107.71653543307086 22.677165354330707 prouver
609.1653543307086 822.6141732283464 78.23622047244095 22.677165354330707 tout
658.2047244094488 822.6141732283464 58.67716535433071 22.677165354330707 ce
687.4015748031496 822.6141732283464 88.15748031496064 22.677165354330707 qu'il
746.3622047244095 822.6141732283464 49.039370078740156 22.677165354330707 a
756.0 822.6141732283464 88.15748031496064 22.677165354330707 avancé.

101.48031496062993 841.8897637795276 94.11023622047244 20.976377952755904 «C'est
167.24409448818898 841.8897637795276 75.4015748031496 20.976377952755904 bien
214.29921259842519 841.8897637795276 47.05511811023622 20.976377952755904 à
233.29133858267716 841.8897637795276 75.4015748031496 20.976377952755904 tort
280.06299212598424 841.8897637795276 65.76377952755905 20.976377952755904 que
317.76377952755905 841.8897637795276 75.4015748031496 20.976377952755904 vous
364.81889763779526 841.8897637795276 112.81889763779527 20.976377952755904 employez
449.5748031496063 841.8897637795276 56.40944881889764 20.976377952755904 le
477.9212598425197 841.8897637795276 65.76377952755905 20.976377952755904 mot
515.3385826771654 841.8897637795276 56.40944881889764 20.976377952755904 de
543.6850393700787 841.8897637795276 169.22834645669292 20.976377952755904 Prince.
684.8503937007874 841.8897637795276 75.4015748031496 20.976377952755904 Vous
731.9055118110236 841.8897637795276 94.11023622047244 20.976377952755904 croyez
788.3149606299213 841.8897637795276 56.40944881889764 20.976377952755904 donc

99.49606299212599 860.3149606299213 91.84251968503936 21.25984251968504 qu'en
160.7244094488189 860.3149606299213 61.22834645669291 21.25984251968504 se
191.33858267716536 860.3149606299213 112.25196850393701 21.25984251968504 fondant
272.9763779527559 860.3149606299213 71.43307086614173 21.25984251968504 sur
313.79527559055117 860.3149606299213 61.22834645669291 21.25984251968504 ce
344.40944881889766 860.3149606299213 91.84251968503936 21.25984251968504 titre
405.6377952755906 860.3149606299213 61.22834645669291 21.25984251968504 on
436.251968503937 860.3149606299213 71.43307086614173 21.25984251968504 ait
477.07086614173227 860.3149606299213 61.22834645669291 21.25984251968504 le
507.68503937007875 860.3149606299213 91.84251968503936 21.25984251968504 droit
568.9133858267717 860.3149606299213 61.22834645669291 21.25984251968504 de
599.5275590551181 860.3149606299213 61.22834645669291 21.25984251968504 se
630.1417322834645 860.3149606299213 132.66141732283464 21.25984251968504 permettre
732.1889763779527 860.3149606299213 71.43307086614173 21.25984251968504 des
762.8031496062993 860.3149606299213 81.63779527559055 21.25984251968504 choses

99.21259842519684 879.3070866141733 99.49606299212599 20.976377952755904 qu'une
168.66141732283464 879.3070866141733 89.5748031496063 20.976377952755904 autre
228.4724409448819 879.3070866141733 119.33858267716535 20.976377952755904 personne
317.76377952755905 879.3070866141733 59.52755905511811 20.976377952755904 ne
347.81102362204723 879.3070866141733 59.52755905511811 20.976377952755904 se
377.5748031496063 879.3070866141733 149.10236220472441 20.976377952755904 permettrait
496.9133858267717 879.3070866141733 89.5748031496063 20.976377952755904 pas?»
556.4409448818898 879.3070866141733 59.52755905511811 20.976377952755904 Il
586.2047244094488 879.3070866141733 59.52755905511811 20.976377952755904 ne
615.9685039370079 879.3070866141733 99.49606299212599 20.976377952755904 craint
685.7007874015748 879.3070866141733 69.44881889763779 20.976377952755904 pas
725.3858267716536 879.3070866141733 69.44881889763779 20.976377952755904 ses
755.1496062992126 879.3070866141733 89.5748031496063 20.976377952755904 menaces

99.21259842519684 897.4488188976378 59.811023622047244 16.440944881889763 et
128.9763779527559 897.4488188976378 59.811023622047244 16.440944881889763 la
159.0236220472441 897.4488188976378 89.85826771653544 16.440944881889763 somme
219.11811023622047 897.4488188976378 59.811023622047244 16.440944881889763 de
248.88188976377953 897.4488188976378 70.01574803149606 16.440944881889763 les
288.8503937007874 897.4488188976378 99.77952755905511 16.440944881889763 mettre
358.86614173228344 897.4488188976378 49.889763779527556 16.440944881889763 à
368.78740157480314 897.4488188976378 119.90551181102362 16.440944881889763 exécution.

21.543307086614174 934.5826771653543 128.69291338582678 26.362204724409448 43458.
111.4015748031496 934.5826771653543 115.65354330708661 26.362204724409448 ANCRE
188.78740157480314 934.5826771653543 154.48818897637796 26.362204724409448 (Concino
304.4409448818898 934.5826771653543 154.48818897637796 26.362204724409448 CONCINI,
420.09448818897636 934.5826771653543 141.4488188976378 26.362204724409448 marquis
522.992125984252 934.5826771653543 102.89763779527559 26.362204724409448 d’),
587.3385826771654 934.5826771653543 154.48818897637796 26.362204724409448 maréchal
703.2755905511812 934.5826771653543 77.10236220472441 26.362204724409448 de
729.0708661417323 934.5826771653543 115.65354330708661 26.362204724409448 France,

121.88976377952756 960.3779527559055 116.50393700787401 25.511811023622048 favori
203.24409448818898 960.3779527559055 69.73228346456693 25.511811023622048 de
238.39370078740157 960.3779527559055 104.88188976377953 25.511811023622048 Marie
308.12598425196853 960.3779527559055 69.73228346456693 25.511811023622048 de
342.99212598425197 960.3779527559055 139.748031496063 25.511811023622048 Médicis,
447.87401574803147 960.3779527559055 81.35433070866142 25.511811023622048 tué
494.3622047244094 960.3779527559055 81.35433070866142 25.511811023622048 par
540.8503937007874 960.3779527559055 104.88188976377953 25.511811023622048 Vitry
610.8661417322835 960.3779527559055 69.73228346456693 25.511811023622048 en
645.7322834645669 960.3779527559055 104.88188976377953 25.511811023622048 1617.
715.4645669291339 960.3779527559055 58.110236220472444 25.511811023622048 —
738.7086614173228 960.3779527559055 69.73228346456693 25.511811023622048 L.
773.8582677165355 960.3779527559055 69.73228346456693 25.511811023622048 a.
797.1023622047244 960.3779527559055 46.488188976377955 25.511811023622048 s.

121.03937007874016 984.7559055118111 59.24409448818898 26.078740157480315 à
144.8503937007874 984.7559055118111 71.14960629921259 26.078740157480315 M.
180.28346456692913 984.7559055118111 71.14960629921259 26.078740157480315 de
215.71653543307087 984.7559055118111 165.82677165354332 26.078740157480315 Nerestang;
346.1102362204724 984.7559055118111 130.39370078740157 26.078740157480315 Amiens,
440.78740157480314 984.7559055118111 71.14960629921259 26.078740157480315 23
476.503937007874 984.7559055118111 153.92125984251967 26.078740157480315 septembre
594.992125984252 984.7559055118111 106.58267716535433 26.078740157480315 1615,
665.8582677165355 984.7559055118111 59.24409448818898 26.078740157480315 1
689.6692913385826 984.7559055118111 71.14960629921259 26.078740157480315 p.
713.1968503937007 984.7559055118111 130.39370078740157 26.078740157480315 in

117.63779527559055 1009.4173228346457 194.74015748031496 26.929133858267715 Très
259.0866141732283 1009.4173228346457 159.30708661417322 26.929133858267715 rare.
365.38582677165357 1009.4173228346457 177.16535433070865 26.929133858267715 (Coll.
489.25984251968504 1009.4173228346457 301.03937007874015 26.929133858267715 Trémont).
737.2913385826772 1009.4173228346457 123.8740157480315 26.929133858267715 125
790.5826771653543 1009.4173228346457 53.00787401574803 26.929133858267715 »

115.65354330708661 1051.9370078740158 61.511811023622045 22.11023622047244 Il
146.26771653543307 1051.9370078740158 61.511811023622045 22.11023622047244 le
177.16535433070865 1051.9370078740158 82.20472440944881 22.11023622047244 prie
228.4724409448819 1051.9370078740158 61.511811023622045 22.11023622047244 de
259.37007874015745 1051.9370078740158 72.0 22.11023622047244 lui
300.4724409448819 1051.9370078740158 123.30708661417323 22.11023622047244 renvoyer
392.88188976377955 1051.9370078740158 61.511811023622045 22.11023622047244 la
423.496062992126 1051.9370078740158 133.51181102362204 22.11023622047244 compagnie
526.1102362204724 1051.9370078740158 61.511811023622045 22.11023622047244 de
557.007874015748 1051.9370078740158 123.30708661417323 22.11023622047244 Monsieur
649.4173228346457 1051.9370078740158 82.20472440944881 22.11023622047244 pour
700.7244094488188 1051.9370078740158 133.51181102362204 22.11023622047244 renforcer
793.1338582677165 1051.9370078740158 51.30708661417323 22.11023622047244 les

97.22834645669292 1070.9291338582677 116.50393700787401 20.976377952755904 troupes
181.98425196850394 1070.9291338582677 63.496062992125985 20.976377952755904 du
213.73228346456693 1070.9291338582677 126.99212598425197 20.976377952755904 maréchal
308.9763779527559 1070.9291338582677 63.496062992125985 20.976377952755904 de
330.23622047244095 1070.9291338582677 148.251968503937 20.976377952755904 Boisdauphin.

19.84251968503937 1108.3464566929133 126.70866141732283 26.929133858267715 43459.
108.56692913385827 1108.3464566929133 151.93700787401573 26.929133858267715 ANDRIEUX
222.8031496062992 1108.3464566929133 190.20472440944883 26.929133858267715 (François),
374.74015748031496 1108.3464566929133 139.46456692913387 26.929133858267715 célèbre
476.2204724409449 1108.3464566929133 190.20472440944883 26.929133858267715 littérateur
628.1574803149606 1108.3464566929133 75.96850393700787 26.929133858267715 et
666.1417322834645 1108.3464566929133 126.70866141732283 26.929133858267715 auteur
742.1102362204724 1108.3464566929133 101.48031496062993 26.929133858267715 drama-

118.77165354330708 1133.291338582677 125.29133858267717 27.496062992125985 tique,
206.36220472440945 1133.291338582677 125.29133858267717 27.496062992125985 membre
293.9527559055118 1133.291338582677 75.11811023622047 27.496062992125985 de
331.65354330708664 1133.291338582677 175.1811023622047 27.496062992125985 l'Académie
469.13385826771656 1133.291338582677 175.1811023622047 27.496062992125985 française,
606.8976377952756 1133.291338582677 75.11811023622047 27.496062992125985 né
644.3149606299213 1133.291338582677 62.645669291338585 27.496062992125985 à
669.5433070866142 1133.291338582677 187.6535433070866 27.496062992125985 Strasbourg.
807.3070866141733 1133.291338582677 37.41732283464567 27.496062992125985 —

114.80314960629921 1159.3700787401574 95.24409448818898 25.79527559055118 L.
162.4251968503937 1159.3700787401574 95.24409448818898 25.79527559055118 a.
210.04724409448818 1159.3700787401574 111.11811023622047 25.79527559055118 s.;
273.54330708661416 1159.3700787401574 158.74015748031496 25.79527559055118 Paris,
384.66141732283467 1159.3700787401574 95.24409448818898 25.79527559055118 22
432.2834645669291 1159.3700787401574 126.99212598425197 25.79527559055118 mars
511.93700787401576 1159.3700787401574 142.86614173228347 25.79527559055118 1809,
607.1811023622047 1159.3700787401574 79.37007874015748 25.79527559055118 4
638.9291338582677 1159.3700787401574 95.24409448818898 25.79527559055118 p.
686.5511811023622 1159.3700787401574 142.86614173228347 25.79527559055118 in-4.
781.7952755905512 1159.3700787401574 79.37007874015748 25.79527559055118 6
797.6692913385826 1159.3700787401574 47.62204724409449 25.79527559055118 »

113.10236220472441 1198.4881889763778 120.18897637795276 22.11023622047244 Superbe
200.69291338582678 1198.4881889763778 98.36220472440945 22.11023622047244 pièce
266.1732283464567 1198.4881889763778 65.48031496062993 22.11023622047244 où
299.0551181102362 1198.4881889763778 65.48031496062993 22.11023622047244 il
331.65354330708664 1198.4881889763778 109.13385826771653 22.11023622047244 défend
408.18897637795277 1198.4881889763778 109.13385826771653 22.11023622047244 contre
484.7244094488189 1198.4881889763778 65.48031496062993 22.11023622047244 un
517.6062992125984 1198.4881889763778 185.66929133858267 22.11023622047244 calomniateur,
670.3937007874016 1198.4881889763778 65.48031496062993 22.11023622047244 un
703.2755905511812 1198.4881889763778 98.36220472440945 22.11023622047244 jeune
757.9842519685039 1198.4881889763778 87.30708661417323 22.11023622047244 homme,

94.96062992125984 1218.3307086614172 71.14960629921259 20.976377952755904 ami
135.49606299212599 1218.3307086614172 60.94488188976378 20.976377952755904 de
166.11023622047244 1218.3307086614172 71.14960629921259 20.976377952755904 son
206.64566929133858 1218.3307086614172 101.48031496062993 20.976377952755904 parent
277.79527559055117 1218.3307086614172 223.37007874015748 20.976377952755904 l'adjudant-général
460.62992125984255 1218.3307086614172 111.68503937007874 20.976377952755904 Andrieux.

18.141732283464567 1255.1811023622047 123.59055118110236 27.496062992125985 43460.
104.88188976377953 1255.1811023622047 136.06299212598427 27.496062992125985 ANGUIER
203.5275590551181 1255.1811023622047 160.7244094488189 27.496062992125985 (Michel),
327.40157480314963 1255.1811023622047 136.06299212598427 27.496062992125985 célèbre
426.0472440944882 1255.1811023622047 172.91338582677164 27.496062992125985 sculpteur,
562.1102362204724 1255.1811023622047 123.59055118110236 27.496062992125985 auteur
648.5669291338583 1255.1811023622047 86.45669291338582 27.496062992125985 des
685.7007874015748 1255.1811023622047 160.7244094488189 27.496062992125985 bas

117.35433070866142 1280.6929133858268 71.71653543307086 29.19685039370079 de
153.0708661417323 1280.6929133858268 71.71653543307086 29.19685039370079 la
188.78740157480314 1280.6929133858268 107.43307086614173 29.19685039370079 porte
260.503937007874 1280.6929133858268 190.77165354330708 29.19685039370079 Saint-Denis,
415.5590551181102 1280.6929133858268 71.71653543307086 29.19685039370079 né
451.2755905511811 1280.6929133858268 59.52755905511811 29.19685039370079 à
475.0866141732283 1280.6929133858268 83.62204724409449 29.19685039370079 Eu.
522.992125984252 1280.6929133858268 59.52755905511811 29.19685039370079 —
546.8031496062993 1280.6929133858268 71.71653543307086 29.19685039370079 P.
582.5196850393701 1280.6929133858268 83.62204724409449 29.19685039370079 s.,
630.4251968503937 1280.6929133858268 83.62204724409449 29.19685039370079 sur
678.0472440944882 1280.6929133858268 119.33858267716535 29.19685039370079 vélin;
749.4803149606299 1280.6929133858268 95.5275590551181 29.19685039370079 Paris,

117.63779527559055 1305.9212598425197 70.58267716535433 28.346456692913385 10
152.78740157480314 1305.9212598425197 129.25984251968504 28.346456692913385 juillet
246.61417322834646 1305.9212598425197 105.73228346456693 28.346456692913385 1680,
317.1968503937008 1305.9212598425197 58.67716535433071 28.346456692913385 1
340.7244094488189 1305.9212598425197 70.58267716535433 28.346456692913385 p.
375.87401574803147 1305.9212598425197 105.73228346456693 28.346456692913385 in-4.
446.45669291338584 1305.9212598425197 140.88188976377953 28.346456692913385 Rare.
551.9055118110236 1305.9212598425197 117.35433070866142 28.346456692913385 (Coll.
634.1102362204724 1305.9212598425197 187.93700787401573 28.346456692913385 Boilly).
786.8976377952756 1305.9212598425197 70.58267716535433 28.346456692913385 10
810.4251968503937 1305.9212598425197 35.1496062992126 28.346456692913385 »

111.96850393700787 1349.5748031496064 89.00787401574803 22.11023622047244 Reçu
167.5275590551181 1349.5748031496064 100.34645669291339 22.11023622047244 donné
234.4251968503937 1349.5748031496064 66.89763779527559 22.11023622047244 au
267.87401574803147 1349.5748031496064 77.95275590551181 22.11023622047244 nom
312.37795275590554 1349.5748031496064 166.96062992125985 22.11023622047244 d'Elisabeth
445.8897637795276 1349.5748031496064 122.45669291338582 22.11023622047244 Dubois,
535.1811023622047 1349.5748031496064 100.34645669291339 22.11023622047244 veuve
602.0787401574803 1349.5748031496064 66.89763779527559 22.11023622047244 de
635.2440944881889 1349.5748031496064 122.45669291338582 22.11023622047244 Jacques
724.5354330708661 1349.5748031496064 100.34645669291339 22.11023622047244 Rémy,
780.0944881889764 1349.5748031496064 66.89763779527559 22.11023622047244 bro-

93.8267716535433 1368.8503937007874 85.88976377952756 22.11023622047244 deur,
151.08661417322836 1368.8503937007874 57.25984251968504 22.11023622047244 sa
179.71653543307087 1368.8503937007874 85.88976377952756 22.11023622047244 tante
237.25984251968504 1368.8503937007874 66.89763779527559 22.11023622047244 par
275.244094488189 1368.8503937007874 124.15748031496064 22.11023622047244 alliance,
370.7716535433071 1368.8503937007874 66.89763779527559 22.11023622047244 qui
409.03937007874015 1368.8503937007874 57.25984251968504 22.11023622047244 ne
437.6692913385827 1368.8503937007874 95.5275590551181 22.11023622047244 savait
504.56692913385825 1368.8503937007874 66.89763779527559 22.11023622047244 pas
533.1968503937007 1368.8503937007874 85.88976377952756 22.11023622047244 signer.
