3237 5381
1398 116 323 71 —
1528 116 323 71 6
1592 116 194 71 —

87 292 472 160 43484.
417 292 613 160 CAVALOTTI
889 292 519 160 (Felice
1266 292 377 160 de),
1502 292 519 160 célèbre
1880 292 566 160 écrivain
2304 292 283 160 et
2446 292 425 160 homme
2682 292 377 160 d’Etat

450 384 521 156 italien,
840 384 304 156 tué
1014 384 565 156 récemment
1448 384 261 156 en
1579 384 391 156 duel.
1839 384 217 156 —
1926 384 261 156 L.
2056 384 261 156 a.
2187 384 261 156 s.
2317 384 217 156 à
2404 384 261 156 un
2534 384 347 156 ami;
2708 384 347 156 Meina,

411 474 482 154 12
652 474 883 154 juillet
1294 474 723 154 1887,
1776 474 401 154 6
1936 474 482 154 p.
2177 474 723 154 in-8.
2659 474 482 154 25
2819 474 241 154 »

430 628 351 134 LETTRE
676 628 246 134 DES
816 628 281 134 PLUS
992 628 492 134 CURIEUSES,
1378 628 211 134 où
1483 628 211 134 il
1588 628 211 134 le
1694 628 421 134 remercie
2010 628 211 134 de
2115 628 597 134 l’affectueuse
2607 628 351 134 lettre
2817 628 246 134 qu’il

360 693 228 130 lui
491 693 163 130 a
556 693 390 130 adressée
849 693 228 130 par
979 693 195 130 le
1076 693 293 130 canal
1271 693 195 130 de
1369 693 748 130 l'<i>Evénement</i>.
2020 693 195 130 Il
2117 693 228 130 est
2248 693 456 130 absolument
2605 693 390 130 d’accord
2866 693 195 130 avec

358 760 230 132 lui
490 760 230 132 sur
621 760 198 132 la
720 760 428 132 nécessité
1050 760 198 132 de
1148 760 395 132 dissiper
1445 760 230 132 les
1576 760 329 132 nuages
1807 760 296 132 entre
2004 760 395 132 l’Italie
2301 760 198 132 et
2399 760 198 132 la
2498 760 362 132 France.
2762 760 198 132 Il
2828 760 230 132 faut,

358 828 386 128 dit-il,
639 828 491 128 abandonner
1025 828 246 128 les
1165 828 316 128 voies
1376 828 316 128 d’une
1586 828 456 128 politique
1937 828 421 128 mesquine
2253 828 281 128 pour
2428 828 246 128 les
2569 828 351 128 grands
2779 828 281 128 idéals

351 895 319 129 d’un
550 895 398 129 commun
829 895 438 129 destin.
1148 895 239 129 Il
1267 895 478 129 rappelle
1625 895 279 129 que
1785 895 279 129 les
1944 895 398 129 grands
2223 895 398 129 deuils
2502 895 358 129 comme
2740 895 319 129 ceux
2900 895 159 129 de

353 963 469 125 Garibaldi
714 963 217 125 et
822 963 217 125 de
931 963 361 125 Victor
1183 963 289 125 Hugo
1364 963 253 125 ont
1508 963 289 125 fait
1689 963 361 125 battre
1942 963 181 125 a
2014 963 469 125 l’unisson
2375 963 253 125 les
2519 963 325 125 cœurs
2736 963 253 125 des
2844 963 217 125 deux

350 1032 422 121 peuples,
667 1032 211 121 et
772 1032 458 121 cependant
1124 1032 211 121 la
1230 1032 282 121 mort
1406 1032 211 121 de
1511 1032 458 121 Garibaldi
1863 1032 246 121 est
2004 1032 422 121 survenue
2321 1032 317 121 après
2532 1032 317 121 Tunis
2743 1032 211 121 et
2814 1032 246 121 celle

350 1087 347 143 Victor
593 1087 278 143 Hugo
767 1087 312 143 après
975 1087 208 143 la
1079 1087 486 143 conclusion
1461 1087 208 143 de
1565 1087 208 143 la
1669 1087 347 143 triple
1912 1087 451 143 alliance.
2260 1087 208 143 Il
2364 1087 347 143 espère
2607 1087 243 143 que
2711 1087 347 143 l’Italie

348 1167 404 109 prendra
642 1167 294 109 part
825 1167 183 109 à
899 1167 220 109 la
1009 1167 477 109 prochaine
1376 1167 294 109 fête
1559 1167 220 109 de
1669 1167 220 109 sa
1780 1167 294 109 sœur
1963 1167 367 109 latine
2220 1167 220 109 et
2330 1167 257 109 que
2477 1167 404 109 l’heure
2734 1167 330 109 sonnera

352 1232 379 92 bientôt
627 1232 207 92 de
730 1232 207 92 se
833 1232 344 92 sortir
1074 1232 241 92 des
1212 1232 344 92 pattes
1453 1232 207 92 de
1556 1232 275 92 sang
1728 1232 207 92 de
1832 1232 207 92 la
1900 1232 379 92 Triplice.

67 1371 453 134 43485.
384 1371 544 134 CAVELIER
791 1371 544 134 (Jules),
1199 1371 498 134 célèbre
1561 1371 634 134 sculpteur,
2060 1371 453 134 membre
2377 1371 272 134 de
2467 1371 589 134 l’Institut.

433 1462 230 131 —
525 1462 277 131 L.
663 1462 277 131 a.
802 1462 277 131 s.
940 1462 230 131 à
1032 1462 507 131 Anatole
1401 1462 277 131 de
1539 1462 277 131 La
1677 1462 461 131 Forge;
2000 1462 461 131 Paris,
2323 1462 230 131 8
2415 1462 507 131 janvier
2737 1462 323 131 1886,

290 1552 924 130 3
660 1552 1109 130 p.
1214 1552 1663 130 in-8.
2323 1552 924 130 8
2508 1552 554 130 »

415 1706 212 107 Il
521 1706 495 107 recommande
909 1706 212 107 un
1015 1706 212 107 de
1121 1706 247 107 ses
1262 1706 389 107 élèves.
1545 1706 212 107 La
1651 1706 353 107 lettre
1898 1706 318 107 porte
2110 1706 247 107 une
2252 1706 459 107 apostille
2605 1706 283 107 aut.
2781 1706 283 107 sig.
2923 1706 141 107 de

346 1779 215 54 M.
418 1779 359 54 Barrias.

57 1909 449 125 43486.
372 1909 449 125 CHANZY
686 1909 584 125 (Eugène),
1135 1909 539 125 illustre
1540 1909 539 125 général,
1944 1909 314 125 qui
2124 1909 449 125 battit
2438 1909 314 125 les
2573 1909 494 125 Allemands

426 2002 219 120 à
514 2002 570 120 Coulmiers
952 2002 263 120 et
1083 2002 219 120 à
1171 2002 438 120 Patay.
1478 2002 219 120 —
1565 2002 263 120 L.
1697 2002 263 120 a.
1828 2002 307 120 s.;
2003 2002 482 120 (1872),
2354 2002 219 120 1
2442 2002 263 120 p.
2573 2002 394 120 in-8.
2836 2002 263 120 10
2924 2002 131 120 »

43 2157 540 119 43487.
421 2157 702 119 CHARLOTTE
961 2157 324 119 DE
1123 2157 594 119 PRUSSE,
1555 2157 432 119 sœur
1826 2157 324 119 du
1988 2157 486 119 grand
2312 2157 702 119 Frédéric,
2798 2157 270 119 du-

422 2252 449 114 chesse
736 2252 269 114 de
871 2252 1257 114 Brunswick-Wolffenbuttel,
1993 2252 673 114 protectrice
2531 2252 314 114 des
2711 2252 359 114 arts
2890 2252 180 114 et

418 2342 325 110 des
603 2342 557 110 lettres,
1021 2342 835 110 correspondante
1717 2342 278 110 et
1856 2342 371 110 amie
2088 2342 278 110 de
2227 2342 603 110 Voltaire,
2691 2342 232 110 —
2784 2342 278 110 L.
2876 2342 186 110 a.

416 2432 319 107 s.,
599 2432 274 107 en
736 2432 548 107 français
1146 2432 274 107 (à
1283 2432 639 107 Voltaire);
1785 2432 502 107 Berlin,
2150 2432 274 107 10
2287 2432 593 107 décembre,
2744 2432 319 107 1/2
2880 2432 183 107 p.

392 2524 651 107 in-8.
826 2524 578 107 Très
1187 2524 651 107 jolie
1621 2524 434 107 et
1838 2524 578 107 rare
2199 2524 723 107 pièce.
2705 2524 434 107 25
2850 2524 217 107 »

396 2676 504 88 Charmante
784 2676 427 88 épître:
1094 2676 271 88 «Je
1249 2676 233 88 ne
1366 2676 427 88 possède
1676 2676 349 88 point
1909 2676 504 88 l’heureux
2296 2676 388 88 talent
2568 2676 233 88 de
2684 2676 349 88 faire
2878 2676 194 88 des

322 2748 348 84 vers.
555 2748 387 84 Fautte
826 2748 232 84 de
942 2748 310 84 cest
1135 2748 503 84 avantage,
1522 2748 465 84 j’espère
1871 2748 271 84 que
2026 2748 310 84 vous
2219 2748 426 84 voudrés
2529 2748 503 84 rescevoir
2877 2748 194 84 mes

328 2814 550 88 remercimens
768 2814 220 88 en
878 2814 330 88 prose
1098 2814 293 88 pour
1281 2814 330 88 votre
1501 2814 366 88 billet
1757 2814 476 88 obligent.
2123 2814 220 88 Je
2233 2814 440 88 regrette
2563 2814 220 88 de
2673 2814 220 88 ne
2746 2814 330 88 pouvoir

327 2884 464 87 profitter
684 2884 214 87 de
791 2884 321 87 votre
1005 2884 606 87 conversation.
1504 2884 214 87 Je
1611 2884 285 87 suis
1790 2884 464 87 persuadée
2147 2884 392 87 qu’elle
2432 2884 214 87 ce
2539 2884 464 87 distingue
2860 2884 214 87 tou-

320 2952 354 87 jours.
567 2952 460 87 L’esprit,
921 2952 212 87 le
1027 2952 424 87 sçavoir,
1345 2952 566 87 l’enjouement
1804 2952 212 87 et
1910 2952 212 87 la
2016 2952 354 87 gayeté
2264 2952 283 87 sont
2441 2952 247 87 des
2582 2952 283 87 dons
2759 2952 247 87 qui
2865 2952 212 87 vous

322 3018 329 89 sont
528 3018 247 89 si
651 3018 494 89 naturels
1022 3018 412 89 qu’ils
1310 3018 247 89 ne
1433 3018 453 89 peuvent
1763 3018 288 89 que
1927 3018 576 89 contribués
2380 3018 247 89 au
2504 3018 453 89 charmes
2833 3018 247 89 de
2915 3018 165 89 la

295 3094 441 59 société...»

28 3215 509 123 43488.
385 3215 560 123 CHARRAS
792 3215 1427 123 (Jean-Baptiste-Adolphe),
2066 3215 560 123 célèbre
2474 3215 459 123 homme
2728 3215 357 123 poli-

404 3312 409 120 tique
676 3312 681 120 républicain
1221 3312 273 120 et
1358 3312 545 120 écrivain
1766 3312 636 120 militaire.
2266 3312 227 120 —
2357 3312 273 120 L.
2493 3312 273 120 a.
2630 3312 273 120 s.
2766 3312 318 120 CH.
2902 3312 182 120 (à

396 3404 474 118 Jules
712 3404 579 118 Barni);
1133 3404 474 118 Bâle,
1449 3404 316 118 23
1607 3404 474 118 avril
1922 3404 474 118 1863,
2238 3404 263 118 4
2343 3404 316 118 p.
2501 3404 474 118 in-8.
2817 3404 316 118 10
2922 3404 158 118 »

392 3557 425 102 CURIEUSE
711 3557 390 102 LETTRE,
994 3557 213 102 Il
1100 3557 567 102 l’entretient
1561 3557 213 102 de
1667 3557 248 102 ses
1809 3557 390 102 travaux
2093 3557 213 102 et
2199 3557 248 102 lui
2341 3557 390 102 annonce
2624 3557 319 102 qu’il
2837 3557 177 102 a
2872 3557 213 102 fait

318 3625 251 104 une
462 3625 503 104 réfutation
857 3625 216 104 de
965 3625 251 104 150
1108 3625 323 104 pages
1324 3625 251 104 sur
1468 3625 359 104 Thiers
1719 3625 323 104 qu’il
1935 3625 287 104 veut
2114 3625 359 104 mettre
2366 3625 251 104 «en
2509 3625 359 104 figure
2761 3625 323 104 d’âne
2940 3625 144 104 et

306 3693 238 106 de
425 3693 476 106 menteur.
782 3693 238 106 On
901 3693 476 106 regrette
1258 3693 317 106 bien
1456 3693 238 106 de
1575 3693 436 106 n’avoir
1892 3693 238 106 pu
2011 3693 317 106 vous
2209 3693 515 106 entendre,
2605 3693 277 106 une
2764 3693 317 106 fois
2922 3693 159 106 au

317 3780 365 85 moins,
572 3780 255 85 sur
718 3780 255 85 cet
864 3780 401 85 affreux
1155 3780 328 85 petit
1338 3780 583 85 bonapartiste.»

22 3896 509 138 43489.
378 3896 611 138 CHARTRAN
836 3896 763 138 (Théobald),
1447 3896 560 138 célèbre
1854 3896 560 138 peintre
2262 3896 865 138 contemporain.
2923 3896 153 138 —

336 3989 658 139 L.
665 3989 658 139 a.
994 3989 767 139 s.;
1432 3989 548 139 1
1651 3989 658 139 p.
1980 3989 986 139 in-4.
2638 3989 548 139 5
2747 3989 329 139 »

21 4143 486 145 43490.
362 4143 875 145 CHAUDES-AIGUES
1091 4143 680 145 (Jacques),
1625 4143 729 145 littérateur
2208 4143 292 145 et
2354 4143 632 145 critique,
2791 4143 292 145 dont

393 4235 336 147 les
585 4235 576 147 ouvrages
1017 4235 384 147 sont
1257 4235 672 147 recherchés
1785 4235 336 147 par
1977 4235 336 147 les
2169 4235 816 147 bibliophiles,
2841 4235 288 147 né
2937 4235 144 147 à

402 4325 499 153 Sauthia
764 4325 635 153 (Piémont).
1263 4325 227 153 —
1354 4325 272 153 L.
1490 4325 272 153 a.
1626 4325 272 153 s.
1762 4325 227 153 à
1853 4325 272 153 M.
1989 4325 272 153 de
2125 4325 544 153 Béthune,
2533 4325 227 153 1
2624 4325 272 153 p.
2714 4325 363 153 in

278 4420 2637 130 <i>Rare</i>.
2421 4420 824 130 5
2586 4420 494 130 »

19 4564 495 169 43491.
365 4564 693 169 CHÊNEDOLLÉ
909 4564 940 169 (Charles-Julien
1701 4564 445 169 LIOUT
1998 4564 396 169 de),
2246 4564 495 169 poète,
2592 4564 495 169 auteur
2889 4564 198 169 du

403 4673 495 153 <i>Génie
774 4673 248 153 de
898 4673 661 153 l’homme</i>,
1435 4673 248 153 né
1559 4673 206 153 à
1641 4673 372 153 Vire.
1889 4673 206 153 —
1971 4673 248 153 L.
2095 4673 248 153 a.
2219 4673 248 153 s.
2343 4673 206 153 à
2426 4673 454 153 Choron;
2714 4673 372 153 (Vire),

358 4767 414 159 3
524 4767 993 159 novembre
1268 4767 744 159 1809,
1765 4767 414 159 1
1930 4767 496 159 p.
2178 4767 744 159 in-8.
2674 4767 496 159 10
2840 4767 248 159 »

381 4927 372 144 Choron
641 4927 260 144 lui
790 4927 335 144 ayant
1013 4927 297 144 fait
1199 4927 483 144 présenter
1570 4927 260 144 une
1719 4927 372 144 lettre
1979 4927 223 144 de
2091 4927 372 144 change
2351 4927 297 144 pour
2537 4927 223 144 se
2648 4927 335 144 faire
2834 4927 260 144 payer

310 4993 338 149 d’une
536 4993 376 149 dette,
799 4993 526 149 Chênedollé
1213 4993 263 149 lui
1363 4993 451 149 témoigne
1702 4993 263 149 son
1852 4993 526 149 étonnement
2266 4993 226 149 de
2379 4993 226 149 le
2491 4993 301 149 voir
2679 4993 338 149 user,
2867 4993 226 149 vis-

309 5113 333 92 à-vis
531 5113 222 92 de
642 5113 296 92 lui,
827 5113 296 92 d’un
1012 5113 481 92 semblable
1346 5113 370 92 procédé.
