917.8582677165355 1497.8267716535433
414.1417322834646 15.307086614173228 89.29133858267717 20.69291338582677 —
449.8582677165354 15.307086614173228 89.29133858267717 20.69291338582677 8
467.7165354330709 15.307086614173228 53.574803149606296 20.69291338582677 —

135.49606299212599 62.92913385826772 80.22047244094489 43.37007874015748 de
175.46456692913387 62.92913385826772 80.22047244094489 43.37007874015748 la
215.71653543307087 62.92913385826772 147.11811023622047 43.37007874015748 marine,
322.5826771653543 62.92913385826772 80.22047244094489 43.37007874015748 né
362.8346456692913 62.92913385826772 66.89763779527559 43.37007874015748 à
389.4803149606299 62.92913385826772 80.22047244094489 43.37007874015748 la
429.4488188976378 62.92913385826772 173.76377952755905 43.37007874015748 Rochelle.
563.2440944881889 62.92913385826772 66.89763779527559 43.37007874015748 —
589.8897637795276 62.92913385826772 80.22047244094489 43.37007874015748 20
630.1417322834645 62.92913385826772 80.22047244094489 43.37007874015748 l.
670.1102362204724 62.92913385826772 80.22047244094489 43.37007874015748 a.
710.3622047244095 62.92913385826772 80.22047244094489 43.37007874015748 s.
750.3307086614174 62.92913385826772 66.89763779527559 43.37007874015748 à
763.6535433070866 62.92913385826772 133.79527559055117 43.37007874015748 TRUGUET;

135.49606299212599 90.70866141732283 236.9763779527559 42.803149606299215 Saint-Domingue,
335.0551181102362 90.70866141732283 74.83464566929133 42.803149606299215 la
372.4724409448819 90.70866141732283 187.08661417322836 42.803149606299215 Martinique,
522.1417322834645 90.70866141732283 124.7244094488189 42.803149606299215 Brest,
609.1653543307086 90.70866141732283 174.61417322834646 42.803149606299215 1819-1829,
746.3622047244095 90.70866141732283 74.83464566929133 42.803149606299215 60
783.7795275590552 90.70866141732283 74.83464566929133 42.803149606299215 p.
808.7244094488188 90.70866141732283 87.30708661417323 42.803149606299215 in

818.3622047244095 131.5275590551181 94.11023622047244 21.826771653543307 30
849.5433070866142 131.5275590551181 47.05511811023622 21.826771653543307 »

129.54330708661416 160.44094488188978 151.37007874015748 37.41732283464567 Importante
248.31496062992127 160.44094488188978 194.45669291338584 37.41732283464567 correspondance
410.45669291338584 160.44094488188978 64.91338582677166 37.41732283464567 où
442.7716535433071 160.44094488188978 64.91338582677166 37.41732283464567 il
475.37007874015745 160.44094488188978 97.22834645669292 37.41732283464567 parle
540.0 160.44094488188978 64.91338582677166 37.41732283464567 de
572.5984251968504 160.44094488188978 75.68503937007874 37.41732283464567 ses
615.6850393700787 160.44094488188978 172.91338582677164 37.41732283464567 expéditions,
756.2834645669292 160.44094488188978 75.68503937007874 37.41732283464567 des
788.5984251968504 160.44094488188978 108.0 37.41732283464567 troubles

108.28346456692914 180.8503937007874 67.46456692913385 36.56692913385827 de
142.01574803149606 180.8503937007874 213.73228346456693 36.56692913385827 Saint-Domingue,
322.2992125984252 180.8503937007874 78.80314960629921 36.56692913385827 des
367.37007874015745 180.8503937007874 123.8740157480315 36.56692913385827 guerres
457.2283464566929 180.8503937007874 67.46456692913385 36.56692913385827 de
490.96062992125985 180.8503937007874 157.60629921259843 36.56692913385827 l’Amérique
614.8346456692914 180.8503937007874 67.46456692913385 36.56692913385827 du
648.5669291338583 180.8503937007874 90.14173228346456 36.56692913385827 Sud.
704.9763779527559 180.8503937007874 101.19685039370079 36.56692913385827 Cette
761.1023622047244 180.8503937007874 135.21259842519686 36.56692913385827 correspon-

108.28346456692914 200.1259842519685 102.89763779527559 36.0 dance
176.5984251968504 200.1259842519685 125.5748031496063 36.0 fournit
268.15748031496065 200.1259842519685 136.91338582677164 36.0 d’utiles
370.7716535433071 200.1259842519685 205.51181102362204 36.0 renseignements
541.9842519685039 200.1259842519685 91.2755905511811 36.0 pour
599.2440944881889 200.1259842519685 68.5984251968504 36.0 la
633.5433070866142 200.1259842519685 159.8740157480315 36.0 biographie
759.1181102362204 200.1259842519685 68.5984251968504 36.0 de
781.7952755905512 200.1259842519685 114.23622047244095 36.0 l’amiral

96.94488188976378 219.96850393700788 114.23622047244095 21.543307086614174 Duperré.

25.228346456692915 261.6377952755906 140.31496062992127 45.63779527559055 43504.
123.59055118110236 261.6377952755906 126.4251968503937 45.63779527559055 DUREY
207.7795275590551 261.6377952755906 84.18897637795276 45.63779527559055 DE
250.01574803149606 261.6377952755906 182.5511811023622 45.63779527559055 MEINIÈRES
390.61417322834643 261.6377952755906 407.33858267716533 45.63779527559055 (Jean-Baptiste-François),
741.5433070866142 261.6377952755906 154.48818897637796 45.63779527559055 magistrat

132.3779527559055 294.5196850393701 80.22047244094489 37.7007874015748 et
172.3464566929134 294.5196850393701 200.69291338582678 37.7007874015748 publiciste,
333.07086614173227 294.5196850393701 93.8267716535433 37.7007874015748 qui
386.6456692913386 294.5196850393701 120.4724409448819 37.7007874015748 avait
466.86614173228344 294.5196850393701 120.4724409448819 37.7007874015748 réuni
547.0866141732283 294.5196850393701 93.8267716535433 37.7007874015748 une
600.6614173228346 294.5196850393701 147.11811023622047 37.7007874015748 immense
707.8110236220473 294.5196850393701 187.37007874015748 37.7007874015748 collection
841.6062992125984 294.5196850393701 53.574803149606296 37.7007874015748 de

132.3779527559055 319.46456692913387 174.04724409448818 38.267716535433074 documents
266.1732283464567 319.46456692913387 200.69291338582678 38.267716535433074 juridiques.
426.61417322834643 319.46456692913387 66.89763779527559 38.267716535433074 —
453.54330708661416 319.46456692913387 80.22047244094489 38.267716535433074 L.
493.51181102362204 319.46456692913387 80.22047244094489 38.267716535433074 a.
533.7637795275591 319.46456692913387 80.22047244094489 38.267716535433074 s.
573.7322834645669 319.46456692913387 66.89763779527559 38.267716535433074 à
600.6614173228346 319.46456692913387 80.22047244094489 38.267716535433074 M.
640.6299212598425 319.46456692913387 200.69291338582678 38.267716535433074 Boullenois,
801.3543307086615 319.46456692913387 80.22047244094489 38.267716535433074 22
828.0 319.46456692913387 66.89763779527559 38.267716535433074 dé-

119.33858267716535 347.5275590551181 267.0236220472441 36.56692913385827 cembre
306.1417322834646 347.5275590551181 240.3779527559055 36.56692913385827 1767,
466.5826771653543 347.5275590551181 133.51181102362204 36.56692913385827 2
519.8740157480315 347.5275590551181 160.15748031496062 36.56692913385827 p.
600.0944881889764 347.5275590551181 240.3779527559055 36.56692913385827 in-4.
760.2519685039371 347.5275590551181 160.15748031496062 36.56692913385827 10
813.5433070866142 347.5275590551181 80.22047244094489 36.56692913385827 »

128.1259842519685 392.31496062992125 127.84251968503936 30.330708661417322 Curieuse
224.2204724409449 392.31496062992125 106.58267716535433 30.330708661417322 lettre
298.7716535433071 392.31496062992125 64.06299212598425 30.330708661417322 où
330.8031496062992 392.31496062992125 64.06299212598425 30.330708661417322 il
362.5511811023622 392.31496062992125 95.81102362204724 30.330708661417322 donne
426.61417322834643 392.31496062992125 74.55118110236221 30.330708661417322 des
469.13385826771656 392.31496062992125 170.36220472440945 30.330708661417322 instructions
607.7480314960629 392.31496062992125 85.32283464566929 30.330708661417322 pour
661.0393700787401 392.31496062992125 149.10236220472441 30.330708661417322 poursuivre
778.1102362204724 392.31496062992125 64.06299212598425 30.330708661417322 un
799.6535433070866 392.31496062992125 95.81102362204724 30.330708661417322 usurier

107.43307086614173 412.15748031496065 101.19685039370079 29.763779527559056 nommé
174.89763779527559 412.15748031496065 101.19685039370079 29.763779527559056 Dumay
242.36220472440945 412.15748031496065 67.46456692913385 29.763779527559056 de
276.09448818897636 412.15748031496065 67.46456692913385 29.763779527559056 la
309.8267716535433 412.15748031496065 112.25196850393701 29.763779527559056 Brosse
388.34645669291336 412.15748031496065 89.85826771653544 29.763779527559056 qui,
444.4724409448819 412.15748031496065 78.51968503937007 29.763779527559056 par
489.54330708661416 412.15748031496065 78.51968503937007 29.763779527559056 ses
534.3307086614174 412.15748031496065 191.0551181102362 29.763779527559056 friponneries,
691.6535433070866 412.15748031496065 56.125984251968504 29.763779527559056 a
714.0472440944882 412.15748031496065 101.19685039370079 29.763779527559056 ruiné
781.511811023622 412.15748031496065 78.51968503937007 29.763779527559056 son
815.2440944881889 412.15748031496065 78.51968503937007 29.763779527559056 fils,

108.0 431.7165354330709 98.64566929133858 21.826771653543307 Durey
174.04724409448818 431.7165354330709 65.76377952755905 21.826771653543307 de
195.8740157480315 431.7165354330709 153.63779527559055 21.826771653543307 Bourneville.

25.79527559055118 477.6377952755906 140.31496062992127 34.2992125984252 43505.
123.8740157480315 477.6377952755906 140.31496062992127 34.2992125984252 ENNERY
221.95275590551182 477.6377952755906 168.3779527559055 34.2992125984252 (Adolphe
348.09448818897636 477.6377952755906 112.25196850393701 34.2992125984252 d’),
418.3937007874016 477.6377952755906 84.18897637795276 34.2992125984252 le
460.34645669291336 477.6377952755906 140.31496062992127 34.2992125984252 fécond
558.7086614173228 477.6377952755906 140.31496062992127 34.2992125984252 auteur
656.7874015748032 477.6377952755906 210.33070866141733 34.2992125984252 dramatique,
810.992125984252 477.6377952755906 84.18897637795276 34.2992125984252 mort

125.29133858267717 505.13385826771656 275.81102362204723 33.44881889763779 récemment.
342.1417322834646 505.13385826771656 98.64566929133858 33.44881889763779 —
381.54330708661416 505.13385826771656 118.20472440944881 33.44881889763779 L.
440.78740157480314 505.13385826771656 118.20472440944881 33.44881889763779 a.
499.748031496063 505.13385826771656 138.04724409448818 33.44881889763779 s.,
578.5511811023622 505.13385826771656 98.64566929133858 33.44881889763779 1
617.9527559055118 505.13385826771656 118.20472440944881 33.44881889763779 p.
677.1968503937007 505.13385826771656 197.00787401574803 33.44881889763779 in-16.
814.9606299212599 505.13385826771656 98.64566929133858 33.44881889763779 3
834.8031496062993 505.13385826771656 59.24409448818898 33.44881889763779 »

25.511811023622048 555.8740157480315 126.14173228346456 31.46456692913386 43506.
113.66929133858268 555.8740157480315 113.38582677165354 31.46456692913386 FABRE
189.0708661417323 555.8740157480315 201.54330708661416 31.46456692913386 (Ferdinand),
352.9133858267717 555.8740157480315 138.61417322834646 31.46456692913386 célèbre
453.8267716535433 555.8740157480315 176.31496062992127 31.46456692913386 romancier,
592.4409448818898 555.8740157480315 126.14173228346456 31.46456692913386 auteur
680.5984251968504 555.8740157480315 75.68503937007874 31.46456692913386 de
705.8267716535433 555.8740157480315 189.0708661417323 31.46456692913386 l'Abbé

134.36220472440945 583.0866141732283 214.86614173228347 31.46456692913386 Tigrane.
315.21259842519686 583.0866141732283 56.40944881889764 31.46456692913386 —
337.8897637795276 583.0866141732283 67.74803149606299 31.46456692913386 L.
371.90551181102364 583.0866141732283 67.74803149606299 31.46456692913386 a.
405.9212598425197 583.0866141732283 79.08661417322834 31.46456692913386 s.;
450.99212598425197 583.0866141732283 113.10236220472441 31.46456692913386 Paris,
530.0787401574803 583.0866141732283 56.40944881889764 31.46456692913386 8
552.7559055118111 583.0866141732283 135.7795275590551 31.46456692913386 décembre
654.5196850393701 583.0866141732283 101.76377952755905 31.46456692913386 1886,
722.5511811023622 583.0866141732283 56.40944881889764 31.46456692913386 2
744.9448818897638 583.0866141732283 67.74803149606299 31.46456692913386 p.
778.9606299212599 583.0866141732283 101.76377952755905 31.46456692913386 in-8.
846.7086614173228 583.0866141732283 56.40944881889764 31.46456692913386 5
858.0472440944882 583.0866141732283 34.01574803149607 31.46456692913386 »

125.85826771653544 631.5590551181102 64.06299212598425 27.77952755905512 Il
157.88976377952756 631.5590551181102 117.35433070866142 27.77952755905512 exprime
243.21259842519686 631.5590551181102 64.06299212598425 27.77952755905512 la
275.244094488189 631.5590551181102 117.35433070866142 27.77952755905512 douleur
360.2834645669291 631.5590551181102 95.81102362204724 27.77952755905512 qu’il
424.34645669291336 631.5590551181102 117.35433070866142 27.77952755905512 ressent
509.6692913385827 631.5590551181102 53.29133858267716 27.77952755905512 à
530.9291338582677 631.5590551181102 95.81102362204724 27.77952755905512 faire
594.7086614173228 631.5590551181102 74.55118110236221 27.77952755905512 des
637.511811023622 631.5590551181102 170.36220472440945 27.77952755905512 suppressions
775.8425196850394 631.5590551181102 85.32283464566929 27.77952755905512 dans
829.1338582677165 631.5590551181102 64.06299212598425 27.77952755905512 un
850.6771653543307 631.5590551181102 42.51968503937008 27.77952755905512 de

107.43307086614173 651.4015748031496 74.26771653543307 24.661417322834644 ses
149.66929133858267 651.4015748031496 138.04724409448818 24.661417322834644 ouvrages.
255.96850393700788 651.4015748031496 74.26771653543307 24.661417322834644 «En
298.48818897637796 651.4015748031496 116.78740157480316 24.661417322834644 vérité,
383.5275590551181 651.4015748031496 63.77952755905512 24.661417322834644 ce
415.2755905511811 651.4015748031496 95.5275590551181 24.661417322834644 n’est
479.0551181102362 651.4015748031496 74.26771653543307 24.661417322834644 pas
521.5748031496063 651.4015748031496 53.00787401574803 24.661417322834644 à
542.8346456692914 651.4015748031496 63.77952755905512 24.661417322834644 un
574.5826771653543 651.4015748031496 127.55905511811024 24.661417322834644 écrivain
670.1102362204724 651.4015748031496 63.77952755905512 24.661417322834644 de
702.1417322834645 651.4015748031496 74.26771653543307 24.661417322834644 mon
744.3779527559055 651.4015748031496 148.8188976377953 24.661417322834644 caractère,
850.6771653543307 651.4015748031496 42.51968503937008 24.661417322834644 de

106.2992125984252 670.6771653543307 61.22834645669291 24.094488188976378 ma
136.91338582677164 670.6771653543307 143.1496062992126 24.094488188976378 conscience
249.4488188976378 670.6771653543307 112.25196850393701 24.094488188976378 j’aurai
331.0866141732283 670.6771653543307 61.22834645669291 24.094488188976378 la
361.7007874015748 670.6771653543307 102.04724409448819 24.094488188976378 fierté
433.13385826771656 670.6771653543307 143.1496062992126 24.094488188976378 d’ajouter:
545.6692913385826 670.6771653543307 61.22834645669291 24.094488188976378 de
576.2834645669292 670.6771653543307 71.43307086614173 24.094488188976378 mon
617.1023622047244 670.6771653543307 112.25196850393701 24.094488188976378 talent,
698.7401574803149 670.6771653543307 71.43307086614173 24.094488188976378 que
739.5590551181102 670.6771653543307 132.9448818897638 24.094488188976378 devraient
831.6850393700787 670.6771653543307 61.22834645669291 24.094488188976378 être

107.14960629921259 689.9527559055118 128.1259842519685 22.393700787401574 réservés
203.5275590551181 689.9527559055118 64.06299212598425 22.393700787401574 de
235.55905511811022 689.9527559055118 64.06299212598425 22.393700787401574 si
267.59055118110234 689.9527559055118 138.89763779527559 22.393700787401574 poignants
363.68503937007875 689.9527559055118 106.86614173228347 22.393700787401574 ennuis.»

22.11023622047244 736.7244094488188 136.06299212598427 28.062992125984252 43507.
117.35433070866142 736.7244094488188 136.06299212598427 28.062992125984252 FEBVRE
212.5984251968504 736.7244094488188 204.09448818897638 28.062992125984252 (Frédéric),
376.15748031496065 736.7244094488188 149.66929133858267 28.062992125984252 célèbre
485.00787401574803 736.7244094488188 136.06299212598427 28.062992125984252 acteur
580.2519685039371 736.7244094488188 81.63779527559055 28.062992125984252 du
621.0708661417323 736.7244094488188 286.01574803149606 28.062992125984252 Théâtre-Français.
852.6614173228346 736.7244094488188 40.818897637795274 28.062992125984252 —

111.11811023622047 764.7874015748032 187.6535433070866 28.913385826771652 L.
204.9448818897638 764.7874015748032 187.6535433070866 28.913385826771652 a.
298.48818897637796 764.7874015748032 218.83464566929135 28.913385826771652 s.,
423.7795275590551 764.7874015748032 156.18897637795277 28.913385826771652 2
486.1417322834646 764.7874015748032 187.6535433070866 28.913385826771652 p.
579.9685039370079 764.7874015748032 281.4803149606299 28.913385826771652 in-8.
767.6220472440945 764.7874015748032 156.18897637795277 28.913385826771652 4
798.8031496062993 764.7874015748032 93.8267716535433 28.913385826771652 »

22.96062992125984 814.9606299212599 134.07874015748033 29.763779527559056 43508.
116.78740157480316 814.9606299212599 147.4015748031496 29.763779527559056 FERRAND
223.93700787401573 814.9606299212599 200.9763779527559 29.763779527559056 (Jean-Henri
384.66141732283467 814.9606299212599 160.7244094488189 29.763779527559056 Becaÿs),
505.13385826771656 814.9606299212599 160.7244094488189 29.763779527559056 général,
625.8897637795276 814.9606299212599 93.8267716535433 29.763779527559056 qui
679.4645669291339 814.9606299212599 160.7244094488189 29.763779527559056 défendit
786.6141732283464 814.9606299212599 107.14960629921259 29.763779527559056 Valen-

129.54330708661416 841.0393700787401 140.03149606299212 27.77952755905512 ciennes
231.30708661417322 841.0393700787401 140.03149606299212 27.77952755905512 contres
333.07086614173227 841.0393700787401 89.00787401574803 27.77952755905512 les
384.09448818897636 841.0393700787401 203.5275590551181 27.77952755905512 Autrichiens,
549.6377952755905 841.0393700787401 76.25196850393701 27.77952755905512 en
587.6220472440945 841.0393700787401 114.51968503937007 27.77952755905512 1793,
664.1574803149606 841.0393700787401 76.25196850393701 27.77952755905512 né
702.4251968503937 841.0393700787401 63.496062992125985 27.77952755905512 à
727.6535433070866 841.0393700787401 76.25196850393701 27.77952755905512 La
753.1653543307086 841.0393700787401 140.03149606299212 27.77952755905512 Caussade,

128.40944881889763 867.1181102362204 107.43307086614173 29.19685039370079 près
195.30708661417322 867.1181102362204 201.25984251968504 29.19685039370079 Monflanquin
356.31496062992125 867.1181102362204 281.76377952755905 29.19685039370079 (Lot-et-Garonne).
598.1102362204724 867.1181102362204 67.18110236220473 29.19685039370079 —
624.7559055118111 867.1181102362204 80.50393700787401 29.19685039370079 L.
665.007874015748 867.1181102362204 80.50393700787401 29.19685039370079 a.
705.2598425196851 867.1181102362204 80.50393700787401 29.19685039370079 s.
745.511811023622 867.1181102362204 80.50393700787401 29.19685039370079 au
772.4409448818898 867.1181102362204 120.75590551181102 29.19685039370079 citoyen

129.25984251968504 892.9133858267717 155.0551181102362 30.614173228346456 Verrières;
251.1496062992126 892.9133858267717 166.11023622047244 30.614173228346456 Maëstricht,
384.09448818897636 892.9133858267717 66.33070866141732 30.614173228346456 13
417.25984251968504 892.9133858267717 121.88976377952756 30.614173228346456 ventôse
505.7007874015748 892.9133858267717 66.33070866141732 30.614173228346456 an
539.1496062992126 892.9133858267717 77.66929133858268 30.614173228346456 IX,
583.3700787401575 892.9133858267717 55.275590551181104 30.614173228346456 2
605.4803149606299 892.9133858267717 66.33070866141732 30.614173228346456 p.
638.6456692913385 892.9133858267717 99.77952755905511 30.614173228346456 in-4.
705.2598425196851 892.9133858267717 177.16535433070865 30.614173228346456 Rare.
849.2598425196851 892.9133858267717 55.275590551181104 30.614173228346456 8
860.3149606299213 892.9133858267717 33.16535433070866 30.614173228346456 »

19.84251968503937 938.5511811023622 143.1496062992126 37.13385826771653 43509.
119.90551181102362 938.5511811023622 186.23622047244095 37.13385826771653 FEUCHÈRES
263.0551181102362 938.5511811023622 157.60629921259843 37.13385826771653 (Sophie
377.5748031496063 938.5511811023622 143.1496062992126 37.13385826771653 DAWES,
477.9212598425197 938.5511811023622 157.60629921259843 37.13385826771653 baronne
592.4409448818898 938.5511811023622 114.51968503937007 37.13385826771653 de),
663.8740157480315 938.5511811023622 85.88976377952756 37.13385826771653 la
706.9606299212599 938.5511811023622 186.23622047244095 37.13385826771653 maîtresse
835.6535433070866 938.5511811023622 57.25984251968504 37.13385826771653 du

126.4251968503937 969.4488188976378 159.0236220472441 32.59842519685039 dernier
242.07874015748033 969.4488188976378 144.56692913385828 32.59842519685039 prince
343.2755905511811 969.4488188976378 86.74015748031496 32.59842519685039 de
386.6456692913386 969.4488188976378 144.56692913385828 32.59842519685039 Condé.
487.84251968503935 969.4488188976378 72.28346456692914 32.59842519685039 —
516.4724409448819 969.4488188976378 86.74015748031496 32.59842519685039 L.
559.8425196850394 969.4488188976378 86.74015748031496 32.59842519685039 a.
603.2125984251968 969.4488188976378 101.19685039370079 32.59842519685039 s.;
646.5826771653543 969.4488188976378 245.76377952755905 32.59842519685039 Palais

117.63779527559055 994.9606299212599 136.62992125984252 33.44881889763779 31
185.95275590551182 994.9606299212599 273.25984251968504 33.44881889763779 décembre
390.8976377952756 994.9606299212599 204.9448818897638 33.44881889763779 1833,
527.5275590551181 994.9606299212599 113.95275590551181 33.44881889763779 1
572.8818897637796 994.9606299212599 136.62992125984252 33.44881889763779 p.
641.1968503937007 994.9606299212599 204.9448818897638 33.44881889763779 in-4.
777.8267716535433 994.9606299212599 136.62992125984252 33.44881889763779 10
823.4645669291339 994.9606299212599 68.31496062992126 33.44881889763779 »

121.32283464566929 1041.4488188976377 138.04724409448818 29.19685039370079 CURIEUSE
224.78740157480314 1041.4488188976377 126.4251968503937 29.19685039370079 LETTRE.
316.9133858267717 1041.4488188976377 91.84251968503936 29.19685039370079 Elle
374.1732283464567 1041.4488188976377 138.04724409448818 29.19685039370079 remercie
477.6377952755906 1041.4488188976377 80.50393700787401 29.19685039370079 son
523.8425196850394 1041.4488188976377 195.30708661417322 29.19685039370079 correspondant
684.5669291338583 1041.4488188976377 68.88188976377953 29.19685039370079 de
719.1496062992126 1041.4488188976377 149.38582677165354 29.19685039370079 l’hommage
822.6141732283464 1041.4488188976377 68.88188976377953 29.19685039370079 d’un

102.33070866141732 1062.4251968503936 88.44094488188976 27.77952755905512 livre
161.29133858267716 1062.4251968503936 58.960629921259844 27.77952755905512 et
190.77165354330708 1062.4251968503936 58.960629921259844 27.77952755905512 se
220.53543307086613 1062.4251968503936 98.36220472440945 27.77952755905512 plaint
289.13385826771656 1062.4251968503936 108.28346456692914 27.77952755905512 d’avoir
367.93700787401576 1062.4251968503936 68.88188976377953 27.77952755905512 été
407.0551181102362 1062.4251968503936 58.960629921259844 27.77952755905512 en
436.81889763779526 1062.4251968503936 88.44094488188976 27.77952755905512 butte
495.7795275590551 1062.4251968503936 49.039370078740156 27.77952755905512 à
515.3385826771654 1062.4251968503936 137.76377952755905 27.77952755905512 d’injustes
613.7007874015748 1062.4251968503936 117.92125984251969 27.77952755905512 calomnies.

18.992125984251967 1106.0787401574803 136.06299212598427 36.0 43510.
114.23622047244095 1106.0787401574803 163.2755905511811 36.0 FEUILLET
236.69291338582678 1106.0787401574803 176.88188976377953 36.0 (Octave),
373.03937007874015 1106.0787401574803 81.63779527559055 36.0 le
413.8582677165354 1106.0787401574803 149.66929133858267 36.0 célèbre
522.7086614173228 1106.0787401574803 176.88188976377953 36.0 romancier
658.7716535433071 1106.0787401574803 81.63779527559055 36.0 et
699.8740157480315 1106.0787401574803 136.06299212598427 36.0 auteur
781.511811023622 1106.0787401574803 108.85039370078741 36.0 drama-

126.4251968503937 1132.1574803149606 131.81102362204723 36.8503937007874 tique,
218.5511811023622 1132.1574803149606 131.81102362204723 36.8503937007874 membre
310.6771653543307 1132.1574803149606 79.08661417322834 36.8503937007874 de
350.3622047244094 1132.1574803149606 184.53543307086613 36.8503937007874 l’Académie
495.21259842519686 1132.1574803149606 184.53543307086613 36.8503937007874 française.
640.3464566929134 1132.1574803149606 65.76377952755905 36.8503937007874 —
666.7086614173228 1132.1574803149606 79.08661417322834 36.8503937007874 L.
706.1102362204724 1132.1574803149606 79.08661417322834 36.8503937007874 a.
745.7952755905512 1132.1574803149606 79.08661417322834 36.8503937007874 s.
785.1968503937007 1132.1574803149606 79.08661417322834 36.8503937007874 (à
811.5590551181102 1132.1574803149606 79.08661417322834 36.8503937007874 Ana-

126.14173228346456 1157.6692913385828 96.94488188976378 36.8503937007874 tole
186.8031496062992 1157.6692913385828 72.56692913385827 36.8503937007874 de
223.08661417322836 1157.6692913385828 72.56692913385827 36.8503937007874 La
259.37007874015745 1157.6692913385828 133.22834645669292 36.8503937007874 Forge);
356.31496062992125 1157.6692913385828 181.70078740157481 36.8503937007874 Versailles,
501.4488188976378 1157.6692913385828 72.56692913385827 36.8503937007874 21
537.7322834645669 1157.6692913385828 133.22834645669292 36.8503937007874 octobre
634.6771653543307 1157.6692913385828 108.85039370078741 36.8503937007874 1883,
707.2440944881889 1157.6692913385828 60.661417322834644 36.8503937007874 1
731.6220472440945 1157.6692913385828 72.56692913385827 36.8503937007874 p.
767.9055118110236 1157.6692913385828 84.75590551181102 36.8503937007874 1/2
804.1889763779527 1157.6692913385828 84.75590551181102 36.8503937007874 in

810.7086614173228 1184.3149606299212 90.70866141732283 20.125984251968504 12
840.7559055118111 1184.3149606299212 45.354330708661415 20.125984251968504 »

121.60629921259843 1227.1181102362204 128.1259842519685 35.71653543307087 CURIEUSE
217.70078740157481 1227.1181102362204 117.35433070866142 35.71653543307087 LETTRE.
303.0236220472441 1227.1181102362204 64.06299212598425 35.71653543307087 Il
335.0551181102362 1227.1181102362204 64.06299212598425 35.71653543307087 le
367.0866141732283 1227.1181102362204 128.1259842519685 35.71653543307087 félicite
463.18110236220474 1227.1181102362204 53.29133858267716 35.71653543307087 à
484.4409448818898 1227.1181102362204 106.58267716535433 35.71653543307087 propos
559.2755905511812 1227.1181102362204 64.06299212598425 35.71653543307087 de
591.3070866141733 1227.1181102362204 74.83464566929133 35.71653543307087 son
633.8267716535433 1227.1181102362204 117.35433070866142 35.71653543307087 dernier
719.4330708661417 1227.1181102362204 128.1259842519685 35.71653543307087 discours
815.2440944881889 1227.1181102362204 64.06299212598425 35.71653543307087 et
836.7874015748032 1227.1181102362204 53.29133858267716 35.71653543307087 lui

102.04724409448819 1246.1102362204724 117.07086614173228 37.7007874015748 prédit,
187.37007874015748 1246.1102362204724 95.81102362204724 37.7007874015748 qu’au
251.1496062992126 1246.1102362204724 74.55118110236221 37.7007874015748 cas
293.6692913385827 1246.1102362204724 63.77952755905512 37.7007874015748 où
325.7007874015748 1246.1102362204724 63.77952755905512 37.7007874015748 il
357.4488188976378 1246.1102362204724 159.59055118110237 37.7007874015748 deviendrait
485.29133858267716 1246.1102362204724 138.33070866141733 37.7007874015748 ministre,
591.5905511811023 1246.1102362204724 63.77952755905512 37.7007874015748 il
623.6220472440945 1246.1102362204724 85.03937007874016 37.7007874015748 sera
676.6299212598425 1246.1102362204724 85.03937007874016 37.7007874015748 aimé
729.9212598425197 1246.1102362204724 85.03937007874016 37.7007874015748 pour
772.4409448818898 1246.1102362204724 117.07086614173228 37.7007874015748 lui

101.76377952755905 1265.9527559055118 81.35433070866142 34.58267716535433 «Je
148.251968503937 1265.9527559055118 92.97637795275591 34.58267716535433 n’ai
206.36220472440945 1265.9527559055118 81.35433070866142 34.58267716535433 pas
252.56692913385828 1265.9527559055118 115.93700787401575 34.58267716535433 besoin
333.9212598425197 1265.9527559055118 69.73228346456693 34.58267716535433 de
368.78740157480314 1265.9527559055118 92.97637795275591 34.58267716535433 vous
426.61417322834643 1265.9527559055118 92.97637795275591 34.58267716535433 dire
484.7244094488189 1265.9527559055118 104.31496062992126 34.58267716535433 qu’en
554.4566929133858 1265.9527559055118 92.97637795275591 34.58267716535433 vous
612.2834645669292 1265.9527559055118 115.93700787401575 34.58267716535433 voyant
693.6377952755905 1265.9527559055118 104.31496062992126 34.58267716535433 nommé
763.3700787401575 1265.9527559055118 58.110236220472444 34.58267716535433 à
786.6141732283464 1265.9527559055118 104.31496062992126 34.58267716535433 Paris
844.4409448818898 1265.9527559055118 46.488188976377955 34.58267716535433 en

101.76377952755905 1284.9448818897638 115.37007874015748 35.71653543307087 première
188.50393700787401 1284.9448818897638 86.74015748031496 35.71653543307087 ligne
246.04724409448818 1284.9448818897638 77.10236220472441 35.71653543307087 j’ai
294.23622047244095 1284.9448818897638 96.37795275590551 35.71653543307087 salué,
361.7007874015748 1284.9448818897638 86.74015748031496 35.71653543307087 comme
419.244094488189 1284.9448818897638 77.10236220472441 35.71653543307087 vous
467.43307086614175 1284.9448818897638 105.73228346456693 35.71653543307087 faisiez
544.5354330708661 1284.9448818897638 48.188976377952756 35.71653543307087 à
563.8110236220473 1284.9448818897638 105.73228346456693 35.71653543307087 l’Odéon
640.6299212598425 1284.9448818897638 57.826771653543304 35.71653543307087 le
669.5433070866142 1284.9448818897638 77.10236220472441 35.71653543307087 soir
717.7322834645669 1284.9448818897638 134.64566929133858 35.71653543307087 d'Echec
813.8267716535433 1284.9448818897638 77.10236220472441 35.71653543307087 et

102.33070866141732 1308.1889763779527 146.5511811023622 31.748031496062993 mat.
219.4015748031496 1308.1889763779527 97.79527559055119 31.748031496062993 Faites
287.7165354330709 1308.1889763779527 68.31496062992126 31.748031496062993 que
326.8346456692913 1308.1889763779527 58.67716535433071 31.748031496062993 la
356.31496062992125 1308.1889763779527 136.91338582677164 31.748031496062993 République
463.748031496063 1308.1889763779527 78.23622047244095 31.748031496062993 nous
512.503937007874 1308.1889763779527 78.23622047244095 31.748031496062993 soit
561.5433070866142 1308.1889763779527 107.43307086614173 31.748031496062993 légère,
639.496062992126 1308.1889763779527 68.31496062992126 31.748031496062993 mon
668.9763779527559 1308.1889763779527 68.31496062992126 31.748031496062993 ami!»

16.15748031496063 1351.275590551181 145.98425196850394 42.803149606299215 43511.
118.20472440944881 1351.275590551181 291.68503937007875 42.803149606299215 FONTENAY-MAREUIL
366.23622047244095 1351.275590551181 189.63779527559055 42.803149606299215 (François
512.2204724409448 1351.275590551181 145.98425196850394 42.803149606299215 DUVAL,
614.2677165354331 1351.275590551181 160.44094488188978 42.803149606299215 marquis
731.0551181102362 1351.275590551181 116.78740157480316 42.803149606299215 de),
789.4488188976378 1351.275590551181 102.04724409448819 42.803149606299215 géné-

125.85826771653544 1377.0708661417323 86.1732283464567 41.669291338582674 ral
174.89763779527559 1377.0708661417323 73.98425196850394 41.669291338582674 et
212.03149606299212 1377.0708661417323 172.62992125984252 41.669291338582674 diplomate,
347.5275590551181 1377.0708661417323 123.30708661417323 41.669291338582674 auteur
433.7007874015748 1377.0708661417323 73.98425196850394 41.669291338582674 de
470.8346456692913 1377.0708661417323 246.61417322834646 41.669291338582674 Mémoires.
680.3149606299213 1377.0708661417323 61.511811023622045 41.669291338582674 —
704.9763779527559 1377.0708661417323 73.98425196850394 41.669291338582674 L.
741.8267716535433 1377.0708661417323 86.1732283464567 41.669291338582674 s.,
791.1496062992126 1377.0708661417323 98.64566929133858 41.669291338582674 avec
840.4724409448819 1377.0708661417323 49.32283464566929 41.669291338582674 la

126.14173228346456 1403.1496062992126 175.1811023622047 43.653543307086615 souscript.
263.62204724409446 1403.1496062992126 112.53543307086615 43.653543307086615 aut.;
338.74015748031496 1403.1496062992126 112.53543307086615 43.653543307086615 Rome,
413.8582677165354 1403.1496062992126 75.11811023622047 43.653543307086615 31
451.2755905511811 1403.1496062992126 137.48031496062993 43.653543307086615 janvier
551.3385826771654 1403.1496062992126 112.53543307086615 43.653543307086615 1642,
626.4566929133858 1403.1496062992126 62.645669291338585 43.653543307086615 1
651.4015748031496 1403.1496062992126 75.11811023622047 43.653543307086615 p.
688.8188976377953 1403.1496062992126 137.48031496062993 43.653543307086615 in-fol.
776.4094488188977 1403.1496062992126 112.53543307086615 43.653543307086615 Légères

116.78740157480316 1428.3779527559054 229.3228346456693 43.37007874015748 taches.
283.748031496063 1428.3779527559054 270.99212598425197 43.37007874015748 (Coll.
492.09448818897636 1428.3779527559054 354.3307086614173 43.37007874015748 Rathery).
783.7795275590552 1428.3779527559054 125.00787401574803 43.37007874015748 10
825.4488188976378 1428.3779527559054 62.645669291338585 43.37007874015748 »
