904.5354330708661 1477.984251968504
397.13385826771656 9.354330708661417 83.33858267716535 24.944881889763778 —
430.5826771653543 9.354330708661417 100.06299212598425 24.944881889763778 19
464.0314960629921 9.354330708661417 50.173228346456696 24.944881889763778 —

126.70866141732283 61.511811023622045 137.48031496062993 37.98425196850393 poète,
222.8031496062992 61.511811023622045 137.48031496062993 37.98425196850393 membre
318.8976377952756 61.511811023622045 82.48818897637796 37.98425196850393 de
360.2834645669291 61.511811023622045 192.4724409448819 37.98425196850393 l’Académie
511.37007874015745 61.511811023622045 192.4724409448819 37.98425196850393 française.
662.4566929133858 61.511811023622045 68.5984251968504 37.98425196850393 —
689.9527559055118 61.511811023622045 82.48818897637796 37.98425196850393 L.
731.3385826771654 61.511811023622045 82.48818897637796 37.98425196850393 a.
772.4409448818898 61.511811023622045 82.48818897637796 37.98425196850393 s.
813.8267716535433 61.511811023622045 68.5984251968504 37.98425196850393 à
827.4330708661417 61.511811023622045 54.99212598425197 37.98425196850393 un

126.4251968503937 88.44094488188976 196.44094488188978 36.56692913385827 confrère;
277.51181102362204 88.44094488188976 151.08661417322836 36.56692913385827 Paris,
383.244094488189 88.44094488188976 75.4015748031496 36.56692913385827 3
413.29133858267716 88.44094488188976 181.13385826771653 36.56692913385827 novembre
549.3543307086615 88.44094488188976 136.06299212598427 36.56692913385827 1879,
639.7795275590552 88.44094488188976 75.4015748031496 36.56692913385827 2
670.1102362204724 88.44094488188976 90.70866141732283 36.56692913385827 p.
715.4645669291339 88.44094488188976 151.08661417322836 36.56692913385827 in-16.
821.1968503937007 88.44094488188976 75.4015748031496 36.56692913385827 8
836.2204724409448 88.44094488188976 45.354330708661415 36.56692913385827 »

122.74015748031496 136.06299212598427 90.14173228346456 32.59842519685039 Jolie
182.83464566929135 136.06299212598427 100.06299212598425 32.59842519685039 lettre
252.8503937007874 136.06299212598427 50.173228346456696 32.59842519685039 à
272.6929133858268 136.06299212598427 60.09448818897638 32.59842519685039 un
302.74015748031496 136.06299212598427 120.18897637795276 32.59842519685039 écrivain
392.88188976377955 136.06299212598427 70.01574803149606 32.59842519685039 qui
433.13385826771656 136.06299212598427 100.06299212598425 32.59842519685039 trouve
503.1496062992126 136.06299212598427 60.09448818897638 32.59842519685039 de
533.1968503937007 136.06299212598427 60.09448818897638 32.59842519685039 la
563.2440944881889 136.06299212598427 140.03149606299212 32.59842519685039 difficulté
673.2283464566929 136.06299212598427 50.173228346456696 32.59842519685039 à
693.3543307086615 136.06299212598427 90.14173228346456 32.59842519685039 faire
753.4488188976378 136.06299212598427 120.18897637795276 32.59842519685039 imprimer
833.3858267716536 136.06299212598427 50.173228346456696 32.59842519685039 son

104.03149606299213 155.90551181102362 117.35433070866142 32.031496062992126 premier
189.35433070866142 155.90551181102362 128.1259842519685 32.031496062992126 ouvrage.
285.4488188976378 155.90551181102362 106.58267716535433 32.031496062992126 «C’est
360.2834645669291 155.90551181102362 128.1259842519685 32.031496062992126 toujours
456.09448818897636 155.90551181102362 64.06299212598425 32.031496062992126 le
488.12598425196853 155.90551181102362 106.58267716535433 32.031496062992126 cercle
562.9606299212599 155.90551181102362 128.1259842519685 32.031496062992126 vicieux:
659.0551181102362 155.90551181102362 64.06299212598425 32.031496062992126 il
691.0866141732283 155.90551181102362 85.32283464566929 32.031496062992126 faut
744.3779527559055 155.90551181102362 85.32283464566929 32.031496062992126 être
786.8976377952756 155.90551181102362 96.09448818897638 32.031496062992126 imprimé

103.74803149606299 174.89763779527559 85.32283464566929 32.59842519685039 pour
157.3228346456693 174.89763779527559 85.32283464566929 32.59842519685039 être
210.61417322834646 174.89763779527559 106.86614173228347 32.59842519685039 connu,
285.1653543307087 174.89763779527559 85.32283464566929 32.59842519685039 mais
338.74015748031496 174.89763779527559 64.06299212598425 32.59842519685039 on
370.7716535433071 174.89763779527559 96.09448818897638 32.59842519685039 exige
434.8346456692913 174.89763779527559 74.83464566929133 32.59842519685039 que
477.3543307086614 174.89763779527559 128.1259842519685 32.59842519685039 l'auteur
573.4488188976378 174.89763779527559 85.32283464566929 32.59842519685039 soit
626.7401574803149 174.89763779527559 96.09448818897638 32.59842519685039 connu
690.8031496062993 174.89763779527559 85.32283464566929 32.59842519685039 pour
733.6062992125984 174.89763779527559 149.38582677165354 32.59842519685039 l'imprimer.»

25.511811023622048 223.6535433070866 138.33070866141733 38.55118110236221 43606.
122.45669291338582 223.6535433070866 138.33070866141733 38.55118110236221 TAUNAY
219.11811023622047 223.6535433070866 304.15748031496065 38.55118110236221 (Nicolas-Antoine),
481.6062992125984 223.6535433070866 151.93700787401573 38.55118110236221 célèbre
592.1574803149606 223.6535433070866 151.93700787401573 38.55118110236221 peintre
702.7086614173228 223.6535433070866 83.05511811023622 38.55118110236221 de
730.488188976378 223.6535433070866 151.93700787401573 38.55118110236221 paysages,

129.82677165354332 250.86614173228347 86.45669291338582 35.71653543307087 qui
179.43307086614172 250.86614173228347 86.45669291338582 35.71653543307087 fit
228.75590551181102 250.86614173228347 73.98425196850394 35.71653543307087 un
265.6062992125984 250.86614173228347 98.64566929133858 35.71653543307087 long
327.40157480314963 250.86614173228347 123.30708661417323 35.71653543307087 séjour
413.8582677165354 250.86614173228347 73.98425196850394 35.71653543307087 au
450.70866141732284 250.86614173228347 135.7795275590551 35.71653543307087 Brésil.
549.6377952755905 250.86614173228347 61.79527559055118 35.71653543307087 —
574.2992125984252 250.86614173228347 73.98425196850394 35.71653543307087 P.
611.1496062992126 250.86614173228347 73.98425196850394 35.71653543307087 a.
648.2834645669292 250.86614173228347 86.45669291338582 35.71653543307087 s.;
697.6062992125984 250.86614173228347 123.30708661417323 35.71653543307087 Paris,
784.0629921259842 250.86614173228347 73.98425196850394 35.71653543307087 24
808.7244094488188 250.86614173228347 73.98425196850394 35.71653543307087 plu-

115.08661417322834 276.37795275590554 238.11023622047244 35.71653543307087 viôse
273.8267716535433 276.37795275590554 158.74015748031496 35.71653543307087 an
353.1968503937008 276.37795275590554 185.38582677165354 35.71653543307087 II,
458.92913385826773 276.37795275590554 132.3779527559055 35.71653543307087 1
511.93700787401576 276.37795275590554 158.74015748031496 35.71653543307087 p.
591.3070866141733 276.37795275590554 238.11023622047244 35.71653543307087 in-4.
750.0472440944882 276.37795275590554 158.74015748031496 35.71653543307087 10
803.0551181102362 276.37795275590554 79.37007874015748 35.71653543307087 »

25.511811023622048 320.59842519685037 140.31496062992127 37.98425196850393 43607.
123.59055118110236 320.59842519685037 140.31496062992127 37.98425196850393 THOMAS
221.66929133858267 320.59842519685037 210.33070866141733 37.98425196850393 (Ambroise),
390.0472440944882 320.59842519685037 84.18897637795276 37.98425196850393 le
432.0 320.59842519685037 154.20472440944883 37.98425196850393 célèbre
544.2519685039371 320.59842519685037 210.33070866141733 37.98425196850393 compositeur
712.3464566929134 320.59842519685037 84.18897637795276 37.98425196850393 de
740.4094488188977 320.59842519685037 140.31496062992127 37.98425196850393 musique.

117.07086614173228 347.5275590551181 123.02362204724409 35.43307086614173 —
166.39370078740157 347.5275590551181 147.68503937007873 35.43307086614173 L.
240.09448818897638 347.5275590551181 147.68503937007873 35.43307086614173 a.
314.0787401574803 347.5275590551181 172.3464566929134 35.43307086614173 s.,
412.4409448818898 347.5275590551181 123.02362204724409 35.43307086614173 2
461.4803149606299 347.5275590551181 147.68503937007873 35.43307086614173 p.
535.4645669291339 347.5275590551181 172.3464566929134 35.43307086614173 1/2
633.8267716535433 347.5275590551181 221.38582677165354 35.43307086614173 in-8.
781.511811023622 347.5275590551181 123.02362204724409 35.43307086614173 4
806.1732283464567 347.5275590551181 73.7007874015748 35.43307086614173 »

25.228346456692915 394.5826771653543 131.5275590551181 37.7007874015748 43608.
117.35433070866142 394.5826771653543 131.5275590551181 37.7007874015748 TARTAS
209.1968503937008 394.5826771653543 157.88976377952756 37.7007874015748 (Emile),
327.68503937007875 394.5826771653543 157.88976377952756 37.7007874015748 général,
446.1732283464567 394.5826771653543 92.1259842519685 37.7007874015748 qui
498.8976377952756 394.5826771653543 105.16535433070867 37.7007874015748 prit
564.6614173228346 394.5826771653543 105.16535433070867 37.7007874015748 part
630.4251968503937 394.5826771653543 65.76377952755905 37.7007874015748 à
656.7874015748032 394.5826771653543 79.08661417322834 37.7007874015748 la
696.1889763779527 394.5826771653543 184.251968503937 37.7007874015748 répression
827.7165354330708 394.5826771653543 52.724409448818896 37.7007874015748 du

126.99212598425197 421.2283464566929 170.9291338582677 37.13385826771653 mouvement
258.5196850393701 421.2283464566929 210.61417322834646 37.13385826771653 républicain,
429.4488188976378 421.2283464566929 118.48818897637796 37.13385826771653 après
508.53543307086613 421.2283464566929 78.80314960629921 37.13385826771653 le
547.9370078740158 421.2283464566929 65.76377952755905 37.13385826771653 2
574.2992125984252 421.2283464566929 157.88976377952756 37.13385826771653 décembre
692.503937007874 421.2283464566929 118.48818897637796 37.13385826771653 1851,
758.2677165354331 421.2283464566929 118.48818897637796 37.13385826771653 député,

127.84251968503936 446.74015748031496 73.98425196850394 36.0 né
164.69291338582678 446.74015748031496 61.511811023622045 36.0 à
189.35433070866142 446.74015748031496 123.30708661417323 36.0 Mézin,
275.5275590551181 446.74015748031496 258.5196850393701 36.0 (Lot-et-Garonne).
497.1968503937008 446.74015748031496 61.511811023622045 36.0 —
521.8582677165355 446.74015748031496 73.98425196850394 36.0 P.
558.7086614173228 446.74015748031496 73.98425196850394 36.0 a.
595.8425196850394 446.74015748031496 86.1732283464567 36.0 s.,
644.8818897637796 446.74015748031496 61.511811023622045 36.0 1
669.5433070866142 446.74015748031496 73.98425196850394 36.0 p.
706.6771653543307 446.74015748031496 160.15748031496062 36.0 in-folio.
829.7007874015748 446.74015748031496 61.511811023622045 36.0 5
842.1732283464567 446.74015748031496 36.8503937007874 36.0 »

122.74015748031496 492.09448818897636 170.07874015748033 21.826771653543307 Proclamation
261.07086614173227 492.09448818897636 74.55118110236221 21.826771653543307 aux
303.59055118110234 492.09448818897636 138.33070866141733 21.826771653543307 électeurs
409.8897637795276 492.09448818897636 63.77952755905512 21.826771653543307 du
431.1496062992126 492.09448818897636 180.8503937007874 21.826771653543307 Lot

22.677165354330707 535.7480314960629 142.58267716535434 36.0 43609.
122.45669291338582 535.7480314960629 185.38582677165354 36.0 VARNHAGEN
265.03937007874015 535.7480314960629 142.58267716535434 36.0 D’ENSE
365.1023622047244 535.7480314960629 313.79527559055117 36.0 (Charles-Auguste),
636.0944881889764 535.7480314960629 157.03937007874015 36.0 célèbre
736.1574803149606 535.7480314960629 142.58267716535434 36.0 écrivain

126.14173228346456 563.2440944881889 178.01574803149606 32.881889763779526 allemand.
263.0551181102362 563.2440944881889 68.31496062992126 32.881889763779526 —
290.26771653543307 563.2440944881889 82.20472440944881 32.881889763779526 L.
331.37007874015745 563.2440944881889 82.20472440944881 32.881889763779526 a.
372.4724409448819 563.2440944881889 82.20472440944881 32.881889763779526 s.
413.5748031496063 563.2440944881889 68.31496062992126 32.881889763779526 à
441.07086614173227 563.2440944881889 123.30708661417323 32.881889763779526 HENRI
522.992125984252 563.2440944881889 136.91338582677164 32.881889763779526 HEINE;
618.8031496062993 563.2440944881889 150.51968503937007 32.881889763779526 Berlin,
728.503937007874 563.2440944881889 68.31496062992126 32.881889763779526 6
742.1102362204724 563.2440944881889 136.91338582677164 32.881889763779526 novembre

104.31496062992126 588.7559055118111 316.9133858267717 34.58267716535433 1843,
315.496062992126 588.7559055118111 176.03149606299212 34.58267716535433 1
385.79527559055117 588.7559055118111 211.1811023622047 34.58267716535433 p.
491.5275590551181 588.7559055118111 316.9133858267717 34.58267716535433 in-8.
702.7086614173228 588.7559055118111 211.1811023622047 34.58267716535433 10
773.007874015748 588.7559055118111 105.73228346456693 34.58267716535433 »

122.1732283464567 632.9763779527559 88.44094488188976 24.094488188976378 Jolie
181.41732283464566 632.9763779527559 98.36220472440945 24.094488188976378 lettre
250.29921259842519 632.9763779527559 58.960629921259844 24.094488188976378 où
279.7795275590551 632.9763779527559 58.960629921259844 24.094488188976378 il
309.25984251968504 632.9763779527559 88.44094488188976 24.094488188976378 salue
368.2204724409449 632.9763779527559 68.88188976377953 24.094488188976378 son
407.62204724409446 632.9763779527559 108.28346456692914 24.094488188976378 arrivée
486.4251968503937 632.9763779527559 68.88188976377953 24.094488188976378 sur
525.5433070866142 632.9763779527559 58.960629921259844 24.094488188976378 la
555.3070866141733 632.9763779527559 88.44094488188976 24.094488188976378 terre
614.2677165354331 632.9763779527559 137.76377952755905 24.094488188976378 allemande.
722.5511811023622 632.9763779527559 98.36220472440945 24.094488188976378 «Gruss
791.4330708661417 632.9763779527559 68.88188976377953 24.094488188976378 und
820.9133858267717 632.9763779527559 58.960629921259844 24.094488188976378 Heil

101.76377952755905 651.6850393700787 109.41732283464567 27.77952755905512 Ihnen
174.61417322834646 651.6850393700787 85.03937007874016 27.77952755905512 aũf
223.37007874015748 651.6850393700787 170.07874015748033 27.77952755905512 Deustschem
356.88188976377955 651.6850393700787 121.32283464566929 27.77952755905512 Boden!
441.9212598425197 651.6850393700787 182.26771653543307 27.77952755905512 Willkommen,
587.6220472440945 651.6850393700787 170.07874015748033 27.77952755905512 tausendmal
708.9448818897638 651.6850393700787 170.07874015748033 27.77952755905512 Willkommen!»

102.33070866141732 670.9606299212599 64.91338582677166 28.346456692913385 Il
134.64566929133858 670.9606299212599 75.68503937007874 28.346456692913385 lui
178.01574803149606 670.9606299212599 97.22834645669292 28.346456692913385 donne
242.64566929133858 670.9606299212599 118.77165354330708 28.346456692913385 ensuite
329.1023622047244 670.9606299212599 75.68503937007874 28.346456692913385 des
372.18897637795277 670.9606299212599 140.31496062992127 28.346456692913385 nouvelles
480.18897637795277 670.9606299212599 64.91338582677166 28.346456692913385 de
512.503937007874 670.9606299212599 64.91338582677166 28.346456692913385 sa
544.8188976377953 670.9606299212599 108.0 28.346456692913385 santé,
620.503937007874 670.9606299212599 75.68503937007874 28.346456692913385 qui
663.5905511811023 670.9606299212599 75.68503937007874 28.346456692913385 est
706.9606299212599 670.9606299212599 129.54330708661416 28.346456692913385 mauvaise
803.9055118110236 670.9606299212599 64.91338582677166 28.346456692913385 et
825.7322834645669 670.9606299212599 53.85826771653543 28.346456692913385 qui

102.33070866141732 689.9527559055118 135.49606299212599 24.37795275590551 l’empêche
206.64566929133858 689.9527559055118 114.80314960629921 24.37795275590551 d’aller
289.98425196850394 689.9527559055118 62.645669291338585 24.37795275590551 le
321.4488188976378 689.9527559055118 83.33858267716535 24.37795275590551 voir
373.6062992125984 689.9527559055118 52.15748031496063 24.37795275590551 à
383.81102362204723 689.9527559055118 114.80314960629921 24.37795275590551 Hambourg.

20.409448818897637 734.1732283464567 145.70078740157481 36.28346456692913 43610.
122.45669291338582 734.1732283464567 160.44094488188978 36.28346456692913 VENDOME
238.96062992125985 734.1732283464567 174.89763779527559 36.28346456692913 (Charles
370.20472440944883 734.1732283464567 87.59055118110236 36.28346456692913 de
414.1417322834646 734.1732283464567 174.89763779527559 36.28346456692913 BOURBON,
545.3858267716536 734.1732283464567 102.04724409448819 36.28346456692913 duc
603.496062992126 734.1732283464567 116.78740157480316 36.28346456692913 de),
676.6299212598425 734.1732283464567 204.09448818897638 36.28346456692913 grand-père
822.3307086614174 734.1732283464567 58.39370078740158 36.28346456692913 de

124.7244094488189 761.1023622047244 117.35433070866142 34.86614173228347 Henri
202.96062992125985 761.1023622047244 91.2755905511811 34.86614173228347 IV.
255.11811023622047 761.1023622047244 65.19685039370079 34.86614173228347 —
281.1968503937008 761.1023622047244 78.23622047244095 34.86614173228347 P.
320.31496062992125 761.1023622047244 91.2755905511811 34.86614173228347 s.,
372.4724409448819 761.1023622047244 91.2755905511811 34.86614173228347 sur
424.62992125984255 761.1023622047244 130.39370078740157 34.86614173228347 vélin;
515.9055118110236 761.1023622047244 78.23622047244095 34.86614173228347 31
555.0236220472441 761.1023622047244 156.4724409448819 34.86614173228347 décembre
672.3779527559055 761.1023622047244 117.35433070866142 34.86614173228347 1518,
750.6141732283464 761.1023622047244 65.19685039370079 34.86614173228347 1
776.6929133858267 761.1023622047244 78.23622047244095 34.86614173228347 p.
802.7716535433071 761.1023622047244 78.23622047244095 34.86614173228347 in

107.71653543307086 786.6141732283464 326.5511811023622 33.732283464566926 oblong.
345.25984251968504 786.6141732283464 475.0866141732283 33.732283464566926 Rare.
731.0551181102362 786.6141732283464 178.01574803149606 33.732283464566926 25
790.5826771653543 786.6141732283464 89.00787401574803 33.732283464566926 »

119.90551181102362 830.8346456692914 85.60629921259843 28.62992125984252 Reçu
173.48031496062993 830.8346456692914 64.06299212598425 28.62992125984252 de
205.51181102362204 830.8346456692914 74.83464566929133 28.62992125984252 ses
248.31496062992127 830.8346456692914 181.70078740157481 28.62992125984252 appointements
397.98425196850394 830.8346456692914 64.06299212598425 28.62992125984252 de
430.01574803149606 830.8346456692914 138.89763779527559 28.62992125984252 capitaine
536.8818897637796 830.8346456692914 64.06299212598425 28.62992125984252 de
568.9133858267717 830.8346456692914 64.06299212598425 28.62992125984252 70
600.9448818897638 830.8346456692914 106.86614173228347 28.62992125984252 lances
675.7795275590552 830.8346456692914 74.83464566929133 28.62992125984252 des
718.5826771653543 830.8346456692914 160.44094488188978 28.62992125984252 ordonnances
836.2204724409448 830.8346456692914 42.803149606299215 28.62992125984252 du

94.39370078740157 850.1102362204724 51.874015748031496 15.307086614173228 roi.

19.84251968503937 893.4803149606299 138.61417322834646 36.28346456692913 43611.
116.78740157480316 893.4803149606299 152.50393700787401 36.28346456692913 VENDOME
227.6220472440945 893.4803149606299 193.88976377952756 36.28346456692913 (Philippe,
380.12598425196853 893.4803149606299 138.61417322834646 36.28346456692913 prince
477.07086614173227 893.4803149606299 110.83464566929133 36.28346456692913 de),
546.5196850393701 893.4803149606299 152.50393700787401 36.28346456692913 célèbre
657.3543307086615 893.4803149606299 166.39370078740157 36.28346456692913 général,
768.1889763779527 893.4803149606299 110.83464566929133 36.28346456692913 grand-

121.88976377952756 921.2598425196851 137.1968503937008 34.58267716535433 prieur
217.98425196850394 921.2598425196851 82.48818897637796 34.58267716535433 de
259.0866141732283 921.2598425196851 151.08661417322836 34.58267716535433 France,
369.07086614173227 921.2598425196851 192.18897637795277 34.58267716535433 tristement
519.8740157480315 921.2598425196851 137.1968503937008 34.58267716535433 fameux
616.2519685039371 921.2598425196851 96.09448818897638 34.58267716535433 par
670.9606299212599 921.2598425196851 96.09448818897638 34.58267716535433 ses
712.3464566929134 921.2598425196851 164.69291338582678 34.58267716535433 débauches.

145.98425196850394 969.7322834645669 81.07086614173228 33.732283464566926 1°
186.51968503937007 969.7322834645669 81.07086614173228 33.732283464566926 L.
227.33858267716536 969.7322834645669 108.28346456692914 33.732283464566926 aut.
294.8031496062992 969.7322834645669 67.74803149606299 33.732283464566926 à
322.01574803149606 969.7322834645669 94.67716535433071 33.732283464566926 son
375.87401574803147 969.7322834645669 121.60629921259843 33.732283464566926 frère
457.2283464566929 969.7322834645669 202.96062992125985 33.732283464566926 (l’illustre
619.3700787401575 969.7322834645669 189.35433070866142 33.732283464566926 guerrier);
768.1889763779527 969.7322834645669 108.28346456692914 33.732283464566926 camp
822.3307086614174 969.7322834645669 54.14173228346457 33.732283464566926 du

122.74015748031496 994.9606299212599 134.36220472440945 32.031496062992126 Diblon,
220.53543307086613 994.9606299212599 73.41732283464567 32.031496062992126 29
257.1023622047244 994.9606299212599 158.74015748031496 32.031496062992126 septembre
379.2755905511811 994.9606299212599 109.98425196850394 32.031496062992126 1694,
452.6929133858268 994.9606299212599 60.94488188976378 32.031496062992126 2
477.07086614173227 994.9606299212599 73.41732283464567 32.031496062992126 p.
513.6377952755905 994.9606299212599 85.60629921259843 32.031496062992126 1/4
550.2047244094488 994.9606299212599 85.60629921259843 32.031496062992126 in

117.07086614173228 1042.2992125984251 77.95275590551181 28.913385826771652 Très
165.54330708661416 1042.2992125984251 87.59055118110236 28.913385826771652 belle
223.93700787401573 1042.2992125984251 97.22834645669292 28.913385826771652 lettre
292.251968503937 1042.2992125984251 58.39370078740158 28.913385826771652 où
321.1653543307087 1042.2992125984251 58.39370078740158 28.913385826771652 il
350.3622047244094 1042.2992125984251 58.39370078740158 28.913385826771652 le
379.5590551181102 1042.2992125984251 116.78740157480316 28.913385826771652 félicite
467.1496062992126 1042.2992125984251 58.39370078740158 28.913385826771652 de
496.34645669291336 1042.2992125984251 58.39370078740158 28.913385826771652 la
525.5433070866142 1042.2992125984251 87.59055118110236 28.913385826771652 grâce
583.9370078740158 1042.2992125984251 68.03149606299213 28.913385826771652 que
623.0551181102362 1042.2992125984251 58.39370078740158 28.913385826771652 le
652.2519685039371 1042.2992125984251 68.03149606299213 28.913385826771652 Roi
691.0866141732283 1042.2992125984251 87.59055118110236 28.913385826771652 vient
749.4803149606299 1042.2992125984251 58.39370078740158 28.913385826771652 de
778.6771653543307 1042.2992125984251 68.03149606299213 28.913385826771652 lui
807.8740157480315 1042.2992125984251 68.03149606299213 28.913385826771652 faire

96.66141732283465 1061.007874015748 64.91338582677166 29.480314960629922 en
128.9763779527559 1061.007874015748 151.37007874015748 29.480314960629922 l’appelant
248.03149606299212 1061.007874015748 64.91338582677166 29.480314960629922 au
280.34645669291336 1061.007874015748 172.91338582677164 29.480314960629922 commandement
420.9448818897638 1061.007874015748 97.22834645669292 29.480314960629922 d’une
485.5748031496063 1061.007874015748 108.0 29.480314960629922 armée.
561.2598425196851 1061.007874015748 129.82677165354332 29.480314960629922 Piquants
658.488188976378 1061.007874015748 118.77165354330708 29.480314960629922 détails
744.9448818897638 1061.007874015748 54.14173228346457 29.480314960629922 à
766.7716535433071 1061.007874015748 64.91338582677166 29.480314960629922 ce
788.3149606299213 1061.007874015748 86.45669291338582 29.480314960629922 sujet.

145.41732283464566 1104.0944881889764 82.48818897637796 34.58267716535433 2°
186.8031496062992 1104.0944881889764 82.48818897637796 34.58267716535433 L.
228.18897637795277 1104.0944881889764 82.48818897637796 34.58267716535433 a.
269.29133858267716 1104.0944881889764 82.48818897637796 34.58267716535433 s.
310.6771653543307 1104.0944881889764 82.48818897637796 34.58267716535433 au
352.06299212598424 1104.0944881889764 123.8740157480315 34.58267716535433 même;
434.5511811023622 1104.0944881889764 137.48031496062993 34.58267716535433 Paris,
530.9291338582677 1104.0944881889764 82.48818897637796 34.58267716535433 20
572.0314960629921 1104.0944881889764 109.98425196850394 34.58267716535433 mars
640.9133858267717 1104.0944881889764 123.8740157480315 34.58267716535433 1702,
723.4015748031496 1104.0944881889764 68.88188976377953 34.58267716535433 5
750.8976377952756 1104.0944881889764 82.48818897637796 34.58267716535433 p.
778.3937007874016 1104.0944881889764 96.37795275590551 34.58267716535433 in

121.32283464566929 1129.8897637795276 141.16535433070865 28.062992125984252 Légères
211.1811023622047 1129.8897637795276 115.37007874015748 28.062992125984252 taches.

114.51968503937007 1176.9448818897638 121.03937007874016 30.04724409448819 SUPERBE
202.6771653543307 1176.9448818897638 121.03937007874016 30.04724409448819 LETTRE,
290.8346456692913 1176.9448818897638 66.04724409448819 30.04724409448819 où
323.7165354330709 1176.9448818897638 66.04724409448819 30.04724409448819 il
356.88188976377955 1176.9448818897638 121.03937007874016 30.04724409448819 exprime
445.03937007874015 1176.9448818897638 66.04724409448819 30.04724409448819 le
477.9212598425197 1176.9448818897638 99.21259842519684 30.04724409448819 désir
543.9685039370079 1176.9448818897638 66.04724409448819 30.04724409448819 de
577.1338582677165 1176.9448818897638 110.26771653543307 30.04724409448819 servir
654.2362204724409 1176.9448818897638 88.15748031496064 30.04724409448819 sous
709.2283464566929 1176.9448818897638 77.10236220472441 30.04724409448819 ses
753.4488188976378 1176.9448818897638 121.03937007874016 30.04724409448819 ordres.
830.5511811023622 1176.9448818897638 43.93700787401575 30.04724409448819 Il

94.39370078740157 1196.2204724409448 100.06299212598425 29.19685039370079 parle
161.00787401574803 1196.2204724409448 155.90551181102362 29.19685039370079 longuement
283.46456692913387 1196.2204724409448 66.89763779527559 29.19685039370079 de
316.9133858267717 1196.2204724409448 66.89763779527559 29.19685039370079 sa
350.3622047244094 1196.2204724409448 133.51181102362204 29.19685039370079 mauvaise
450.70866141732284 1196.2204724409448 133.51181102362204 29.19685039370079 fortune.
550.7716535433071 1196.2204724409448 66.89763779527559 29.19685039370079 Le
584.2204724409448 1196.2204724409448 77.95275590551181 29.19685039370079 duc
628.7244094488188 1196.2204724409448 66.89763779527559 29.19685039370079 du
662.1732283464567 1196.2204724409448 100.06299212598425 29.19685039370079 Maine
728.7874015748032 1196.2204724409448 77.95275590551181 29.19685039370079 lui
773.5748031496063 1196.2204724409448 55.55905511811024 29.19685039370079 a
784.6299212598425 1196.2204724409448 89.00787401574803 29.19685039370079 promis

94.67716535433071 1216.0629921259842 77.95275590551181 30.89763779527559 son
139.1811023622047 1216.0629921259842 100.06299212598425 30.89763779527559 appui
205.79527559055117 1216.0629921259842 100.06299212598425 30.89763779527559 «pour
272.6929133858268 1216.0629921259842 122.45669291338582 30.89763779527559 tascher
361.7007874015748 1216.0629921259842 144.56692913385828 30.89763779527559 d’adoucyr
472.81889763779526 1216.0629921259842 66.61417322834646 30.89763779527559 un
506.26771653543307 1216.0629921259842 77.95275590551181 30.89763779527559 peu
550.7716535433071 1216.0629921259842 133.51181102362204 30.89763779527559 l’esprit
650.8346456692914 1216.0629921259842 66.61417322834646 30.89763779527559 du
684.2834645669292 1216.0629921259842 77.95275590551181 30.89763779527559 Roy
728.7874015748032 1216.0629921259842 77.95275590551181 30.89763779527559 sur
773.2913385826772 1216.0629921259842 77.95275590551181 30.89763779527559 mon
806.7401574803149 1216.0629921259842 66.61417322834646 30.89763779527559 cha-

93.8267716535433 1235.0551181102362 101.19685039370079 28.913385826771652 pitre,
164.69291338582678 1235.0551181102362 81.07086614173228 28.913385826771652 afin
215.43307086614172 1235.0551181102362 70.86614173228347 28.913385826771652 que
255.96850393700788 1235.0551181102362 111.4015748031496 28.913385826771652 lorsque
337.03937007874015 1235.0551181102362 60.661417322834644 28.913385826771652 je
367.37007874015745 1235.0551181102362 70.86614173228347 28.913385826771652 lui
407.90551181102364 1235.0551181102362 131.81102362204723 28.913385826771652 parleray,
509.1023622047244 1235.0551181102362 60.661417322834644 28.913385826771652 je
539.7165354330708 1235.0551181102362 101.19685039370079 28.913385826771652 puisse
610.5826771653543 1235.0551181102362 60.661417322834644 28.913385826771652 me
640.9133858267717 1235.0551181102362 111.4015748031496 28.913385826771652 flatter
721.9842519685039 1235.0551181102362 91.2755905511811 28.913385826771652 qu’il
772.7244094488188 1235.0551181102362 101.19685039370079 28.913385826771652 écoutera

94.39370078740157 1254.3307086614172 70.58267716535433 28.913385826771652 mes
134.9291338582677 1254.3307086614172 181.70078740157481 28.913385826771652 justifications
286.2992125984252 1254.3307086614172 70.58267716535433 28.913385826771652 ou,
326.8346456692913 1254.3307086614172 80.78740157480316 28.913385826771652 pour
377.29133858267716 1254.3307086614172 90.99212598425197 28.913385826771652 mieux
437.9527559055118 1254.3307086614172 90.99212598425197 28.913385826771652 dire,
498.61417322834643 1254.3307086614172 70.58267716535433 28.913385826771652 mes
538.8661417322835 1254.3307086614172 121.32283464566929 28.913385826771652 raisons.
629.8582677165355 1254.3307086614172 80.78740157480316 28.913385826771652 S’yl
680.3149606299213 1254.3307086614172 70.58267716535433 28.913385826771652 les
720.8503937007874 1254.3307086614172 100.91338582677166 28.913385826771652 trouve
781.2283464566929 1254.3307086614172 90.99212598425197 28.913385826771652 bonnes,

92.40944881889764 1273.3228346456692 60.94488188976378 29.480314960629922 je
123.02362204724409 1273.3228346456692 60.94488188976378 29.480314960629922 me
153.35433070866142 1273.3228346456692 81.07086614173228 29.480314960629922 suis
204.09448818897638 1273.3228346456692 81.07086614173228 29.480314960629922 déjà
254.5511811023622 1273.3228346456692 121.60629921259843 29.480314960629922 expliqué
345.8267716535433 1273.3228346456692 91.2755905511811 29.480314960629922 qu’il
406.7716535433071 1273.3228346456692 101.48031496062993 29.480314960629922 estoit
477.6377952755906 1273.3228346456692 60.94488188976378 29.480314960629922 le
508.251968503937 1273.3228346456692 111.4015748031496 29.480314960629922 maistre
589.3228346456693 1273.3228346456692 60.94488188976378 29.480314960629922 de
619.6535433070866 1273.3228346456692 60.94488188976378 29.480314960629922 se
649.9842519685039 1273.3228346456692 101.48031496062993 29.480314960629922 servir
721.1338582677165 1273.3228346456692 60.94488188976378 29.480314960629922 de
751.4645669291339 1273.3228346456692 70.86614173228347 29.480314960629922 qui
792.0 1273.3228346456692 70.86614173228347 29.480314960629922 bon
822.3307086614174 1273.3228346456692 50.74015748031496 29.480314960629922 luy

93.25984251968504 1292.3149606299212 133.79527559055117 29.480314960629922 sembloit
193.60629921259843 1292.3149606299212 66.89763779527559 29.480314960629922 et
227.0551181102362 1292.3149606299212 77.95275590551181 29.480314960629922 que
271.5590551181102 1292.3149606299212 66.89763779527559 29.480314960629922 je
305.00787401574803 1292.3149606299212 66.89763779527559 29.480314960629922 ne
338.45669291338584 1292.3149606299212 77.95275590551181 29.480314960629922 lui
382.96062992125985 1292.3149606299212 144.8503937007874 29.480314960629922 demandois
494.3622047244094 1292.3149606299212 77.95275590551181 29.480314960629922 que
538.8661417322835 1292.3149606299212 66.89763779527559 29.480314960629922 de
572.3149606299213 1292.3149606299212 66.89763779527559 29.480314960629922 me
605.7637795275591 1292.3149606299212 111.4015748031496 29.480314960629922 rendre
684.0 1292.3149606299212 144.8503937007874 29.480314960629922 l’honneur
795.4015748031496 1292.3149606299212 66.89763779527559 29.480314960629922 de
817.511811023622 1292.3149606299212 55.84251968503937 29.480314960629922 son

93.54330708661418 1311.8740157480315 102.33070866141732 30.04724409448819 estime
165.25984251968504 1311.8740157480315 61.511811023622045 30.04724409448819 et
195.8740157480315 1311.8740157480315 61.511811023622045 30.04724409448819 de
226.77165354330708 1311.8740157480315 71.71653543307086 30.04724409448819 son
267.59055118110234 1311.8740157480315 112.81889763779527 30.04724409448819 amitié,
349.79527559055117 1311.8740157480315 71.71653543307086 30.04724409448819 que
390.61417322834643 1311.8740157480315 61.511811023622045 30.04724409448819 je
421.51181102362204 1311.8740157480315 112.81889763779527 30.04724409448819 croiois
503.43307086614175 1311.8740157480315 112.81889763779527 30.04724409448819 mériter
585.3543307086615 1311.8740157480315 81.92125984251969 30.04724409448819 plus
636.6614173228346 1311.8740157480315 123.02362204724409 30.04724409448819 qu’aucun
728.7874015748032 1311.8740157480315 61.511811023622045 30.04724409448819 de
759.4015748031496 1311.8740157480315 71.71653543307086 30.04724409448819 ses
790.2992125984252 1311.8740157480315 81.92125984251969 30.04724409448819 sujets

92.40944881889764 1330.8661417322835 75.96850393700787 30.330708661417322 par
135.7795275590551 1330.8661417322835 75.96850393700787 30.330708661417322 mes
179.1496062992126 1330.8661417322835 130.11023622047244 30.330708661417322 services
276.66141732283467 1330.8661417322835 64.91338582677166 30.330708661417322 et
308.9763779527559 1330.8661417322835 64.91338582677166 30.330708661417322 ma
341.5748031496063 1330.8661417322835 130.11023622047244 30.330708661417322 fidélité
439.0866141732283 1330.8661417322835 64.91338582677166 30.330708661417322 et
471.68503937007875 1330.8661417322835 75.96850393700787 30.330708661417322 mon
515.0551181102362 1330.8661417322835 140.88188976377953 30.330708661417322 affection
623.3385826771654 1330.8661417322835 86.74015748031496 30.330708661417322 pour
677.4803149606299 1330.8661417322835 64.91338582677166 30.330708661417322 sa
710.0787401574803 1330.8661417322835 173.48031496062993 30.330708661417322 personne...»
839.9055118110236 1330.8661417322835 32.59842519685039 30.330708661417322 —

92.1259842519685 1350.4251968503936 144.8503937007874 30.330708661417322 (Philippe
203.5275590551181 1350.4251968503936 66.89763779527559 30.330708661417322 de
236.9763779527559 1350.4251968503936 122.74015748031496 30.330708661417322 Vendôme
326.26771653543307 1350.4251968503936 77.95275590551181 30.330708661417322 fut
370.7716535433071 1350.4251968503936 133.79527559055117 30.330708661417322 employé,
471.11811023622045 1350.4251968503936 89.29133858267717 30.330708661417322 mais
526.9606299212599 1350.4251968503936 66.89763779527559 30.330708661417322 il
560.4094488188977 1350.4251968503936 77.95275590551181 30.330708661417322 fut
604.9133858267717 1350.4251968503936 144.8503937007874 30.330708661417322 disgracié
716.3149606299213 1350.4251968503936 66.89763779527559 30.330708661417322 de
749.7637795275591 1350.4251968503936 122.74015748031496 30.330708661417322 nouveau
828.0 1350.4251968503936 44.503937007874015 30.330708661417322 en

93.54330708661418 1370.267716535433 87.02362204724409 24.661417322834644 1705,
151.37007874015748 1370.267716535433 87.02362204724409 24.661417322834644 après
209.48031496062993 1370.267716535433 58.110236220472444 24.661417322834644 la
238.39370078740157 1370.267716535433 115.93700787401575 24.661417322834644 bataille
325.4173228346457 1370.267716535433 58.110236220472444 24.661417322834644 de
344.6929133858268 1370.267716535433 106.2992125984252 24.661417322834644 Cassano.)

113.66929133858268 1413.3543307086613 254.26771653543307 33.16535433070866 Les
258.8031496062992 1413.3543307086613 290.5511811023622 33.16535433070866 deux
440.503937007874 1413.3543307086613 363.11811023622045 33.16535433070866 pièces
694.7716535433071 1413.3543307086613 217.98425196850394 33.16535433070866 45
767.3385826771654 1413.3543307086613 108.85039370078741 33.16535433070866 »
