922.6771653543307 1510.8661417322835
380.6929133858268 7.086614173228346 87.30708661417323 21.543307086614174 –
415.84251968503935 7.086614173228346 104.88188976377953 21.543307086614174 14
450.70866141732284 7.086614173228346 52.44094488188976 21.543307086614174 –

105.44881889763779 63.21259842519685 184.53543307086613 36.28346456692913 politique,
250.29921259842519 63.21259842519685 131.81102362204723 36.28346456692913 membre
342.4251968503937 63.21259842519685 79.08661417322834 36.28346456692913 de
381.8267716535433 63.21259842519685 184.53543307086613 36.28346456692913 l’Académie
526.6771653543307 63.21259842519685 184.53543307086613 36.28346456692913 française.
671.8110236220473 63.21259842519685 65.76377952755905 36.28346456692913 —
697.8897637795276 63.21259842519685 79.08661417322834 36.28346456692913 L.
737.5748031496063 63.21259842519685 79.08661417322834 36.28346456692913 a.
776.9763779527559 63.21259842519685 79.08661417322834 36.28346456692913 s.
816.6614173228346 63.21259842519685 65.76377952755905 36.28346456692913 à
829.7007874015748 63.21259842519685 52.724409448818896 36.28346456692913 un

99.49606299212599 90.4251968503937 152.78740157480314 34.58267716535433 ami;
194.74015748031496 90.4251968503937 190.77165354330708 34.58267716535433 Paris,
328.53543307086613 90.4251968503937 114.51968503937007 34.58267716535433 17
385.79527559055117 90.4251968503937 229.03937007874015 34.58267716535433 octobre,
557.2913385826772 90.4251968503937 95.5275590551181 34.58267716535433 3
595.5590551181102 90.4251968503937 114.51968503937007 34.58267716535433 p.
652.8188976377953 90.4251968503937 190.77165354330708 34.58267716535433 in-16.
786.3307086614174 90.4251968503937 114.51968503937007 34.58267716535433 10
824.5984251968504 90.4251968503937 57.25984251968504 34.58267716535433 »

102.33070866141732 136.91338582677164 130.11023622047244 28.062992125984252 CURIEUSE
199.84251968503938 136.91338582677164 119.05511811023622 28.062992125984252 LETTRE.
286.5826771653543 136.91338582677164 64.91338582677166 28.062992125984252 Il
318.8976377952756 136.91338582677164 97.51181102362204 28.062992125984252 n’est
384.09448818897636 136.91338582677164 64.91338582677166 28.062992125984252 de
416.40944881889766 136.91338582677164 75.96850393700787 28.062992125984252 pas
459.7795275590551 136.91338582677164 64.91338582677166 28.062992125984252 de
492.37795275590554 136.91338582677164 75.96850393700787 28.062992125984252 son
535.7480314960629 136.91338582677164 86.74015748031496 28.062992125984252 avis
589.8897637795276 136.91338582677164 75.96850393700787 28.062992125984252 sur
633.2598425196851 136.91338582677164 64.91338582677166 28.062992125984252 la
665.5748031496063 136.91338582677164 97.51181102362204 28.062992125984252 façon
730.7716535433071 136.91338582677164 64.91338582677166 28.062992125984252 de
763.3700787401575 136.91338582677164 119.05511811023622 28.062992125984252 traiter
839.0551181102362 136.91338582677164 43.37007874015748 28.062992125984252 le

82.48818897637796 157.03937007874015 114.23622047244095 27.496062992125985 clergé.
165.54330708661416 157.03937007874015 166.11023622047244 27.496062992125985 «N’avez-vous
300.4724409448819 157.03937007874015 72.56692913385827 27.496062992125985 pas
342.1417322834646 157.03937007874015 83.05511811023622 27.496062992125985 soif
394.01574803149606 157.03937007874015 83.05511811023622 27.496062992125985 d’en
445.8897637795276 157.03937007874015 93.54330708661418 27.496062992125985 finir
508.251968503937 157.03937007874015 83.05511811023622 27.496062992125985 avec
560.1259842519685 157.03937007874015 72.56692913385827 27.496062992125985 les
601.511811023622 157.03937007874015 134.9291338582677 27.496062992125985 questions
705.2598425196851 157.03937007874015 155.6220472440945 27.496062992125985 irritantes?
819.496062992126 157.03937007874015 62.36220472440945 27.496062992125985 Pre-

81.35433070866142 176.88188976377953 86.45669291338582 26.64566929133858 nons
135.49606299212599 176.88188976377953 64.91338582677166 26.64566929133858 le
167.81102362204723 176.88188976377953 86.45669291338582 26.64566929133858 pays
221.95275590551182 176.88188976377953 75.68503937007874 26.64566929133858 tel
265.3228346456693 176.88188976377953 97.51181102362204 26.64566929133858 qu’il
330.23622047244095 176.88188976377953 86.45669291338582 26.64566929133858 est,
384.37795275590554 176.88188976377953 162.4251968503937 26.64566929133858 donnons-lui
514.2047244094488 176.88188976377953 75.68503937007874 26.64566929133858 une
557.5748031496063 176.88188976377953 140.5984251968504 26.64566929133858 meilleure
665.5748031496063 176.88188976377953 108.28346456692914 26.64566929133858 armée,
741.5433070866142 176.88188976377953 64.91338582677166 26.64566929133858 de
763.0866141732283 176.88188976377953 119.05511811023622 26.64566929133858 meilleurs

81.07086614173228 196.44094488188978 140.5984251968504 27.77952755905512 finances,
189.35433070866142 196.44094488188978 64.91338582677166 27.77952755905512 de
221.66929133858267 196.44094488188978 140.5984251968504 27.77952755905512 meilleurs
329.9527559055118 196.44094488188978 119.05511811023622 27.77952755905512 traités
416.6929133858268 196.44094488188978 64.91338582677166 27.77952755905512 de
449.00787401574803 196.44094488188978 140.5984251968504 27.77952755905512 commerce,
557.2913385826772 196.44094488188978 75.68503937007874 27.77952755905512 une
600.6614173228346 196.44094488188978 140.5984251968504 27.77952755905512 meilleure
708.9448818897638 196.44094488188978 162.4251968503937 27.77952755905512 agriculture
828.0 196.44094488188978 54.14173228346457 27.77952755905512 que

79.65354330708661 217.13385826771653 139.46456692913387 29.19685039370079 l’Empire
184.251968503937 217.13385826771653 69.73228346456693 29.19685039370079 et
219.11811023622047 217.13385826771653 92.97637795275591 29.19685039370079 nous
277.2283464566929 217.13385826771653 116.22047244094489 29.19685039370079 aurons
358.5826771653543 217.13385826771653 92.97637795275591 29.19685039370079 fait
416.6929133858268 217.13385826771653 69.73228346456693 29.19685039370079 de
451.5590551181102 217.13385826771653 69.73228346456693 29.19685039370079 la
486.70866141732284 217.13385826771653 162.70866141732284 29.19685039370079 République
614.5511811023622 217.13385826771653 69.73228346456693 29.19685039370079 un
649.4173228346457 217.13385826771653 185.95275590551182 29.19685039370079 gouvernement
788.8818897637796 217.13385826771653 92.97637795275591 29.19685039370079 indes-

81.07086614173228 236.9763779527559 147.11811023622047 23.52755905511811 tructible.
196.7244094488189 236.9763779527559 94.67716535433071 23.52755905511811 Voilà
259.93700787401576 236.9763779527559 94.67716535433071 23.52755905511811 notre
322.86614173228344 236.9763779527559 84.18897637795276 23.52755905511811 vrai
375.59055118110234 236.9763779527559 94.67716535433071 23.52755905511811 champ
438.8031496062992 236.9763779527559 63.21259842519685 23.52755905511811 de
459.7795275590551 236.9763779527559 126.14173228346456 23.52755905511811 bataille!»

-2.5511811023622046 281.1968503937008 138.04724409448818 32.59842519685039 43560.
94.11023622047244 281.1968503937008 165.82677165354332 32.59842519685039 MICHELET
218.5511811023622 281.1968503937008 165.82677165354332 32.59842519685039 (Jules),
342.99212598425197 281.1968503937008 82.77165354330708 32.59842519685039 le
384.37795275590554 281.1968503937008 124.44094488188976 32.59842519685039 grand
467.43307086614175 281.1968503937008 193.3228346456693 32.59842519685039 historien.
619.3700787401575 281.1968503937008 69.16535433070867 32.59842519685039 —
646.8661417322835 281.1968503937008 82.77165354330708 32.59842519685039 L.
688.5354330708661 281.1968503937008 82.77165354330708 32.59842519685039 a.
729.9212598425197 281.1968503937008 82.77165354330708 32.59842519685039 s.
771.3070866141733 281.1968503937008 69.16535433070867 32.59842519685039 à
785.1968503937007 281.1968503937008 96.66141732283465 32.59842519685039 HENRI

97.22834645669292 308.40944881889766 217.70078740157481 31.748031496062993 HEINE;
249.73228346456693 308.40944881889766 130.6771653543307 31.748031496062993 18
314.92913385826773 308.40944881889766 174.33070866141733 31.748031496062993 août
424.06299212598424 308.40944881889766 195.8740157480315 31.748031496062993 1855,
554.7401574803149 308.40944881889766 108.85039370078741 31.748031496062993 1
598.1102362204724 308.40944881889766 130.6771653543307 31.748031496062993 p.
663.5905511811023 308.40944881889766 195.8740157480315 31.748031496062993 in-8.
794.2677165354331 308.40944881889766 108.85039370078741 31.748031496062993 5
816.0944881889764 308.40944881889766 65.19685039370079 31.748031496062993 »

102.61417322834646 354.8976377952756 96.09448818897638 24.37795275590551 Belle
166.6771653543307 354.8976377952756 64.06299212598425 24.37795275590551 et
198.70866141732284 354.8976377952756 160.15748031496062 24.37795275590551 affectueuse
326.8346456692913 354.8976377952756 117.35433070866142 24.37795275590551 lettre.
412.15748031496065 354.8976377952756 64.06299212598425 24.37795275590551 Il
444.18897637795277 354.8976377952756 128.1259842519685 24.37795275590551 s’excuse
540.2834645669292 354.8976377952756 117.35433070866142 24.37795275590551 d’avoir
625.6062992125984 354.8976377952756 96.09448818897638 24.37795275590551 tardé
689.6692913385826 354.8976377952756 53.29133858267716 24.37795275590551 à
711.2125984251968 354.8976377952756 74.83464566929133 24.37795275590551 lui
753.7322834645669 354.8976377952756 117.35433070866142 24.37795275590551 envoyer
828.5669291338583 354.8976377952756 53.29133858267716 24.37795275590551 les

80.78740157480316 375.0236220472441 197.5748031496063 24.661417322834644 remerciements
243.49606299212599 375.0236220472441 104.5984251968504 24.661417322834644 qu’il
313.2283464566929 375.0236220472441 92.97637795275591 24.661417322834644 doit
371.33858267716533 375.0236220472441 69.73228346456693 24.661417322834644 «à
406.20472440944883 375.0236220472441 104.5984251968504 24.661417322834644 notre
475.93700787401576 375.0236220472441 104.5984251968504 24.661417322834644 grand
545.6692913385826 375.0236220472441 104.5984251968504 24.661417322834644 poète
615.4015748031496 375.0236220472441 151.08661417322836 24.661417322834644 allemand,
731.6220472440945 375.0236220472441 58.110236220472444 24.661417322834644 à
754.8661417322835 375.0236220472441 104.5984251968504 24.661417322834644 notre
812.9763779527559 375.0236220472441 69.73228346456693 24.661417322834644 cher

83.62204724409449 395.43307086614175 106.58267716535433 22.393700787401574 Heine,
158.17322834645668 395.43307086614175 63.77952755905512 22.393700787401574 si
190.20472440944883 395.43307086614175 74.55118110236221 22.393700787401574 bon
232.7244094488189 395.43307086614175 85.03937007874016 22.393700787401574 pour
286.01574803149606 395.43307086614175 85.03937007874016 22.393700787401574 nous
339.3070866141732 395.43307086614175 63.77952755905512 22.393700787401574 et
371.0551181102362 395.43307086614175 63.77952755905512 22.393700787401574 si
392.31496062992125 395.43307086614175 127.84251968503936 22.393700787401574 français!»

1.984251968503937 442.20472440944883 142.29921259842519 28.62992125984252 43561.
101.48031496062993 442.20472440944883 142.29921259842519 28.62992125984252 MIGNOT
200.9763779527559 442.20472440944883 199.2755905511811 28.62992125984252 (Vincent),
357.4488188976378 442.20472440944883 199.2755905511811 28.62992125984252 historien,
513.9212598425197 442.20472440944883 128.1259842519685 28.62992125984252 neveu
599.2440944881889 442.20472440944883 85.32283464566929 28.62992125984252 de
642.0472440944882 442.20472440944883 184.8188976377953 28.62992125984252 Voltaire,
770.1732283464567 442.20472440944883 113.66929133858268 28.62992125984252 auteur

110.83464566929133 468.2834645669291 112.25196850393701 29.763779527559056 d’une
185.66929133858267 468.2834645669291 186.8031496062992 29.763779527559056 Histoire
335.0551181102362 468.2834645669291 74.83464566929133 29.763779527559056 de
372.4724409448819 468.2834645669291 149.38582677165354 29.763779527559056 l’empire
484.7244094488189 468.2834645669291 199.2755905511811 29.763779527559056 ottoman.
646.5826771653543 468.2834645669291 62.36220472440945 29.763779527559056 —
671.5275590551181 468.2834645669291 74.83464566929133 29.763779527559056 L.
708.9448818897638 468.2834645669291 74.83464566929133 29.763779527559056 a.
746.3622047244095 468.2834645669291 74.83464566929133 29.763779527559056 s.
783.496062992126 468.2834645669291 62.36220472440945 29.763779527559056 à
808.4409448818898 468.2834645669291 74.83464566929133 29.763779527559056 M.
833.3858267716536 468.2834645669291 49.889763779527556 29.763779527559056 de

105.73228346456693 495.496062992126 176.5984251968504 28.913385826771652 Laleu,
229.3228346456693 495.496062992126 88.44094488188976 28.913385826771652 1
264.4724409448819 495.496062992126 106.01574803149606 28.913385826771652 p.
317.4803149606299 495.496062992126 159.0236220472441 28.913385826771652 in-4,
423.496062992126 495.496062992126 176.5984251968504 28.913385826771652 cachet
547.0866141732283 495.496062992126 141.16535433070865 28.913385826771652 bien
635.5275590551181 495.496062992126 229.60629921259843 28.913385826771652 conservé.
812.1259842519685 495.496062992126 88.44094488188976 28.913385826771652 6
829.7007874015748 495.496062992126 53.00787401574803 28.913385826771652 »

105.73228346456693 541.7007874015748 62.92913385826772 21.826771653543307 Il
137.1968503937008 541.7007874015748 136.62992125984252 21.826771653543307 l’informe
242.36220472440945 541.7007874015748 73.7007874015748 21.826771653543307 que
284.31496062992125 541.7007874015748 62.92913385826772 21.826771653543307 le
316.06299212598424 541.7007874015748 73.7007874015748 21.826771653543307 roi
358.01574803149606 541.7007874015748 94.67716535433071 21.826771653543307 vient
420.9448818897638 541.7007874015748 62.92913385826772 21.826771653543307 de
452.6929133858268 541.7007874015748 62.92913385826772 21.826771653543307 le
484.15748031496065 541.7007874015748 105.16535433070867 21.826771653543307 nommer
557.5748031496063 541.7007874015748 52.44094488188976 21.826771653543307 à
578.8346456692914 541.7007874015748 73.7007874015748 21.826771653543307 une
620.7874015748032 541.7007874015748 105.16535433070867 21.826771653543307 petite
694.488188976378 541.7007874015748 115.65354330708661 21.826771653543307 abbaye,
778.3937007874016 541.7007874015748 62.92913385826772 21.826771653543307 ce
809.8582677165355 541.7007874015748 73.7007874015748 21.826771653543307 qui
841.6062992125984 541.7007874015748 41.95275590551181 21.826771653543307 va

85.32283464566929 561.5433070866142 60.94488188976378 23.52755905511811 le
115.93700787401575 561.5433070866142 101.48031496062993 23.52755905511811 mettre
186.8031496062992 561.5433070866142 60.94488188976378 23.52755905511811 un
217.41732283464566 561.5433070866142 71.14960629921259 23.52755905511811 peu
257.9527559055118 561.5433070866142 50.74015748031496 23.52755905511811 à
278.0787401574803 561.5433070866142 71.14960629921259 23.52755905511811 son
318.8976377952756 561.5433070866142 81.07086614173228 23.52755905511811 aise
369.6377952755906 561.5433070866142 60.94488188976378 23.52755905511811 et
399.9685039370079 561.5433070866142 71.14960629921259 23.52755905511811 lui
440.503937007874 561.5433070866142 131.81102362204723 23.52755905511811 permettre
541.9842519685039 561.5433070866142 60.94488188976378 23.52755905511811 de
572.5984251968504 561.5433070866142 152.2204724409449 23.52755905511811 s’acquitter
694.2047244094488 561.5433070866142 101.48031496062993 23.52755905511811 envers
755.1496062992126 561.5433070866142 60.94488188976378 23.52755905511811 lui.

1.4173228346456692 605.7637795275591 146.83464566929135 28.062992125984252 43562.
104.31496062992126 605.7637795275591 161.5748031496063 28.062992125984252 MIRBEAU
221.66929133858267 605.7637795275591 190.77165354330708 28.062992125984252 (Octave),
368.503937007874 605.7637795275591 176.03149606299212 28.062992125984252 écrivain
500.59842519685037 605.7637795275591 249.4488188976378 28.062992125984252 contemporain.
706.1102362204724 605.7637795275591 73.41732283464567 28.062992125984252 —
735.3070866141733 605.7637795275591 88.15748031496064 28.062992125984252 L.
779.5275590551181 605.7637795275591 88.15748031496064 28.062992125984252 a.
808.7244094488188 605.7637795275591 73.41732283464567 28.062992125984252 s.,

82.77165354330708 632.4094488188977 200.1259842519685 27.77952755905512 1
162.70866141732284 632.4094488188977 240.09448818897638 27.77952755905512 p.
282.61417322834643 632.4094488188977 280.06299212598424 27.77952755905512 1/2
442.7716535433071 632.4094488188977 399.9685039370079 27.77952755905512 in-12.
722.8346456692914 632.4094488188977 200.1259842519685 27.77952755905512 4
762.8031496062993 632.4094488188977 119.90551181102362 27.77952755905512 »

2.8346456692913384 682.0157480314961 140.03149606299212 28.062992125984252 43563.
100.62992125984252 682.0157480314961 111.96850393700787 28.062992125984252 MOLÉ
170.64566929133858 682.0157480314961 195.8740157480315 28.062992125984252 (Mathieu),
324.56692913385825 682.0157480314961 167.81102362204723 28.062992125984252 illustre
450.70866141732284 682.0157480314961 153.92125984251967 28.062992125984252 premier
562.3937007874016 682.0157480314961 181.98425196850394 28.062992125984252 président
702.4251968503937 682.0157480314961 83.90551181102362 28.062992125984252 du
730.488188976378 682.0157480314961 153.92125984251967 28.062992125984252 Parlement

111.11811023622047 708.3779527559055 77.10236220472441 27.212598425196852 de
149.66929133858267 708.3779527559055 115.65354330708661 27.212598425196852 Paris
226.77165354330708 708.3779527559055 77.10236220472441 27.212598425196852 et
265.3228346456693 708.3779527559055 115.65354330708661 27.212598425196852 garde
342.4251968503937 708.3779527559055 90.14173228346456 27.212598425196852 des
394.01574803149606 708.3779527559055 141.4488188976378 27.212598425196852 sceaux.
496.9133858267717 708.3779527559055 64.34645669291339 27.212598425196852 —
522.7086614173228 708.3779527559055 77.10236220472441 27.212598425196852 L.
561.2598425196851 708.3779527559055 64.34645669291339 27.212598425196852 a
586.7716535433071 708.3779527559055 77.10236220472441 27.212598425196852 s.
625.6062992125984 708.3779527559055 77.10236220472441 27.212598425196852 (à
664.1574803149606 708.3779527559055 167.24409448818898 27.212598425196852 Mazarin);
779.8110236220473 708.3779527559055 102.89763779527559 27.212598425196852 Paris,

98.92913385826772 734.7401574803149 147.11811023622047 28.62992125984252 26
172.3464566929134 734.7401574803149 195.8740157480315 28.62992125984252 oct.
294.8031496062992 734.7401574803149 220.53543307086613 28.62992125984252 1652,
441.6377952755906 734.7401574803149 122.45669291338582 28.62992125984252 1
490.6771653543307 734.7401574803149 147.11811023622047 28.62992125984252 p.
564.3779527559055 734.7401574803149 269.5748031496063 28.62992125984252 in-fol.
760.2519685039371 734.7401574803149 147.11811023622047 28.62992125984252 50
809.2913385826772 734.7401574803149 73.41732283464567 28.62992125984252 »

108.0 781.2283464566929 109.98425196850394 22.11023622047244 Superbe
187.93700787401573 781.2283464566929 100.06299212598425 22.11023622047244 lettre
257.9527559055118 781.2283464566929 70.01574803149606 22.11023622047244 sur
297.9212598425197 781.2283464566929 189.92125984251967 22.11023622047244 l’établissement
457.79527559055117 781.2283464566929 60.09448818897638 22.11023622047244 de
487.5590551181102 781.2283464566929 140.03149606299212 22.11023622047244 l’autorité
587.6220472440945 781.2283464566929 89.85826771653544 22.11023622047244 royale.

4.535433070866142 816.3779527559055 149.10236220472441 35.43307086614173 43564.
109.13385826771653 816.3779527559055 164.1259842519685 35.43307086614173 MOLIÈRE
228.4724409448819 816.3779527559055 566.9291338582677 35.43307086614173 (Armande-Grésinde-Claire-Élisabeth
735.8740157480315 816.3779527559055 149.10236220472441 35.43307086614173 BÉJART),

111.96850393700787 848.4094488188977 142.01574803149606 28.913385826771652 célèbre
215.43307086614172 848.4094488188977 155.0551181102362 28.913385826771652 actrice,
331.65354330708664 848.4094488188977 116.22047244094489 28.913385826771652 femme
409.03937007874015 848.4094488188977 77.38582677165354 28.913385826771652 de
447.87401574803147 848.4094488188977 180.8503937007874 28.913385826771652 l’immortel
589.8897637795276 848.4094488188977 167.81102362204723 28.913385826771652 écrivain.
718.8661417322835 848.4094488188977 64.62992125984252 28.913385826771652 —
744.6614173228346 848.4094488188977 77.38582677165354 28.913385826771652 P.
783.496062992126 848.4094488188977 90.4251968503937 28.913385826771652 s.,
822.0472440944882 848.4094488188977 64.62992125984252 28.913385826771652 sur

113.38582677165354 874.7716535433071 116.78740157480316 30.330708661417322 vélin;
195.0236220472441 874.7716535433071 116.78740157480316 30.330708661417322 Paris,
276.9448818897638 874.7716535433071 81.92125984251969 30.330708661417322 1er
323.7165354330709 874.7716535433071 93.54330708661418 30.330708661417322 mars
382.1102362204724 874.7716535433071 105.16535433070867 30.330708661417322 1681,
452.40944881889766 874.7716535433071 58.39370078740158 30.330708661417322 1
475.65354330708664 874.7716535433071 70.01574803149606 30.330708661417322 p.
510.8031496062992 874.7716535433071 105.16535433070867 30.330708661417322 in-12
581.1023622047244 874.7716535433071 128.69291338582678 30.330708661417322 oblong.
674.6456692913385 874.7716535433071 187.08661417322836 30.330708661417322 Rare.
826.5826771653543 874.7716535433071 70.01574803149606 30.330708661417322 60
849.8267716535433 874.7716535433071 35.1496062992126 30.330708661417322 »

108.0 919.8425196850394 142.58267716535434 25.79527559055118 Quittance
217.70078740157481 919.8425196850394 65.76377952755905 25.79527559055118 de
250.58267716535434 919.8425196850394 109.7007874015748 25.79527559055118 rentes
327.40157480314963 919.8425196850394 65.76377952755905 25.79527559055118 où
360.2834645669291 919.8425196850394 87.59055118110236 25.79527559055118 elle
415.2755905511811 919.8425196850394 98.64566929133858 25.79527559055118 prend
481.03937007874015 919.8425196850394 65.76377952755905 25.79527559055118 la
513.9212598425197 919.8425196850394 120.75590551181102 25.79527559055118 qualité
601.511811023622 919.8425196850394 65.76377952755905 25.79527559055118 de
634.3937007874016 919.8425196850394 98.64566929133858 25.79527559055118 veuve
700.1574803149606 919.8425196850394 65.76377952755905 25.79527559055118 de
722.2677165354331 919.8425196850394 164.40944881889763 25.79527559055118 Jean

87.59055118110236 944.7874015748032 149.95275590551182 21.25984251968504 Pocquelin,
205.51181102362204 944.7874015748032 96.37795275590551 21.25984251968504 sieur
269.5748031496063 944.7874015748032 64.34645669291339 21.25984251968504 de
291.11811023622045 944.7874015748032 107.14960629921259 21.25984251968504 Molière.

7.086614173228346 986.1732283464567 135.49606299212599 32.31496062992126 43565.
102.04724409448819 986.1732283464567 135.49606299212599 32.31496062992126 NOBLET
196.7244094488189 986.1732283464567 189.63779527559055 32.31496062992126 (Georges),
345.54330708661416 986.1732283464567 148.8188976377953 32.31496062992126 célèbre
454.1102362204724 986.1732283464567 148.8188976377953 32.31496062992126 artiste
562.3937007874016 986.1732283464567 94.67716535433071 32.31496062992126 des
616.5354330708661 986.1732283464567 162.4251968503937 32.31496062992126 théâtres
738.4251968503937 986.1732283464567 81.35433070866142 32.31496062992126 du
765.3543307086615 986.1732283464567 121.88976377952756 32.31496062992126 Gymnase

114.51968503937007 1012.2519685039371 77.10236220472441 31.748031496062993 et
153.0708661417323 1012.2519685039371 77.10236220472441 31.748031496062993 du
191.6220472440945 1012.2519685039371 193.03937007874015 31.748031496062993 Vaudeville.
346.1102362204724 1012.2519685039371 64.34645669291339 31.748031496062993 —
371.90551181102364 1012.2519685039371 77.10236220472441 31.748031496062993 L.
410.45669291338584 1012.2519685039371 77.10236220472441 31.748031496062993 a.
449.00787401574803 1012.2519685039371 90.14173228346456 31.748031496062993 s.,
500.59842519685037 1012.2519685039371 90.14173228346456 31.748031496062993 sur
551.9055118110236 1012.2519685039371 90.14173228346456 31.748031496062993 une
590.7401574803149 1012.2519685039371 295.93700787401576 31.748031496062993 carte

102.89763779527559 1039.1811023622047 118.77165354330708 33.16535433070866 2
150.51968503937007 1039.1811023622047 142.58267716535434 33.16535433070866 p.
221.66929133858267 1039.1811023622047 237.54330708661416 33.16535433070866 in-12.
388.06299212598424 1039.1811023622047 475.0866141732283 33.16535433070866 Curieuse.
791.7165354330708 1039.1811023622047 118.77165354330708 33.16535433070866 3
815.5275590551181 1039.1811023622047 71.14960629921259 33.16535433070866 »

6.519685039370079 1087.9370078740158 154.48818897637796 33.16535433070866 43566.
114.51968503937007 1087.9370078740158 154.48818897637796 33.16535433070866 ONSLOW
222.51968503937007 1087.9370078740158 216.28346456692913 33.16535433070866 (Georges),
392.59842519685037 1087.9370078740158 169.79527559055117 33.16535433070866 célèbre
515.9055118110236 1087.9370078740158 231.59055118110237 33.16535433070866 compositeur
701.2913385826772 1087.9370078740158 92.69291338582677 33.16535433070866 de
732.1889763779527 1087.9370078740158 154.48818897637796 33.16535433070866 musique,

113.10236220472441 1114.8661417322835 157.88976377952756 32.881889763779526 membre
223.6535433070866 1114.8661417322835 94.67716535433071 32.881889763779526 de
270.99212598425197 1114.8661417322835 236.69291338582678 32.881889763779526 l’Institut.
460.34645669291336 1114.8661417322835 78.80314960629921 32.881889763779526 —
492.09448818897636 1114.8661417322835 94.67716535433071 32.881889763779526 L.
539.4330708661417 1114.8661417322835 94.67716535433071 32.881889763779526 a.
586.7716535433071 1114.8661417322835 110.55118110236221 32.881889763779526 s.,
649.9842519685039 1114.8661417322835 78.80314960629921 32.881889763779526 2
681.4488188976378 1114.8661417322835 94.67716535433071 32.881889763779526 p.
728.7874015748032 1114.8661417322835 142.01574803149606 32.881889763779526 in-4.
823.4645669291339 1114.8661417322835 78.80314960629921 32.881889763779526 4
839.3385826771654 1114.8661417322835 47.338582677165356 32.881889763779526 »

9.637795275590552 1163.3385826771653 139.46456692913387 34.2992125984252 43567.
107.14960629921259 1163.3385826771653 153.35433070866142 34.2992125984252 PAGANEL
218.83464566929135 1163.3385826771653 181.41732283464566 34.2992125984252 (Pierre),
358.2992125984252 1163.3385826771653 139.46456692913387 34.2992125984252 député
456.09448818897636 1163.3385826771653 83.62204724409449 34.2992125984252 du
497.76377952755905 1163.3385826771653 251.1496062992126 34.2992125984252 Lot-et-Garonne
706.9606299212599 1163.3385826771653 69.73228346456693 34.2992125984252 à
735.0236220472441 1163.3385826771653 83.62204724409449 34.2992125984252 la
762.8031496062993 1163.3385826771653 125.5748031496063 34.2992125984252 Conven-

115.65354330708661 1188.5669291338584 113.95275590551181 33.44881889763779 tion.
191.6220472440945 1188.5669291338584 63.21259842519685 33.44881889763779 —
216.8503937007874 1188.5669291338584 75.96850393700787 33.44881889763779 L.
254.83464566929135 1188.5669291338584 75.96850393700787 33.44881889763779 a.
292.81889763779526 1188.5669291338584 75.96850393700787 33.44881889763779 s.
330.8031496062992 1188.5669291338584 63.21259842519685 33.44881889763779 à
356.0314960629921 1188.5669291338584 139.1811023622047 33.44881889763779 Charles
457.2283464566929 1188.5669291338584 177.16535433070865 33.44881889763779 Delacroix;
596.4094488188977 1188.5669291338584 126.4251968503937 33.44881889763779 Paris,
684.8503937007874 1188.5669291338584 63.21259842519685 33.44881889763779 8
710.0787401574803 1188.5669291338584 126.4251968503937 33.44881889763779 nivôse
798.8031496062993 1188.5669291338584 75.96850393700787 33.44881889763779 an
824.0314960629921 1188.5669291338584 63.21259842519685 33.44881889763779 VI,

74.83464566929133 1214.9291338582677 270.99212598425197 36.0 2
183.11811023622047 1214.9291338582677 325.13385826771656 36.0 p.
345.8267716535433 1214.9291338582677 487.84251968503935 36.0 in-8.
670.9606299212599 1214.9291338582677 270.99212598425197 36.0 5
725.1023622047244 1214.9291338582677 162.70866141732284 36.0 »

10.488188976377952 1263.4015748031495 137.48031496062993 37.7007874015748 43568.
106.58267716535433 1263.4015748031495 151.08661417322836 37.7007874015748 PALAFOX
216.28346456692913 1263.4015748031495 178.58267716535434 37.7007874015748 (Joseph),
353.76377952755905 1263.4015748031495 151.08661417322836 37.7007874015748 célèbre
463.748031496063 1263.4015748031495 151.08661417322836 37.7007874015748 général
573.4488188976378 1263.4015748031495 178.58267716535434 37.7007874015748 espagnol,
710.9291338582677 1263.4015748031495 96.09448818897638 37.7007874015748 qui
752.0314960629921 1263.4015748031495 137.48031496062993 37.7007874015748 défendit

118.20472440944881 1289.763779527559 170.07874015748033 36.8503937007874 Saragosse
248.88188976377953 1289.763779527559 130.96062992125985 36.8503937007874 contre
340.4409448818898 1289.763779527559 91.55905511811024 36.8503937007874 les
392.88188976377955 1289.763779527559 170.07874015748033 36.8503937007874 Français.
523.8425196850394 1289.763779527559 65.48031496062993 36.8503937007874 —
549.9212598425197 1289.763779527559 78.51968503937007 36.8503937007874 L.
589.0393700787401 1289.763779527559 78.51968503937007 36.8503937007874 a.
628.4409448818898 1289.763779527559 78.51968503937007 36.8503937007874 s.
667.5590551181102 1289.763779527559 78.51968503937007 36.8503937007874 au
706.9606299212599 1289.763779527559 144.0 36.8503937007874 général
798.5196850393701 1289.763779527559 91.55905511811024 36.8503937007874 Thou-

109.7007874015748 1316.1259842519685 216.28346456692913 37.7007874015748 venot,
261.07086614173227 1316.1259842519685 108.0 37.7007874015748 1
304.15748031496065 1316.1259842519685 129.82677165354332 37.7007874015748 p.
369.07086614173227 1316.1259842519685 194.74015748031496 37.7007874015748 in-4.
498.8976377952756 1316.1259842519685 346.1102362204724 37.7007874015748 Rare.
780.0944881889764 1316.1259842519685 129.82677165354332 37.7007874015748 15
823.1811023622047 1316.1259842519685 64.91338582677166 37.7007874015748 »

115.08661417322834 1361.4803149606298 61.22834645669291 31.181102362204726 Il
145.70078740157481 1361.4803149606298 61.22834645669291 31.181102362204726 le
176.31496062992127 1361.4803149606298 81.63779527559055 31.181102362204726 prie
227.33858267716536 1361.4803149606298 61.22834645669291 31.181102362204726 de
257.9527559055118 1361.4803149606298 112.25196850393701 31.181102362204726 vouloir
339.59055118110234 1361.4803149606298 81.63779527559055 31.181102362204726 bien
390.61417322834643 1361.4803149606298 71.43307086614173 31.181102362204726 lui
431.43307086614175 1361.4803149606298 91.84251968503936 31.181102362204726 faire
492.66141732283467 1361.4803149606298 122.45669291338582 31.181102362204726 remettre
584.503937007874 1361.4803149606298 71.43307086614173 31.181102362204726 son
625.3228346456693 1361.4803149606298 102.04724409448819 31.181102362204726 sabre,
696.7559055118111 1361.4803149606298 71.43307086614173 31.181102362204726 qui
737.5748031496063 1361.4803149606298 81.63779527559055 31.181102362204726 «est
788.5984251968504 1361.4803149606298 61.22834645669291 31.181102362204726 en
809.007874015748 1361.4803149606298 81.63779527559055 31.181102362204726 argent

94.96062992125984 1390.6771653543308 83.62204724409449 17.007874015748033 avec
147.11811023622047 1390.6771653543308 73.13385826771653 17.007874015748033 des
178.58267716535434 1390.6771653543308 156.4724409448819 17.007874015748033 bas

14.173228346456693 1417.8897637795276 151.08661417322836 45.354330708661415 43569.
119.90551181102362 1417.8897637795276 211.46456692913387 45.354330708661415 PHÉLYPEAUX
285.73228346456693 1417.8897637795276 166.11023622047244 45.354330708661415 (Paul),
406.7716535433071 1417.8897637795276 166.11023622047244 45.354330708661415 premier
527.5275590551181 1417.8897637795276 135.7795275590551 45.354330708661415 comte
617.9527559055118 1417.8897637795276 90.70866141732283 45.354330708661415 de
648.2834645669292 1417.8897637795276 241.51181102362204 45.354330708661415 Pontchartrain,

119.33858267716535 1449.6377952755906 183.11811023622047 37.98425196850393 conseiller
263.33858267716533 1449.6377952755906 130.96062992125985 37.98425196850393 d’Etat
354.8976377952756 1449.6377952755906 104.5984251968504 37.98425196850393 sous
420.37795275590554 1449.6377952755906 117.92125984251969 37.98425196850393 Henri
498.8976377952756 1449.6377952755906 91.55905511811024 37.98425196850393 IV,
551.3385826771654 1449.6377952755906 130.96062992125985 37.98425196850393 fidèle
642.8976377952756 1449.6377952755906 170.07874015748033 37.98425196850393 serviteur
773.5748031496063 1449.6377952755906 78.51968503937007 37.98425196850393 de
799.9370078740158 1449.6377952755906 91.55905511811024 37.98425196850393 Marie
