3227 5375
1320 46 374 87 —
1470 46 374 87 3
1545 46 224 87 —

7 215 496 130 43461.
354 215 545 130 ANTOINE
751 215 297 130 DE
899 215 595 130 BOURBON,
1345 215 347 130 roi
1544 215 297 130 de
1692 215 595 130 Navarre,
2138 215 396 130 père
2386 215 297 130 de
2535 215 446 130 Henri
2782 215 248 130 IV.

375 306 222 125 —
463 306 266 125 L.
596 306 310 125 s.,
774 306 355 125 avec
995 306 266 125 la
1128 306 709 125 souscription
1704 306 399 125 aut.,
1970 306 222 125 à
2059 306 576 125 Sébastien
2502 306 266 125 de
2591 306 443 125 l'Aubes-

370 396 451 129 pine,
670 396 751 129 ambassadeur
1271 396 300 129 en
1422 396 601 129 Espagne;
1822 396 1202 129 Saint

354 485 361 125 3
498 485 867 125 décembre
1149 485 650 125 1561,
1582 485 361 125 2
1727 485 434 125 p.
1943 485 939 125 in-folio.
2666 485 434 125 25
2810 485 217 125 »

364 655 329 104 PIÈCE
584 655 549 104 HISTORIQUE.
1023 655 220 104 Il
1133 655 476 104 l’informe
1499 655 256 104 que
1645 655 366 104 depuis
1901 655 220 104 sa
2011 655 439 104 dernière
2341 655 366 104 lettre
2597 655 220 104 il
2707 655 183 104 a
2780 655 220 104 eu
2853 655 183 104 une

297 724 600 104 conversation
785 724 300 104 avec
973 724 638 104 l’ambassadeur
1498 724 525 104 d’Espagne,
1911 724 263 104 qui
2061 724 263 104 lui
2211 724 188 104 a
2286 724 338 104 donné
2511 724 263 104 bon
2661 724 375 104 espoir
2886 724 150 104 au

300 792 333 101 sujet
522 792 259 101 des
670 792 518 101 intentions
1077 792 222 101 du
1188 792 259 101 roi
1336 792 481 101 d’Espagne
1706 792 592 101 relativement
2187 792 185 101 à
2261 792 222 101 la
2372 792 444 101 Navarre.
2705 792 296 101 Afin
2853 792 185 101 que

296 859 235 98 M.
413 859 235 98 de
531 859 588 98 l’Aubespine
1002 859 314 98 soit
1198 859 235 98 au
1315 859 431 98 courant
1629 859 235 98 de
1747 859 275 98 ses
1904 859 549 98 intentions
2335 859 235 98 il
2453 859 275 98 lui
2610 859 392 98 envoie
2845 859 196 98 des

299 930 601 93 instructions
788 930 263 93 par
938 930 226 93 un
1051 930 451 93 courrier
1389 930 301 93 très
1577 930 263 93 sûr
1728 930 226 93 et
1840 930 263 93 lui
1991 930 338 93 donne
2216 930 301 93 dans
2404 930 338 93 cette
2630 930 376 93 lettre
2855 930 188 93 des

300 995 592 99 instructions
781 995 481 99 générales
1152 995 296 99 pour
1337 995 222 99 la
1448 995 481 99 direction
1818 995 259 99 des
1966 995 629 99 négociations.
2485 995 333 99 «Vous
2670 995 370 99 entendez

295 1063 493 98 Monsieur
665 1063 247 98 de
788 1063 452 98 Lymoges
1117 1063 411 98 mieulx
1404 1063 288 98 que
1569 1063 247 98 je
1692 1063 247 98 ne
1815 1063 329 98 vous
2021 1063 329 98 puys
2226 1063 493 98 escrire,
2596 1063 370 98 comme
2801 1063 247 98 cest

302 1131 392 96 affaire
587 1131 214 96 se
694 1131 285 96 doyt
872 1131 392 96 manyer,
1157 1131 249 96 qui
1300 1131 285 96 fera
1478 1131 249 96 que
1620 1131 214 96 je
1727 1131 249 96 men
1870 1131 463 96 remectray
2226 1131 178 96 a
2297 1131 321 96 vous,
2511 1131 249 96 qui
2618 1131 427 96 considerez

299 1200 305 95 bien
490 1200 343 95 aussi
718 1200 267 95 que
871 1200 267 95 mes
1024 1200 648 95 predecesseurs
1558 1200 229 95 et
1672 1200 305 95 moy,
1863 1200 420 95 n’avons
2168 1200 267 95 pas
2320 1200 420 95 actendu
2625 1200 229 95 si
2702 1200 343 95 longue-

301 1267 301 94 ment
489 1267 225 94 la
602 1267 376 94 raison
865 1267 301 94 d’un
1053 1267 225 94 si
1166 1267 301 94 beau
1353 1267 225 94 et
1466 1267 225 94 si
1579 1267 376 94 ancien
1842 1267 413 94 Royaume
2142 1267 263 94 que
2293 1267 338 94 celuy
2518 1267 301 94 dont
2706 1267 225 94 je
2781 1267 263 94 porte

300 1334 217 99 le
408 1334 397 99 tiltre,
697 1334 289 99 pour
878 1334 217 99 me
986 1334 470 99 contanter
1347 1334 217 99 de
1456 1334 289 99 peu,
1636 1334 217 99 ne
1745 1334 217 99 de
1853 1334 325 99 chose
2070 1334 253 99 qui
2214 1334 217 99 ne
2323 1334 289 99 fust
2503 1334 325 99 digne
2720 1334 217 99 de
2792 1334 253 99 moy.»

7 1506 552 111 43462.
393 1506 607 111 ARNOULD
835 1506 717 111 (Arthur),
1386 1506 552 111 membre
1773 1506 331 111 de
1938 1506 331 111 la
2104 1506 607 111 Commune
2545 1506 331 111 de
2656 1506 386 111 1871,

384 1596 496 114 célèbre
744 1596 631 114 romancier.
1240 1596 225 114 —
1330 1596 225 114 3
1420 1596 270 114 l.
1555 1596 270 114 a.
1690 1596 315 114 s.;
1871 1596 496 114 Genève,
2231 1596 405 114 1879,
2501 1596 270 114 10
2637 1596 270 114 p.
2727 1596 315 114 in

2775 1698 320 68 15
2881 1698 160 68 »

369 1858 607 86 Intéressantes
869 1858 393 86 lettres
1154 1858 214 86 où
1262 1858 214 86 il
1369 1858 428 86 critique
1690 1858 214 86 la
1797 1858 464 86 politique
2154 1858 214 86 du
2261 1858 321 86 parti
2475 1858 535 86 républicain
2868 1858 178 86 qui

300 1926 476 96 s’attache
666 1926 293 96 plus
850 1926 256 96 aux
996 1926 622 96 personnalités
1508 1926 366 96 qu’aux
1765 1926 513 96 principes.
2167 1926 329 96 «Tant
2387 1926 256 96 que
2533 1926 329 96 Grévy
2753 1926 293 96 sera
2900 1926 146 96 là

300 1995 214 85 il
407 1995 250 85 n’y
550 1995 286 85 aura
729 1995 250 85 pas
872 1995 321 85 péril
1086 1995 214 85 en
1193 1995 214 85 la
1300 1995 429 85 demeure,
1622 1995 286 85 mais
1800 1995 214 85 je
1907 1995 357 85 crains
2157 1995 321 85 qu’il
2372 1995 214 85 ne
2479 1995 286 85 s’en
2657 1995 393 85 dégoute
2907 1995 143 85 et

300 2065 212 82 ne
406 2065 283 82 s’en
582 2065 318 82 aille
794 2065 283 82 trop
971 2065 247 82 tôt
1112 2065 283 82 pour
1289 2065 212 82 le
1395 2065 318 82 salut
1607 2065 212 82 de
1713 2065 212 82 la
1783 2065 495 82 République.»

12 2233 476 109 43463.
345 2233 428 109 BARNI
631 2233 571 109 (Jules),
1059 2233 666 109 philosophe
1582 2233 285 109 et
1725 2233 428 109 homme
2010 2233 666 109 politique,
2486 2233 571 109 traducteur

381 2320 268 102 de
515 2320 401 102 Kant,
783 2320 268 102 né
917 2320 223 102 à
1006 2320 446 102 Lille.
1318 2320 223 102 —
1407 2320 268 102 L.
1541 2320 268 102 a.
1675 2320 268 102 s.
1809 2320 268 102 au
1943 2320 491 102 recteur
2300 2320 268 102 de
2433 2320 625 102 l’Académie
2880 2320 178 102 de

370 2411 572 113 Rouen;
770 2411 572 113 Rouen,
1170 2411 343 113 27
1341 2411 686 113 décembre
1856 2411 514 113 1852,
2199 2411 286 113 1
2313 2411 343 113 p.
2484 2411 514 113 in-8.
2827 2411 286 113 5
2885 2411 171 113 »

360 2592 477 91 CURIEUSE
718 2592 398 91 PIÈCE.
996 2592 239 91 Il
1116 2592 358 91 vient
1354 2592 596 91 d’apprendre
1831 2592 278 91 que
1990 2592 239 91 le
2110 2592 358 91 cours
2348 2592 239 91 de
2468 2592 596 91 philosophie
2905 2592 159 91 de

292 2659 397 96 l’école
580 2659 397 96 normale
869 2659 324 96 vient
1085 2659 361 96 d’être
1337 2659 433 96 suspendu
1662 2659 216 96 et
1770 2659 252 96 que
1914 2659 577 96 l’agrégation
2383 2659 216 96 de
2491 2659 541 96 philosophie
2888 2659 180 96 est

291 2728 548 94 supprimée.
721 2728 313 94 «Ces
917 2728 431 94 mesures
1230 2728 235 94 et
1348 2728 274 94 les
1504 2728 470 94 desseins
1857 2728 470 94 qu’elles
2209 2728 548 94 témoignent
2639 2728 235 94 me
2718 2728 352 94 tracent

291 2797 241 93 ma
411 2797 522 93 conduite:
813 2797 241 93 je
934 2797 241 93 ne
1054 2797 603 93 conserverai
1537 2797 281 93 pas
1697 2797 522 93 davantage
2099 2797 281 93 des
2260 2797 522 93 fonctions
2622 2797 442 93 désormais

294 2864 303 96 sans
484 2864 417 96 dignité
787 2864 228 96 et
901 2864 303 96 sans
1090 2864 645 96 indépendance.
1621 2864 228 96 Je
1735 2864 341 96 viens
1962 2864 303 96 donc
2152 2864 303 96 vous
2342 2864 455 96 remettre
2683 2864 228 96 ma
2759 2864 303 96 démis

253 2958 313 55 sion.»

5 3105 511 121 43464.
363 3105 562 121 BARRIAS
771 3105 971 121 (Louis-Ernest),
1589 3105 562 121 célèbre
1997 3105 715 121 sculpteur,
2559 3105 511 121 membre
2866 3105 204 121 de

377 3196 572 120 l’Académie
827 3196 286 120 des
990 3196 613 120 Beaux-Arts.
1480 3196 204 120 —
1562 3196 245 120 L.
1685 3196 245 120 a.
1807 3196 286 120 s.;
1971 3196 245 120 2.
2093 3196 245 120 p.
2216 3196 286 120 1/2
2379 3196 368 120 in-8.
2584 3196 490 120 <i>Peu</i>

282 3288 2512 102 <i>commun</i>.
2376 3288 837 102 10
2655 3288 419 102 »

12 3460 451 126 43465.
328 3460 361 126 BART
553 3460 496 126 (Jean),
914 3460 271 126 un
1049 3460 316 126 des
1229 3460 361 126 plus
1455 3460 586 126 illustres
1906 3460 271 126 et
2041 3460 361 126 plus
2266 3460 631 126 populaires
2717 3460 361 126 marins

368 3551 332 127 de
534 3551 332 127 la
700 3551 609 127 France,
1142 3551 332 127 né
1308 3551 277 127 à
1419 3551 775 127 Dunkerque.
2028 3551 277 127 —
2138 3551 332 127 P.
2304 3551 332 127 s;
2415 3551 664 127 Dunkerque,

376 3642 262 130 29
507 3642 393 130 avril
770 3642 393 130 1680,
1032 3642 218 130 2
1119 3642 262 130 p.
1250 3642 481 130 in-fol.
1600 3642 481 130 <i>Très
1949 3642 350 130 rare
2168 3642 306 130 sur
2342 3642 655 130 papier</i>.
2867 3642 262 130 80
2954 3642 131 130 »

359 3824 442 110 SUPERBE
680 3824 401 110 PIÈCE.
961 3824 321 110 Etat
1162 3824 281 110 des
1322 3824 401 110 vivres
1603 3824 361 110 qu’il
1844 3824 321 110 faut
2045 3824 522 110 embarquer
2447 3824 321 110 dans
2647 3824 241 110 la
2728 3824 361 110 frégate

298 3908 654 99 <i>Sorcière</i>,
854 3908 425 99 commandée
1181 3908 229 99 par
1312 3908 196 99 le
1410 3908 425 99 capitaine
1737 3908 262 99 Jean
1868 3908 229 99 Bart.

4 4069 507 137 43466.
359 4069 507 137 BAUDRY
713 4069 557 137 (Paul),
1119 4069 304 137 le
1271 4069 557 137 célèbre
1676 4069 608 137 peintre.
2132 4069 253 137 —
2233 4069 304 137 L.
2385 4069 304 137 a.
2537 4069 355 137 s.;
2689 4069 405 137 Paris,

364 4166 390 134 18
559 4166 455 134 mai
819 4166 585 134 1860,
1209 4166 325 134 1
1339 4166 390 134 p.
1534 4166 585 134 in-8.
1925 4166 1040 134 <i>Rare</i>.
2770 4166 390 134 10
2900 4166 195 134 »

365 4333 333 119 Jolie
587 4333 370 119 lettre
846 4333 222 119 où
957 4333 222 119 il
1068 4333 222 119 se
1179 4333 370 119 refuse
1438 4333 185 119 à
1512 4333 370 119 porter
1770 4333 259 119 une
1918 4333 592 119 appréciation
2399 4333 259 119 sur
2547 4333 259 119 son
2695 4333 370 119 œuvre.
2917 4333 185 119 «Si

286 4431 229 94 je
400 4431 305 94 vous
591 4431 419 94 disais,
896 4431 343 94 comme
1124 4431 305 94 j’en
1315 4431 229 94 ai
1391 4431 343 94 l’envie

538 4507 321 90 «Mes
739 4507 402 90 petits
1020 4507 321 90 sont
1181 4507 362 90 mignons

540 4556 409 109 «Beaux,
837 4556 298 109 bien
1023 4556 335 109 faits
1247 4556 223 109 et
1358 4556 335 109 jolis
1582 4556 260 109 sur
1730 4556 298 109 tous
1916 4556 335 109 leurs
2102 4556 484 109 compagnons,

283 4615 225 125 je
396 4615 451 125 n’aurais
734 4615 338 125 plus,
960 4615 225 125 en
1072 4615 263 125 cas
1223 4615 225 125 de
1335 4615 601 125 mésaventure,
1824 4615 225 125 le
1936 4615 338 125 droit
2162 4615 225 125 de
2275 4615 225 125 me
2387 4615 451 125 plaindre
2725 4615 225 125 et
2800 4615 301 125 c’est,

291 4687 300 122 vous
479 4687 225 122 le
592 4687 638 122 reconnaîtrez,
1118 4687 338 122 notre
1343 4687 300 122 seul
1531 4687 451 122 recours,
1869 4687 413 122 recours
2169 4687 300 122 bien
2357 4687 488 122 innocent,
2732 4687 376 122 contre
2958 4687 150 122 la

237 4803 550 79 critique.»

2 4903 518 171 43467.
365 4903 622 171 BÉRANGER
831 4903 829 171 (Pierre-Jean
1505 4903 415 171 de),
1764 4903 311 171 le
1920 4903 570 171 célèbre
2335 4903 829 171 chansonnier.
2957 4903 155 171 —

314 5020 671 152 L.
650 5020 671 152 a.
985 5020 783 152 s.;
1432 5020 559 152 1
1656 5020 671 152 p.
1992 5020 1007 152 in-8,
2663 5020 559 152 3
2775 5020 336 152 »
