911.3385826771654 1534.1102362204724
397.4173228346457 26.929133858267715 90.4251968503937 22.393700787401574 —
433.7007874015748 26.929133858267715 90.4251968503937 22.393700787401574 5
451.84251968503935 26.929133858267715 54.14173228346457 22.393700787401574 —

121.88976377952756 79.65354330708661 144.0 35.71653543307087 bataille
229.60629921259843 79.65354330708661 119.90551181102362 35.71653543307087 d’Iéna
313.79527559055117 79.65354330708661 72.0 35.71653543307087 en
349.51181102362204 79.65354330708661 108.0 35.71653543307087 1806.
421.51181102362204 79.65354330708661 60.09448818897638 35.71653543307087 —
445.6062992125984 79.65354330708661 60.09448818897638 35.71653543307087 8
469.4173228346457 79.65354330708661 72.0 35.71653543307087 l.
505.4173228346457 79.65354330708661 83.90551181102362 35.71653543307087 a.,
553.6062992125984 79.65354330708661 72.0 35.71653543307087 en
589.3228346456693 79.65354330708661 144.0 35.71653543307087 français
697.3228346456693 79.65354330708661 95.81102362204724 35.71653543307087 dont
757.4173228346457 79.65354330708661 60.09448818897638 35.71653543307087 7
769.3228346456693 79.65354330708661 119.90551181102362 35.71653543307087 signées,

119.33858267716535 106.58267716535433 85.32283464566929 34.86614173228347 au
161.85826771653544 106.58267716535433 156.75590551181102 34.86614173228347 célèbre
275.81102362204723 106.58267716535433 185.10236220472441 34.86614173228347 diplomate
418.3937007874016 106.58267716535433 156.75590551181102 34.86614173228347 anglais
532.3464566929134 106.58267716535433 156.75590551181102 34.86614173228347 William
646.2992125984252 106.58267716535433 185.10236220472441 34.86614173228347 Hamilton;
788.5984251968504 106.58267716535433 113.95275590551181 34.86614173228347 1766
845.5748031496063 106.58267716535433 42.803149606299215 34.86614173228347 à

119.33858267716535 133.79527559055117 125.85826771653544 34.2992125984252 1769,
202.96062992125985 133.79527559055117 83.90551181102362 34.2992125984252 42
244.91338582677164 133.79527559055117 83.90551181102362 34.2992125984252 p.
286.86614173228344 133.79527559055117 111.68503937007874 34.2992125984252 in-4
356.59842519685037 133.79527559055117 83.90551181102362 34.2992125984252 ou
398.5511811023622 133.79527559055117 125.85826771653544 34.2992125984252 in-8,
482.45669291338584 133.79527559055117 195.59055118110237 34.2992125984252 enveloppes
636.0944881889764 133.79527559055117 83.90551181102362 34.2992125984252 et
678.0472440944882 133.79527559055117 167.5275590551181 34.2992125984252 cachets.
803.6220472440945 133.79527559055117 97.79527559055119 34.2992125984252 100
845.5748031496063 133.79527559055117 41.95275590551181 34.2992125984252 »

115.93700787401575 179.43307086614172 139.748031496063 24.37795275590551 IMPORTANT
223.37007874015748 179.43307086614172 128.9763779527559 24.37795275590551 DOSSIER.
320.0314960629921 179.43307086614172 107.43307086614173 24.37795275590551 Toutes
395.1496062992126 179.43307086614172 75.11811023622047 24.37795275590551 ces
438.23622047244095 179.43307086614172 118.20472440944881 24.37795275590551 lettres
524.1259842519685 179.43307086614172 75.11811023622047 24.37795275590551 ont
566.9291338582677 179.43307086614172 75.11811023622047 24.37795275590551 été
610.0157480314961 179.43307086614172 118.20472440944881 24.37795275590551 écrites
695.9055118110236 179.43307086614172 96.66141732283465 24.37795275590551 avant
749.4803149606299 179.43307086614172 139.748031496063 24.37795275590551 l’avènement

96.94488188976378 198.99212598425197 62.36220472440945 28.346456692913385 du
128.1259842519685 198.99212598425197 114.51968503937007 28.346456692913385 prince.
211.46456692913387 198.99212598425197 93.54330708661418 28.346456692913385 Elles
273.8267716535433 198.99212598425197 114.51968503937007 28.346456692913385 donnent
357.1653543307087 198.99212598425197 187.37007874015748 28.346456692913385 d’intéressants
513.3543307086615 198.99212598425197 114.51968503937007 28.346456692913385 détails
596.4094488188977 198.99212598425197 72.85039370078741 28.346456692913385 sur
638.0787401574803 198.99212598425197 72.85039370078741 28.346456692913385 ses
679.7480314960629 198.99212598425197 114.51968503937007 28.346456692913385 voyages
763.0866141732283 198.99212598425197 52.15748031496063 28.346456692913385 à
783.7795275590552 198.99212598425197 104.03149606299213 28.346456692913385 Naples
846.1417322834645 198.99212598425197 41.669291338582674 28.346456692913385 et

96.37795275590551 218.83464566929135 54.99212598425197 28.346456692913385 à
118.48818897637796 218.83464566929135 109.98425196850394 28.346456692913385 Paris.
195.30708661417322 218.83464566929135 66.04724409448819 28.346456692913385 On
228.4724409448819 218.83464566929135 54.99212598425197 28.346456692913385 y
250.29921259842519 218.83464566929135 109.98425196850394 28.346456692913385 trouve
327.40157480314963 218.83464566929135 77.10236220472441 28.346456692913385 des
371.33858267716533 218.83464566929135 142.86614173228347 28.346456692913385 anecdotes
481.3228346456693 218.83464566929135 142.86614173228347 28.346456692913385 curieuses
591.3070866141733 218.83464566929135 77.10236220472441 28.346456692913385 sur
635.5275590551181 218.83464566929135 66.04724409448819 28.346456692913385 de
668.4094488188977 218.83464566929135 109.98425196850394 28.346456692913385 grands
734.4566929133858 218.83464566929135 153.92125984251967 28.346456692913385 personnages,

96.09448818897638 238.96062992125985 74.83464566929133 28.913385826771652 une
138.89763779527559 238.96062992125985 128.40944881889763 28.913385826771652 piquante
235.2755905511811 238.96062992125985 170.9291338582677 28.913385826771652 appréciation
374.1732283464567 238.96062992125985 74.83464566929133 28.913385826771652 sur
416.9763779527559 238.96062992125985 74.83464566929133 28.913385826771652 les
459.7795275590551 238.96062992125985 106.86614173228347 28.913385826771652 femmes
534.3307086614174 238.96062992125985 64.06299212598425 28.913385826771652 en
566.6456692913385 238.96062992125985 128.40944881889763 28.913385826771652 général,
662.7401574803149 238.96062992125985 85.60629921259843 28.913385826771652 etc.
716.3149606299213 238.96062992125985 64.06299212598425 28.913385826771652 Le
748.3464566929134 238.96062992125985 74.83464566929133 28.913385826771652 duc
791.1496062992126 238.96062992125985 96.09448818897638 28.913385826771652 parle
844.4409448818898 238.96062992125985 42.803149606299215 28.913385826771652 de

96.37795275590551 258.8031496062992 96.09448818897638 27.212598425196852 vases
160.44094488188978 258.8031496062992 138.89763779527559 27.212598425196852 étrusques
267.3070866141732 258.8031496062992 64.06299212598425 27.212598425196852 et
299.62204724409446 258.8031496062992 117.63779527559055 27.212598425196852 demande
384.9448818897638 258.8031496062992 160.15748031496062 27.212598425196852 qu’Hamilton
513.3543307086615 258.8031496062992 74.83464566929133 27.212598425196852 lui
555.8740157480315 258.8031496062992 106.86614173228347 27.212598425196852 envoie
630.7086614173228 258.8031496062992 85.60629921259843 27.212598425196852 tout
684.2834645669292 258.8031496062992 64.06299212598425 27.212598425196852 ce
716.3149606299213 258.8031496062992 74.83464566929133 27.212598425196852 qui
759.1181102362204 258.8031496062992 128.1259842519685 27.212598425196852 paraîtra
844.4409448818898 258.8031496062992 42.803149606299215 27.212598425196852 de

96.37795275590551 278.92913385826773 86.74015748031496 25.511811023622048 beau
150.51968503937007 278.92913385826773 64.91338582677166 25.511811023622048 en
182.83464566929135 278.92913385826773 129.82677165354332 25.511811023622048 musique.
280.34645669291336 278.92913385826773 54.14173228346457 25.511811023622048 —
302.1732283464567 278.92913385826773 86.74015748031496 25.511811023622048 Dans
356.0314960629921 278.92913385826773 75.68503937007874 25.511811023622048 une
399.40157480314963 278.92913385826773 108.28346456692914 25.511811023622048 lettre
475.37007874015745 278.92913385826773 97.51181102362204 25.511811023622048 datée
540.2834645669292 278.92913385826773 64.91338582677166 25.511811023622048 de
572.5984251968504 278.92913385826773 151.6535433070866 25.511811023622048 Brunswick,
691.9370078740158 278.92913385826773 64.91338582677166 25.511811023622048 le
724.2519685039371 278.92913385826773 64.91338582677166 25.511811023622048 20
756.8503937007874 278.92913385826773 97.51181102362204 25.511811023622048 avril
810.992125984252 278.92913385826773 75.68503937007874 25.511811023622048 1769,

97.51181102362204 298.20472440944883 60.661417322834644 26.929133858267715 il
127.84251968503936 298.20472440944883 81.07086614173228 26.929133858267715 fait
178.58267716535434 298.20472440944883 60.661417322834644 26.929133858267715 le
208.91338582677164 298.20472440944883 121.60629921259843 26.929133858267715 portrait
300.18897637795277 298.20472440944883 60.661417322834644 26.929133858267715 du
330.5196850393701 298.20472440944883 70.86614173228347 26.929133858267715 roi
371.0551181102362 298.20472440944883 60.661417322834644 26.929133858267715 de
401.38582677165357 298.20472440944883 121.60629921259843 26.929133858267715 Danemark
492.66141732283467 298.20472440944883 70.86614173228347 26.929133858267715 qui
533.1968503937007 298.20472440944883 70.86614173228347 26.929133858267715 est
573.7322834645669 298.20472440944883 81.07086614173228 26.929133858267715 venu
624.4724409448819 298.20472440944883 81.07086614173228 26.929133858267715 dans
674.9291338582677 298.20472440944883 91.2755905511811 26.929133858267715 cette
735.8740157480315 298.20472440944883 101.19685039370079 26.929133858267715 ville.
806.7401574803149 298.20472440944883 70.86614173228347 26.929133858267715 «Il
837.0708661417323 298.20472440944883 50.74015748031496 26.929133858267715 est

97.51181102362204 317.4803149606299 61.511811023622045 27.212598425196852 de
128.1259842519685 317.4803149606299 61.511811023622045 27.212598425196852 la
159.0236220472441 317.4803149606299 102.33070866141732 27.212598425196852 taille
230.74015748031496 317.4803149606299 92.1259842519685 27.212598425196852 comme
292.251968503937 317.4803149606299 92.1259842519685 27.212598425196852 celui
353.4803149606299 317.4803149606299 61.511811023622045 27.212598425196852 de
384.37795275590554 317.4803149606299 102.33070866141732 27.212598425196852 Naples
456.09448818897636 317.4803149606299 112.81889763779527 27.212598425196852 l’étoit
538.0157480314961 317.4803149606299 112.81889763779527 27.212598425196852 lorsque
619.9370078740158 317.4803149606299 61.511811023622045 27.212598425196852 je
650.8346456692914 317.4803149606299 81.92125984251969 27.212598425196852 l’ai
701.8582677165355 317.4803149606299 71.71653543307086 27.212598425196852 vu.
742.9606299212599 317.4803149606299 61.511811023622045 27.212598425196852 Il
773.5748031496063 317.4803149606299 51.30708661417323 27.212598425196852 a
784.0629921259842 317.4803149606299 102.33070866141732 27.212598425196852 beaucoup

98.36220472440945 337.6062992125984 126.4251968503937 26.362204724409448 d’esprit.
195.59055118110237 337.6062992125984 77.95275590551181 26.362204724409448 L’on
244.3464566929134 337.6062992125984 58.39370078740158 26.362204724409448 ne
273.54330708661416 337.6062992125984 77.95275590551181 26.362204724409448 peut
322.01574803149606 337.6062992125984 77.95275590551181 26.362204724409448 être
370.7716535433071 337.6062992125984 77.95275590551181 26.362204724409448 plus
419.244094488189 337.6062992125984 77.95275590551181 26.362204724409448 poli
468.0 337.6062992125984 87.59055118110236 26.362204724409448 qu’il
526.3937007874016 337.6062992125984 97.22834645669292 26.362204724409448 l'est,
594.4251968503937 337.6062992125984 58.39370078740158 26.362204724409448 et
623.6220472440945 337.6062992125984 58.39370078740158 26.362204724409448 il
652.8188976377953 337.6062992125984 68.03149606299213 26.362204724409448 est
691.9370078740158 337.6062992125984 116.78740157480316 26.362204724409448 beaucoup
779.2440944881889 337.6062992125984 77.95275590551181 26.362204724409448 plus
818.3622047244095 337.6062992125984 68.03149606299213 26.362204724409448 porté

96.37795275590551 358.01574803149606 91.55905511811024 25.79527559055118 pour
153.35433070866142 358.01574803149606 183.11811023622047 25.79527559055118 l'Angleterre
302.1732283464567 358.01574803149606 80.22047244094489 25.79527559055118 que
348.09448818897636 358.01574803149606 91.55905511811024 25.79527559055118 pour
405.3543307086614 358.01574803149606 68.5984251968504 25.79527559055118 la
439.65354330708664 358.01574803149606 125.85826771653544 25.79527559055118 France,
531.2125984251968 358.01574803149606 137.1968503937008 25.79527559055118 pourquoi
634.1102362204724 358.01574803149606 68.5984251968504 25.79527559055118 il
668.4094488188977 358.01574803149606 57.25984251968504 25.79527559055118 a
691.3700787401575 358.01574803149606 102.89763779527559 25.79527559055118 gagné
759.9685039370079 358.01574803149606 80.22047244094489 25.79527559055118 une
794.2677165354331 358.01574803149606 91.55905511811024 25.79527559055118 grande

97.22834645669292 377.29133858267716 141.4488188976378 21.543307086614174 popularité
198.4251968503937 377.29133858267716 70.58267716535433 21.543307086614174 ici.»

18.708661417322833 416.9763779527559 117.07086614173228 31.181102362204726 43478.
100.62992125984252 416.9763779527559 105.44881889763779 31.181102362204726 BULOZ
170.64566929133858 416.9763779527559 175.46456692913387 31.181102362204726 (François),
311.244094488189 416.9763779527559 70.2992125984252 31.181102362204726 le
346.3937007874016 416.9763779527559 152.2204724409449 31.181102362204726 fondateur
463.46456692913387 416.9763779527559 70.2992125984252 31.181102362204726 de
498.61417322834643 416.9763779527559 70.2992125984252 31.181102362204726 la
533.4803149606299 416.9763779527559 140.31496062992127 31.181102362204726 Revue
638.9291338582677 416.9763779527559 81.92125984251969 31.181102362204726 des
674.0787401574803 416.9763779527559 210.61417322834646 31.181102362204726 Deux

121.03937007874016 443.33858267716533 168.09448818897638 30.89763779527559 directeur
250.58267716535434 443.33858267716533 77.66929133858268 30.89763779527559 du
289.13385826771656 443.33858267716533 142.29921259842519 30.89763779527559 Théâtre
392.59842519685037 443.33858267716533 168.09448818897638 30.89763779527559 français.
522.1417322834645 443.33858267716533 64.62992125984252 30.89763779527559 —
547.9370078740158 443.33858267716533 77.66929133858268 30.89763779527559 13
586.7716535433071 443.33858267716533 77.66929133858268 30.89763779527559 l.
625.6062992125984 443.33858267716533 77.66929133858268 30.89763779527559 a.
664.1574803149606 443.33858267716533 64.62992125984252 30.89763779527559 à
690.2362204724409 443.33858267716533 77.66929133858268 30.89763779527559 M.
729.0708661417323 443.33858267716533 77.66929133858268 30.89763779527559 de
754.8661417322835 443.33858267716533 129.25984251968504 30.89763779527559 Forcade,

86.74015748031496 469.4173228346457 281.1968503937008 30.89763779527559 30
227.33858267716536 469.4173228346457 281.1968503937008 30.89763779527559 p.
367.65354330708664 469.4173228346457 421.51181102362204 30.89763779527559 in-8.
648.8503937007874 469.4173228346457 281.1968503937008 30.89763779527559 10
742.3937007874016 469.4173228346457 140.5984251968504 30.89763779527559 »

116.50393700787401 511.0866141732283 174.04724409448818 20.409448818897637 Intéressantes
259.65354330708664 511.0866141732283 112.53543307086615 20.409448818897637 lettres
341.5748031496063 511.0866141732283 102.33070866141732 20.409448818897637 toutes
413.29133858267716 511.0866141732283 132.9448818897638 20.409448818897637 relatives
515.6220472440945 511.0866141732283 51.023622047244096 20.409448818897637 à
536.0314960629921 511.0866141732283 61.511811023622045 20.409448818897637 la
566.6456692913385 511.0866141732283 174.04724409448818 20.409448818897637 collaboration
709.7952755905512 511.0866141732283 61.511811023622045 20.409448818897637 de
740.6929133858267 511.0866141732283 61.511811023622045 20.409448818897637 M.
771.3070866141733 511.0866141732283 61.511811023622045 20.409448818897637 de
791.7165354330708 511.0866141732283 92.1259842519685 20.409448818897637 Forcade

98.07874015748031 530.9291338582677 41.95275590551181 18.141732283464567 à
115.08661417322834 530.9291338582677 50.45669291338583 18.141732283464567 la
140.31496062992127 530.9291338582677 100.91338582677166 18.141732283464567 Revue
215.71653543307087 530.9291338582677 58.960629921259844 18.141732283464567 des
240.9448818897638 530.9291338582677 151.37007874015748 18.141732283464567 Deux

16.724409448818896 569.4803149606299 131.24409448818898 32.031496062992126 43479.
108.56692913385827 569.4803149606299 118.20472440944881 32.031496062992126 BYRON
187.37007874015748 569.4803149606299 144.28346456692913 32.031496062992126 (Noël),
292.251968503937 569.4803149606299 183.68503937007873 32.031496062992126 l’illustre
436.53543307086613 569.4803149606299 118.20472440944881 32.031496062992126 poète
515.3385826771654 569.4803149606299 157.60629921259843 32.031496062992126 anglais.
633.2598425196851 569.4803149606299 65.48031496062993 32.031496062992126 —
659.6220472440945 569.4803149606299 78.80314960629921 32.031496062992126 L.
699.0236220472441 569.4803149606299 78.80314960629921 32.031496062992126 a.
738.4251968503937 569.4803149606299 78.80314960629921 32.031496062992126 s.
777.8267716535433 569.4803149606299 65.48031496062993 32.031496062992126 à
790.8661417322835 569.4803149606299 91.84251968503936 32.031496062992126 Henry

119.33858267716535 596.9763779527559 160.7244094488189 30.04724409448819 Webster;
239.81102362204723 596.9763779527559 147.4015748031496 30.04724409448819 Venise,
346.96062992125985 596.9763779527559 80.50393700787401 30.04724409448819 28
387.21259842519686 596.9763779527559 107.14960629921259 30.04724409448819 mars
454.1102362204724 596.9763779527559 120.4724409448819 30.04724409448819 1818,
534.6141732283464 596.9763779527559 66.89763779527559 30.04724409448819 2
561.2598425196851 596.9763779527559 80.50393700787401 30.04724409448819 p.
601.511811023622 596.9763779527559 120.4724409448819 30.04724409448819 in-4.
681.7322834645669 596.9763779527559 134.07874015748033 30.04724409448819 Coupée
775.5590551181102 596.9763779527559 107.14960629921259 30.04724409448819 dans
829.1338582677165 596.9763779527559 53.574803149606296 30.04724409448819 le

120.75590551181102 623.0551181102362 90.4251968503937 30.04724409448819 bas
172.62992125984252 623.0551181102362 77.38582677165354 30.04724409448819 du
211.1811023622047 623.0551181102362 142.01574803149606 30.04724409448819 premier
314.3622047244094 623.0551181102362 167.81102362204723 30.04724409448819 feuillet,
443.62204724409446 623.0551181102362 77.38582677165354 30.04724409448819 de
482.1732283464567 623.0551181102362 116.22047244094489 30.04724409448819 sorte
559.8425196850394 623.0551181102362 116.22047244094489 30.04724409448819 qu’il
637.2283464566929 623.0551181102362 128.9763779527559 30.04724409448819 manque
727.6535433070866 623.0551181102362 103.18110236220473 30.04724409448819 deux
779.2440944881889 623.0551181102362 103.18110236220473 30.04724409448819 lignes

116.78740157480316 649.1338582677165 102.04724409448819 24.37795275590551 au
167.81102362204723 649.1338582677165 152.78740157480314 24.37795275590551 verso
269.5748031496063 649.1338582677165 102.04724409448819 24.37795275590551 et
320.59842519685037 649.1338582677165 102.04724409448819 24.37795275590551 au
371.62204724409446 649.1338582677165 169.79527559055117 24.37795275590551 recto.
490.6771653543307 649.1338582677165 186.8031496062992 24.37795275590551 Très
626.4566929133858 649.1338582677165 220.8188976377953 24.37795275590551 rare.
796.2519685039371 649.1338582677165 102.04724409448819 24.37795275590551 40
830.2677165354331 649.1338582677165 51.023622047244096 24.37795275590551 »

117.07086614173228 690.2362204724409 151.08661417322836 24.094488188976378 Intéressante
239.81102362204723 690.2362204724409 94.39370078740157 24.094488188976378 lettre
305.8582677165354 690.2362204724409 113.38582677165354 24.094488188976378 relative
390.8976377952756 690.2362204724409 47.338582677165356 24.094488188976378 à
409.8897637795276 690.2362204724409 66.04724409448819 24.094488188976378 des
447.59055118110234 690.2362204724409 122.74015748031496 24.094488188976378 peintures
542.2677165354331 690.2362204724409 75.68503937007874 24.094488188976378 dont
589.6062992125984 690.2362204724409 56.69291338582677 24.094488188976378 il
617.9527559055118 690.2362204724409 56.69291338582677 24.094488188976378 se
646.2992125984252 690.2362204724409 94.39370078740157 24.094488188976378 charge
712.3464566929134 690.2362204724409 56.69291338582677 24.094488188976378 de
740.6929133858267 690.2362204724409 85.03937007874016 24.094488188976378 faire
788.0314960629921 690.2362204724409 94.39370078740157 24.094488188976378 exécuter

96.37795275590551 710.3622047244095 70.01574803149606 23.52755905511811 des
136.3464566929134 710.3622047244095 109.98425196850394 23.52755905511811 copies.
216.28346456692913 710.3622047244095 60.09448818897638 23.52755905511811 Il
246.33070866141733 710.3622047244095 60.09448818897638 23.52755905511811 le
276.09448818897636 710.3622047244095 79.93700787401575 23.52755905511811 prie
326.26771653543307 710.3622047244095 60.09448818897638 23.52755905511811 de
356.0314960629921 710.3622047244095 60.09448818897638 23.52755905511811 le
386.0787401574803 710.3622047244095 119.90551181102362 23.52755905511811 rappeler
475.93700787401576 710.3622047244095 60.09448818897638 23.52755905511811 au
505.98425196850394 710.3622047244095 119.90551181102362 23.52755905511811 souvenir
595.8425196850394 710.3622047244095 60.09448818897638 23.52755905511811 de
625.8897637795276 710.3622047244095 70.01574803149606 23.52755905511811 ses
665.8582677165355 710.3622047244095 79.93700787401575 23.52755905511811 amis
705.8267716535433 710.3622047244095 149.95275590551182 23.52755905511811 d’Angleterre.

15.023622047244094 747.496062992126 142.29921259842519 31.46456692913386 43480.
114.51968503937007 747.496062992126 199.2755905511811 31.46456692913386 CAGLIOSTRO
270.99212598425197 747.496062992126 184.8188976377953 31.46456692913386 (Giuseppe
413.29133858267716 747.496062992126 170.64566929133858 31.46456692913386 BALSAMO,
541.4173228346457 747.496062992126 128.1259842519685 31.46456692913386 dit),
626.7401574803149 747.496062992126 85.32283464566929 31.46456692913386 le
669.2598425196851 747.496062992126 142.29921259842519 31.46456692913386 fameux
754.5826771653543 747.496062992126 128.1259842519685 31.46456692913386 aventu-

120.75590551181102 775.5590551181102 103.74803149606299 29.763779527559056 rier.
189.92125984251967 775.5590551181102 57.54330708661417 29.763779527559056 —
213.16535433070865 775.5590551181102 69.16535433070867 29.763779527559056 L.
247.748031496063 775.5590551181102 69.16535433070867 29.763779527559056 a.
282.3307086614173 775.5590551181102 57.54330708661417 29.763779527559056 à
305.29133858267716 775.5590551181102 69.16535433070867 29.763779527559056 sa
339.87401574803147 775.5590551181102 115.37007874015748 29.763779527559056 femme;
420.66141732283467 775.5590551181102 57.54330708661417 29.763779527559056 4
443.90551181102364 775.5590551181102 138.33070866141733 29.763779527559056 février,
547.6535433070866 775.5590551181102 57.54330708661417 29.763779527559056 2
570.6141732283464 775.5590551181102 69.16535433070867 29.763779527559056 p.
605.1968503937007 775.5590551181102 103.74803149606299 29.763779527559056 in-4.
674.6456692913385 775.5590551181102 126.99212598425197 29.763779527559056 Très
755.1496062992126 775.5590551181102 126.99212598425197 29.763779527559056 rare.

790.0157480314961 804.7559055118111 106.86614173228347 19.84251968503937 100
835.9370078740158 804.7559055118111 45.63779527559055 19.84251968503937 »

114.51968503937007 842.1732283464567 129.82677165354332 24.944881889763778 Curieuse
211.748031496063 842.1732283464567 108.28346456692914 24.944881889763778 lettre
287.7165354330709 842.1732283464567 119.05511811023622 24.944881889763778 intime,
374.1732283464567 842.1732283464567 64.91338582677166 24.944881889763778 où
406.7716535433071 842.1732283464567 64.91338582677166 24.944881889763778 il
439.0866141732283 842.1732283464567 86.45669291338582 24.944881889763778 rend
493.2283464566929 842.1732283464567 108.28346456692914 24.944881889763778 grâces
569.1968503937007 842.1732283464567 75.68503937007874 24.944881889763778 aux
612.2834645669292 842.1732283464567 86.45669291338582 24.944881889763778 amis
666.4251968503937 842.1732283464567 75.68503937007874 24.944881889763778 qui
709.7952755905512 842.1732283464567 129.82677165354332 24.944881889763778 prennent
807.3070866141733 842.1732283464567 86.45669291338582 24.944881889763778 part
850.3937007874016 842.1732283464567 32.59842519685039 24.944881889763778 à

94.39370078740157 863.1496062992126 101.19685039370079 22.96062992125984 leurs
161.85826771653544 863.1496062992126 134.9291338582677 22.96062992125984 intèrêts
263.33858267716533 863.1496062992126 134.9291338582677 22.96062992125984 communs.
364.53543307086613 863.1496062992126 78.80314960629921 22.96062992125984 «Il
409.6062992125984 863.1496062992126 90.14173228346456 22.96062992125984 faut
465.73228346456693 863.1496062992126 90.14173228346456 22.96062992125984 leur
522.1417322834645 863.1496062992126 90.14173228346456 22.96062992125984 dire
578.2677165354331 863.1496062992126 78.80314960629921 22.96062992125984 que
623.3385826771654 863.1496062992126 90.14173228346456 22.96062992125984 nous
679.4645669291339 863.1496062992126 67.46456692913385 22.96062992125984 ne
713.4803149606299 863.1496062992126 112.53543307086615 22.96062992125984 sommes
792.0 863.1496062992126 78.80314960629921 22.96062992125984 pas
826.0157480314961 863.1496062992126 56.125984251968504 22.96062992125984 des

94.67716535433071 881.8582677165355 155.33858267716536 22.96062992125984 capucins.»
216.8503937007874 881.8582677165355 166.6771653543307 22.96062992125984 Témoignages
350.0787401574803 881.8582677165355 66.61417322834646 22.96062992125984 de
372.18897637795277 881.8582677165355 133.22834645669292 22.96062992125984 tendresse.

16.724409448818896 918.7086614173228 137.1968503937008 32.31496062992126 43481.
112.53543307086615 918.7086614173228 205.79527559055117 32.31496062992126 CAILLEBOTTE
277.2283464566929 918.7086614173228 191.90551181102362 32.31496062992126 (Gustave),
428.0314960629921 918.7086614173228 164.40944881889763 32.31496062992126 peintre,
551.3385826771654 918.7086614173228 82.20472440944881 32.31496062992126 un
592.4409448818898 918.7086614173228 96.09448818897638 32.31496062992126 des
647.4330708661417 918.7086614173228 123.30708661417323 32.31496062992126 chefs
729.6377952755905 918.7086614173228 82.20472440944881 32.31496062992126 de
757.1338582677165 918.7086614173228 123.30708661417323 32.31496062992126 l’école

118.20472440944881 946.488188976378 263.0551181102362 30.614173228346456 impressionniste.
341.5748031496063 946.488188976378 65.76377952755905 30.614173228346456 —
367.93700787401576 946.488188976378 78.80314960629921 30.614173228346456 L.
407.33858267716533 946.488188976378 78.80314960629921 30.614173228346456 a.
447.0236220472441 946.488188976378 78.80314960629921 30.614173228346456 s.
486.4251968503937 946.488188976378 65.76377952755905 30.614173228346456 à
512.7874015748032 946.488188976378 78.80314960629921 30.614173228346456 un
552.1889763779527 946.488188976378 157.88976377952756 30.614173228346456 critique
670.6771653543307 946.488188976378 131.5275590551181 30.614173228346456 d’art;
762.5196850393701 946.488188976378 78.80314960629921 30.614173228346456 17
788.8818897637796 946.488188976378 92.1259842519685 30.614173228346456 avril

94.96062992125984 973.1338582677165 336.4724409448819 30.330708661417322 1879,
319.18110236220474 973.1338582677165 186.8031496062992 30.330708661417322 3
394.01574803149606 973.1338582677165 224.2204724409449 30.330708661417322 p.
506.26771653543307 973.1338582677165 336.4724409448819 30.330708661417322 in-8.
730.488188976378 973.1338582677165 186.8031496062992 30.330708661417322 5
767.6220472440945 973.1338582677165 112.25196850393701 30.330708661417322 »

115.08661417322834 1014.5196850393701 59.811023622047244 24.094488188976378 Il
144.8503937007874 1014.5196850393701 59.811023622047244 24.094488188976378 le
174.89763779527559 1014.5196850393701 119.33858267716535 24.094488188976378 remercie
264.4724409448819 1014.5196850393701 109.41732283464567 24.094488188976378 d’avoir
344.12598425196853 1014.5196850393701 79.65354330708661 24.094488188976378 pris
393.73228346456693 1014.5196850393701 59.811023622047244 24.094488188976378 la
423.7795275590551 1014.5196850393701 109.41732283464567 24.094488188976378 défense
503.43307086614175 1014.5196850393701 59.811023622047244 24.094488188976378 de
533.1968503937007 1014.5196850393701 109.41732283464567 24.094488188976378 l’école
602.9291338582677 1014.5196850393701 179.1496062992126 24.094488188976378 impressionniste.

16.15748031496063 1051.9370078740158 143.71653543307087 36.28346456692913 43482.
116.78740157480316 1051.9370078740158 172.62992125984252 36.28346456692913 CAROLINE
246.33070866141733 1051.9370078740158 215.71653543307087 36.28346456692913 D’AUTRICHE,
418.96062992125985 1051.9370078740158 129.54330708661416 36.28346456692913 reine
505.13385826771656 1051.9370078740158 86.1732283464567 36.28346456692913 de
548.2204724409448 1051.9370078740158 158.17322834645668 36.28346456692913 Naples,
663.3070866141733 1051.9370078740158 115.08661417322834 36.28346456692913 sœur
735.3070866141733 1051.9370078740158 86.1732283464567 36.28346456692913 de
763.9370078740158 1051.9370078740158 115.08661417322834 36.28346456692913 Marie-

118.77165354330708 1078.2992125984251 193.3228346456693 32.031496062992126 Antoinette,
273.25984251968504 1078.2992125984251 128.9763779527559 32.031496062992126 épouse
363.40157480314963 1078.2992125984251 77.38582677165354 32.031496062992126 de
402.23622047244095 1078.2992125984251 167.5275590551181 32.031496062992126 Ferdinand
530.9291338582677 1078.2992125984251 90.14173228346456 32.031496062992126 IV,
582.5196850393701 1078.2992125984251 141.73228346456693 32.031496062992126 fameuse
685.7007874015748 1078.2992125984251 90.14173228346456 32.031496062992126 par
737.2913385826772 1078.2992125984251 77.38582677165354 32.031496062992126 sa
763.0866141732283 1078.2992125984251 115.93700787401575 32.031496062992126 cruauté

118.77165354330708 1104.9448818897638 78.51968503937007 30.89763779527559 et
157.88976377952756 1104.9448818897638 91.84251968503936 30.89763779527559 par
210.33070866141733 1104.9448818897638 78.51968503937007 30.89763779527559 la
249.73228346456693 1104.9448818897638 130.96062992125985 30.89763779527559 faveur
341.5748031496063 1104.9448818897638 144.28346456692913 30.89763779527559 qu’elle
446.45669291338584 1104.9448818897638 144.28346456692913 30.89763779527559 accorda
551.3385826771654 1104.9448818897638 65.48031496062993 30.89763779527559 à
577.4173228346457 1104.9448818897638 117.92125984251969 30.89763779527559 Acton
656.2204724409448 1104.9448818897638 78.51968503937007 30.89763779527559 et
695.6220472440945 1104.9448818897638 65.48031496062993 30.89763779527559 à
721.7007874015748 1104.9448818897638 104.88188976377953 30.89763779527559 lady
774.1417322834645 1104.9448818897638 104.88188976377953 30.89763779527559 Hamil-

118.48818897637796 1130.4566929133857 101.48031496062993 31.181102362204726 ton.
181.98425196850394 1130.4566929133857 63.496062992125985 31.181102362204726 —
207.21259842519686 1130.4566929133857 75.96850393700787 31.181102362204726 L.
245.48031496062993 1130.4566929133857 75.96850393700787 31.181102362204726 a.
283.46456692913387 1130.4566929133857 88.7244094488189 31.181102362204726 s.,
334.20472440944883 1130.4566929133857 75.96850393700787 31.181102362204726 en
372.18897637795277 1130.4566929133857 164.69291338582678 31.181102362204726 français,
498.8976377952756 1130.4566929133857 63.496062992125985 31.181102362204726 à
524.4094488188977 1130.4566929133857 88.7244094488189 31.181102362204726 une
575.1496062992126 1130.4566929133857 114.23622047244095 31.181102362204726 amie;
651.1181102362204 1130.4566929133857 152.2204724409449 31.181102362204726 Palerme,
765.0708661417323 1130.4566929133857 75.96850393700787 31.181102362204726 23
790.5826771653543 1130.4566929133857 88.7244094488189 31.181102362204726 avril

98.64566929133858 1156.5354330708662 305.00787401574803 31.748031496062993 1809,
301.8897637795276 1156.5354330708662 169.51181102362204 31.748031496062993 2
369.6377952755906 1156.5354330708662 203.24409448818898 31.748031496062993 p.
471.11811023622045 1156.5354330708662 305.00787401574803 31.748031496062993 in-4.
674.3622047244095 1156.5354330708662 237.25984251968504 31.748031496062993 100
776.1259842519685 1156.5354330708662 101.76377952755905 31.748031496062993 »

113.10236220472441 1201.0393700787401 125.85826771653544 25.79527559055118 SUPERBE
204.3779527559055 1201.0393700787401 125.85826771653544 25.79527559055118 LETTRE,
295.93700787401576 1201.0393700787401 68.5984251968504 25.79527559055118 où
330.23622047244095 1201.0393700787401 91.55905511811024 25.79527559055118 elle
387.496062992126 1201.0393700787401 68.5984251968504 25.79527559055118 se
421.79527559055117 1201.0393700787401 114.23622047244095 25.79527559055118 plaint
501.73228346456693 1201.0393700787401 68.5984251968504 25.79527559055118 de
536.0314960629921 1201.0393700787401 68.5984251968504 25.79527559055118 sa
570.3307086614174 1201.0393700787401 171.49606299212599 25.79527559055118 malheureuse
707.5275590551181 1201.0393700787401 160.15748031496062 25.79527559055118 situation,
821.7637795275591 1201.0393700787401 57.25984251968504 25.79527559055118 «ne

94.11023622047244 1220.5984251968505 127.2755905511811 25.228346456692915 pouvant,
189.63779527559055 1220.5984251968505 63.77952755905512 25.228346456692915 ni
221.38582677165354 1220.5984251968505 95.5275590551181 25.228346456692915 ayant
284.88188976377955 1220.5984251968505 159.30708661417322 25.228346456692915 l’authorité
412.4409448818898 1220.5984251968505 63.77952755905512 25.228346456692915 de
444.18897637795277 1220.5984251968505 95.5275590551181 25.228346456692915 faire
507.9685039370079 1220.5984251968505 63.77952755905512 25.228346456692915 le
539.7165354330708 1220.5984251968505 85.03937007874016 25.228346456692915 bien
592.7244094488188 1220.5984251968505 63.77952755905512 25.228346456692915 et
624.4724409448819 1220.5984251968505 116.78740157480316 25.228346456692915 portant
709.511811023622 1220.5984251968505 159.30708661417322 25.228346456692915 injustement
826.2992125984252 1220.5984251968505 53.00787401574803 25.228346456692915 sur

94.11023622047244 1239.3070866141732 77.38582677165354 27.77952755905512 mes
138.33070866141733 1239.3070866141732 121.60629921259843 27.77952755905512 épaules
226.77165354330708 1239.3070866141732 88.44094488188976 27.77952755905512 tout
281.76377952755905 1239.3070866141732 66.33070866141732 27.77952755905512 le
314.92913385826773 1239.3070866141732 99.49606299212599 27.77952755905512 blâme
381.25984251968504 1239.3070866141732 66.33070866141732 27.77952755905512 du
414.4251968503937 1239.3070866141732 99.49606299212599 27.77952755905512 mal».
480.755905511811 1239.3070866141732 66.33070866141732 27.77952755905512 Le
513.6377952755905 1239.3070866141732 77.38582677165354 27.77952755905512 duc
557.8582677165355 1239.3070866141732 143.43307086614172 27.77952755905512 d’Orléans
668.4094488188977 1239.3070866141732 220.8188976377953 27.77952755905512 (Louis-Philippe)
845.007874015748 1239.3070866141732 33.16535433070866 27.77952755905512 a

93.8267716535433 1258.8661417322835 92.97637795275591 26.078740157480315 passé
155.6220472440945 1258.8661417322835 113.66929133858268 26.078740157480315 quelque
238.11023622047244 1258.8661417322835 92.97637795275591 26.078740157480315 temps
300.18897637795277 1258.8661417322835 82.48818897637796 26.078740157480315 avec
351.7795275590551 1258.8661417322835 82.48818897637796 26.078740157480315 elle
403.37007874015745 1258.8661417322835 51.59055118110236 26.078740157480315 à
424.06299212598424 1258.8661417322835 113.66929133858268 26.078740157480315 Palerme
506.5511811023622 1258.8661417322835 61.79527559055118 26.078740157480315 et
537.4488188976378 1258.8661417322835 61.79527559055118 26.078740157480315 il
568.6299212598425 1258.8661417322835 72.28346456692914 26.078740157480315 est
609.7322834645669 1258.8661417322835 92.97637795275591 26.078740157480315 parti
671.8110236220473 1258.8661417322835 82.48818897637796 26.078740157480315 pour
723.4015748031496 1258.8661417322835 134.07874015748033 26.078740157480315 Cagliari.
816.3779527559055 1258.8661417322835 61.79527559055118 26.078740157480315 Elle

93.54330708661418 1278.708661417323 134.64566929133858 25.511811023622048 voudrait
194.74015748031496 1278.708661417323 89.85826771653544 25.511811023622048 voir
250.86614173228347 1278.708661417323 67.46456692913385 25.511811023622048 le
284.59842519685037 1278.708661417323 123.59055118110236 25.511811023622048 général
374.1732283464567 1278.708661417323 123.59055118110236 25.511811023622048 Stuart,
464.0314960629921 1278.708661417323 78.51968503937007 25.511811023622048 car
508.81889763779526 1278.708661417323 67.46456692913385 25.511811023622048 le
542.5511811023622 1278.708661417323 112.25196850393701 25.511811023622048 moment
621.0708661417323 1278.708661417323 78.51968503937007 25.511811023622048 est
666.1417322834645 1278.708661417323 123.59055118110236 25.511811023622048 décisif
755.7165354330708 1278.708661417323 67.46456692913385 25.511811023622048 et
789.4488188976378 1278.708661417323 67.46456692913385 25.511811023622048 on
811.8425196850394 1278.708661417323 67.46456692913385 25.511811023622048 peut

93.8267716535433 1298.267716535433 115.08661417322834 24.944881889763778 espérer
177.4488188976378 1298.267716535433 73.13385826771653 24.944881889763778 que
219.4015748031496 1298.267716535433 83.62204724409449 24.944881889763778 tout
271.5590551181102 1298.267716535433 125.5748031496063 24.944881889763778 changera
365.6692913385827 1298.267716535433 62.645669291338585 24.944881889763778 en
397.13385826771656 1298.267716535433 94.11023622047244 24.944881889763778 bien,
459.7795275590551 1298.267716535433 83.62204724409449 24.944881889763778 sans
512.2204724409448 1298.267716535433 83.62204724409449 24.944881889763778 quoi
564.3779527559055 1298.267716535433 125.5748031496063 24.944881889763778 l’Europe
658.488188976378 1298.267716535433 73.13385826771653 24.944881889763778 est
689.9527559055118 1298.267716535433 94.11023622047244 24.944881889763778 perdue.

15.874015748031496 1334.267716535433 128.69291338582678 34.86614173228347 43483.
106.01574803149606 1334.267716535433 141.73228346456693 34.86614173228347 CASELLI
208.91338582677164 1334.267716535433 193.3228346456693 34.86614173228347 (Giovanni),
363.40157480314963 1334.267716535433 167.5275590551181 34.86614173228347 physicien
492.37795275590554 1334.267716535433 154.48818897637796 34.86614173228347 italien,
608.3149606299213 1334.267716535433 167.5275590551181 34.86614173228347 inventeur
737.007874015748 1334.267716535433 103.18110236220473 34.86614173228347 d’un
788.5984251968504 1334.267716535433 90.14173228346456 34.86614173228347 télé-

116.78740157480316 1362.0472440944882 133.51181102362204 32.881889763779526 graphe
210.33070866141733 1362.0472440944882 200.1259842519685 32.881889763779526 électrique,
370.48818897637796 1362.0472440944882 133.51181102362204 32.881889763779526 adopté
463.748031496063 1362.0472440944882 80.22047244094489 32.881889763779526 en
503.7165354330709 1362.0472440944882 133.51181102362204 32.881889763779526 France
597.2598425196851 1362.0472440944882 80.22047244094489 32.881889763779526 en
637.2283464566929 1362.0472440944882 120.18897637795276 32.881889763779526 1865.
717.4488188976378 1362.0472440944882 66.61417322834646 32.881889763779526 —
744.0944881889764 1362.0472440944882 80.22047244094489 32.881889763779526 P.
784.0629921259842 1362.0472440944882 80.22047244094489 32.881889763779526 a.
810.992125984252 1362.0472440944882 66.61417322834646 32.881889763779526 s.;

109.13385826771653 1387.275590551181 207.49606299212599 32.59842519685039 Paris,
254.26771653543307 1387.275590551181 124.44094488188976 32.59842519685039 24
316.62992125984255 1387.275590551181 165.82677165354332 32.59842519685039 mars
420.09448818897636 1387.275590551181 186.8031496062992 32.59842519685039 1860,
544.5354330708661 1387.275590551181 103.74803149606299 32.59842519685039 1
586.2047244094488 1387.275590551181 124.44094488188976 32.59842519685039 p.
648.2834645669292 1387.275590551181 207.49606299212599 32.59842519685039 in-12.
793.4173228346457 1387.275590551181 103.74803149606299 32.59842519685039 6
814.3937007874016 1387.275590551181 62.36220472440945 32.59842519685039 »

113.10236220472441 1431.2125984251968 125.5748031496063 31.181102362204726 Souvenir
207.49606299212599 1431.2125984251968 115.08661417322834 31.181102362204726 adressé
291.11811023622045 1431.2125984251968 52.44094488188976 31.181102362204726 à
312.09448818897636 1431.2125984251968 104.5984251968504 31.181102362204726 l’abbé
385.51181102362204 1431.2125984251968 104.5984251968504 31.181102362204726 Moigno
458.6456692913386 1431.2125984251968 62.92913385826772 31.181102362204726 et
490.1102362204724 1431.2125984251968 136.06299212598427 31.181102362204726 reproduit
594.992125984252 1431.2125984251968 73.41732283464567 31.181102362204726 par
636.6614173228346 1431.2125984251968 146.5511811023622 31.181102362204726 l’appareil
752.0314960629921 1431.2125984251968 62.92913385826772 31.181102362204726 de
773.007874015748 1431.2125984251968 104.5984251968504 31.181102362204726 Caselli,

94.39370078740157 1453.0393700787401 70.58267716535433 24.944881889763778 qui
134.9291338582677 1453.0393700787401 111.11811023622047 24.944881889763778 donnait
215.71653543307087 1453.0393700787401 60.661417322834644 24.944881889763778 en
246.04724409448818 1453.0393700787401 111.11811023622047 24.944881889763778 quelque
326.8346456692913 1453.0393700787401 90.99212598425197 24.944881889763778 sorte
387.496062992126 1453.0393700787401 60.661417322834644 24.944881889763778 un
417.8267716535433 1453.0393700787401 141.4488188976378 24.944881889763778 fac-simile
528.9448818897638 1453.0393700787401 60.661417322834644 24.944881889763778 de
549.0708661417323 1453.0393700787401 131.24409448818898 24.944881889763778 l’écriture.

785.7637795275591 1493.8582677165355 21.25984251968504 14.456692913385826 1
