924.0944881889764 1536.6614173228347
390.0472440944882 27.496062992125985 85.88976377952756 29.763779527559056 —
424.62992125984255 27.496062992125985 103.18110236220473 29.763779527559056 18
458.92913385826773 27.496062992125985 51.59055118110236 29.763779527559056 —

11.905511811023622 84.75590551181102 132.09448818897638 39.68503937007874 43597.
104.5984251968504 84.75590551181102 158.45669291338584 39.68503937007874 SAUSSIER
223.37007874015748 84.75590551181102 264.18897637795277 39.68503937007874 (Félix-Gustave),
448.15748031496065 84.75590551181102 79.37007874015748 39.68503937007874 le
487.84251968503935 84.75590551181102 145.41732283464566 39.68503937007874 célèbre
593.2913385826772 84.75590551181102 158.45669291338584 39.68503937007874 général,
712.3464566929134 84.75590551181102 79.37007874015748 39.68503937007874 né
752.0314960629921 84.75590551181102 66.04724409448819 39.68503937007874 à
765.0708661417323 84.75590551181102 119.05511811023622 39.68503937007874 Troyes.

115.65354330708661 113.66929133858268 78.51968503937007 37.13385826771653 —
146.83464566929135 113.66929133858268 94.11023622047244 37.13385826771653 L.
193.88976377952756 113.66929133858268 94.11023622047244 37.13385826771653 a.
240.9448818897638 113.66929133858268 94.11023622047244 37.13385826771653 s.
288.0 113.66929133858268 78.51968503937007 37.13385826771653 à
319.46456692913387 113.66929133858268 94.11023622047244 37.13385826771653 M.
366.5196850393701 113.66929133858268 156.75590551181102 37.13385826771653 Pallu;
476.2204724409449 113.66929133858268 219.68503937007873 37.13385826771653 Perpignan,
648.8503937007874 113.66929133858268 78.51968503937007 37.13385826771653 2
680.3149606299213 113.66929133858268 94.11023622047244 37.13385826771653 p.
727.3700787401575 113.66929133858268 141.16535433070865 37.13385826771653 in-8.
821.4803149606299 113.66929133858268 78.51968503937007 37.13385826771653 6
837.0708661417323 113.66929133858268 47.05511811023622 37.13385826771653 »

112.53543307086615 159.30708661417322 61.79527559055118 30.330708661417322 Il
143.43307086614172 159.30708661417322 92.69291338582677 30.330708661417322 croit
205.22834645669292 159.30708661417322 92.69291338582677 30.330708661417322 qu’on
267.0236220472441 159.30708661417322 82.48818897637796 30.330708661417322 veut
318.3307086614173 159.30708661417322 133.79527559055117 30.330708661417322 l’appeler
421.2283464566929 159.30708661417322 51.59055118110236 30.330708661417322 à
441.9212598425197 159.30708661417322 92.69291338582677 30.330708661417322 Paris
503.7165354330709 159.30708661417322 82.48818897637796 30.330708661417322 avec
555.3070866141733 159.30708661417322 61.79527559055118 30.330708661417322 de
586.2047244094488 159.30708661417322 102.89763779527559 30.330708661417322 hautes
658.2047244094488 159.30708661417322 144.28346456692913 30.330708661417322 fonctions,
771.3070866141733 159.30708661417322 72.0 30.330708661417322 qui
812.6929133858267 159.30708661417322 61.79527559055118 30.330708661417322 ne
833.1023622047244 159.30708661417322 51.59055118110236 30.330708661417322 lui

90.99212598425197 179.43307086614172 160.7244094488189 29.763779527559056 conviennent
219.68503937007873 179.43307086614172 85.88976377952756 29.763779527559056 pas,
273.25984251968504 179.43307086614172 96.37795275590551 29.763779527559056 «mais
337.6062992125984 179.43307086614172 64.34645669291339 29.763779527559056 le
369.9212598425197 179.43307086614172 128.69291338582678 29.763779527559056 ministre
466.2992125984252 179.43307086614172 64.34645669291339 29.763779527559056 de
498.3307086614173 179.43307086614172 64.34645669291339 29.763779527559056 la
530.6456692913385 179.43307086614172 107.14960629921259 29.763779527559056 guerre
605.7637795275591 179.43307086614172 107.14960629921259 29.763779527559056 actuel
680.5984251968504 179.43307086614172 160.7244094488189 29.763779527559056 m’enverrait
798.5196850393701 179.43307086614172 85.88976377952756 29.763779527559056 plutôt

90.99212598425197 199.2755905511811 116.22047244094489 30.89763779527559 prendre
175.46456692913387 199.2755905511811 63.496062992125985 30.89763779527559 le
207.21259842519686 199.2755905511811 169.22834645669292 30.89763779527559 commandement
344.6929133858268 199.2755905511811 63.496062992125985 30.89763779527559 en
376.4409448818898 199.2755905511811 84.4724409448819 30.89763779527559 chef
429.1653543307087 199.2755905511811 73.98425196850394 30.89763779527559 des
471.40157480314963 199.2755905511811 84.4724409448819 30.89763779527559 îles
524.4094488188977 199.2755905511811 147.96850393700788 30.89763779527559 Marquises,
640.6299212598425 199.2755905511811 63.496062992125985 30.89763779527559 et
672.3779527559055 199.2755905511811 179.71653543307087 30.89763779527559 j’accepterais
809.8582677165355 199.2755905511811 73.98425196850394 30.89763779527559 peut

80.78740157480316 221.66929133858267 85.03937007874016 14.740157480314961 être.»

11.05511811023622 265.6062992125984 119.62204724409449 34.01574803149607 43598.
94.67716535433071 265.6062992125984 119.62204724409449 34.01574803149607 SAVOIE
178.29921259842519 265.6062992125984 238.96062992125985 34.01574803149607 (Thomas-François
381.54330708661416 265.6062992125984 95.5275590551181 34.01574803149607 de),
441.3543307086614 265.6062992125984 83.62204724409449 34.01574803149607 dit
489.25984251968504 265.6062992125984 71.71653543307086 34.01574803149607 le
524.9763779527559 265.6062992125984 155.33858267716536 34.01574803149607 Prince
644.5984251968504 265.6062992125984 179.43307086614172 34.01574803149607 Thomas,
788.0314960629921 265.6062992125984 95.5275590551181 34.01574803149607 fils
835.6535433070866 265.6062992125984 47.90551181102362 34.01574803149607 du

113.95275590551181 290.5511811023622 101.76377952755905 35.1496062992126 duc
172.06299212598427 290.5511811023622 305.29133858267716 35.1496062992126 Charles-Emmanuel,
433.7007874015748 290.5511811023622 174.61417322834646 35.1496062992126 illustre
564.6614173228346 290.5511811023622 189.0708661417323 35.1496062992126 guerrier,
710.0787401574803 290.5511811023622 116.22047244094489 35.1496062992126 tour
782.9291338582677 290.5511811023622 72.85039370078741 35.1496062992126 à
797.3858267716536 290.5511811023622 87.30708661417323 35.1496062992126 tour

113.95275590551181 318.3307086614173 196.15748031496062 33.44881889763779 adversaire
267.87401574803147 318.3307086614173 83.90551181102362 33.44881889763779 et
309.8267716535433 318.3307086614173 98.07874015748031 33.44881889763779 ami
365.9527559055118 318.3307086614173 98.07874015748031 33.44881889763779 des
422.0787401574803 318.3307086614173 181.98425196850394 33.44881889763779 Français,
562.1102362204724 318.3307086614173 126.14173228346456 33.44881889763779 grand
646.0157480314961 318.3307086614173 140.03149606299212 33.44881889763779 maître
744.0944881889764 318.3307086614173 83.90551181102362 33.44881889763779 de
772.1574803149606 318.3307086614173 111.96850393700787 33.44881889763779 France

114.51968503937007 344.9763779527559 106.01574803149606 32.31496062992126 sous
180.8503937007874 344.9763779527559 119.33858267716535 32.31496062992126 Louis
260.2204724409449 344.9763779527559 106.01574803149606 32.31496062992126 XIV.
326.5511811023622 344.9763779527559 66.33070866141732 32.31496062992126 —
353.1968503937008 344.9763779527559 79.37007874015748 32.31496062992126 L.
392.88188976377955 344.9763779527559 79.37007874015748 32.31496062992126 a.
432.56692913385825 344.9763779527559 79.37007874015748 32.31496062992126 s.
472.251968503937 344.9763779527559 79.37007874015748 32.31496062992126 (à
511.93700787401576 344.9763779527559 172.3464566929134 32.31496062992126 Mazarin);
644.5984251968504 344.9763779527559 79.37007874015748 32.31496062992126 31
684.2834645669292 344.9763779527559 159.0236220472441 32.31496062992126 décembre
790.2992125984252 344.9763779527559 92.69291338582677 32.31496062992126 1652,

100.34645669291339 372.18897637795277 134.9291338582677 32.031496062992126 4
154.20472440944883 372.18897637795277 161.85826771653544 32.031496062992126 p.
235.2755905511811 372.18897637795277 242.9291338582677 32.031496062992126 in-4.
397.13385826771656 372.18897637795277 431.7165354330709 32.031496062992126 Rare.
748.0629921259842 372.18897637795277 161.85826771653544 32.031496062992126 50
801.9212598425197 372.18897637795277 81.07086614173228 32.031496062992126 »

110.26771653543307 416.6929133858268 94.39370078740157 26.362204724409448 PIÈCE
173.1968503937008 416.6929133858268 146.5511811023622 26.362204724409448 HISTORIQUE
288.2834645669291 416.6929133858268 73.41732283464567 26.362204724409448 sur
330.23622047244095 416.6929133858268 62.92913385826772 26.362204724409448 la
361.7007874015748 416.6929133858268 136.06299212598427 26.362204724409448 nécessité
466.2992125984252 416.6929133858268 62.92913385826772 26.362204724409448 de
497.76377952755905 416.6929133858268 125.5748031496063 26.362204724409448 remettre
592.1574803149606 416.6929133858268 73.41732283464567 26.362204724409448 les
633.8267716535433 416.6929133858268 115.08661417322834 26.362204724409448 troupes
717.7322834645669 416.6929133858268 62.92913385826772 26.362204724409448 en
749.1968503937007 416.6929133858268 83.90551181102362 26.362204724409448 état
790.8661417322835 416.6929133858268 94.39370078740157 26.362204724409448 pendant

90.14173228346456 437.1023622047244 71.43307086614173 25.228346456692915 les
130.96062992125985 437.1023622047244 132.3779527559055 25.228346456692915 quartiers
232.7244094488189 437.1023622047244 122.1732283464567 25.228346456692915 d’hiver.
324.56692913385825 437.1023622047244 61.22834645669291 25.228346456692915 Il
354.8976377952756 437.1023622047244 183.4015748031496 25.228346456692915 l’entretiendra
507.68503937007875 437.1023622047244 61.22834645669291 25.228346456692915 de
538.2992125984252 437.1023622047244 71.43307086614173 25.228346456692915 ses
579.1181102362204 437.1023622047244 152.78740157480314 25.228346456692915 sentiments,
701.2913385826772 437.1023622047244 81.35433070866142 25.228346456692915 tant
752.3149606299213 437.1023622047244 71.43307086614173 25.228346456692915 sur
782.9291338582677 437.1023622047244 101.76377952755905 25.228346456692915 l’Italie

91.2755905511811 456.66141732283467 73.13385826771653 24.944881889763778 que
132.9448818897638 456.66141732283467 73.13385826771653 24.944881889763778 sur
174.89763779527559 456.66141732283467 62.645669291338585 24.944881889763778 le
206.07874015748033 456.66141732283467 104.31496062992126 24.944881889763778 reste,
279.21259842519686 456.66141732283467 73.13385826771653 24.944881889763778 car
320.88188976377955 456.66141732283467 62.645669291338585 24.944881889763778 il
352.34645669291336 456.66141732283467 73.13385826771653 24.944881889763778 est
394.01574803149606 456.66141732283467 145.98425196850394 24.944881889763778 nécessaire
508.81889763779526 456.66141732283467 62.645669291338585 24.944881889763778 de
540.0 456.66141732283467 114.80314960629921 24.944881889763778 trouver
623.6220472440945 456.66141732283467 62.645669291338585 24.944881889763778 le
654.8031496062993 456.66141732283467 93.8267716535433 24.944881889763778 moyen
717.4488188976378 456.66141732283467 166.96062992125985 24.944881889763778 d’entretenir
842.7401574803149 456.66141732283467 41.669291338582674 24.944881889763778 de

89.85826771653544 477.07086614173227 106.86614173228347 20.69291338582677 telles
164.69291338582678 477.07086614173227 106.86614173228347 20.69291338582677 armées
239.5275590551181 477.07086614173227 85.60629921259843 20.69291338582677 sans
293.1023622047244 477.07086614173227 106.86614173228347 20.69291338582677 ruiner
367.93700787401576 477.07086614173227 64.06299212598425 20.69291338582677 le
389.1968503937008 477.07086614173227 106.86614173228347 20.69291338582677 royaume.

5.952755905511811 522.7086614173228 135.21259842519686 30.614173228346456 43599.
100.62992125984252 522.7086614173228 135.21259842519686 30.614173228346456 SCHOLL
195.30708661417322 522.7086614173228 202.96062992125985 30.614173228346456 (Aurélien),
357.73228346456693 522.7086614173228 81.07086614173228 30.614173228346456 le
398.26771653543307 522.7086614173228 148.8188976377953 30.614173228346456 célèbre
506.26771653543307 522.7086614173228 202.96062992125985 30.614173228346456 publiciste.
668.6929133858267 522.7086614173228 67.74803149606299 30.614173228346456 —
695.6220472440945 522.7086614173228 81.07086614173228 30.614173228346456 L.
736.1574803149606 522.7086614173228 81.07086614173228 30.614173228346456 a.
776.6929133858267 522.7086614173228 81.07086614173228 30.614173228346456 s.
817.2283464566929 522.7086614173228 67.74803149606299 30.614173228346456 à
830.8346456692914 522.7086614173228 54.14173228346457 30.614173228346456 un

107.14960629921259 549.3543307086615 151.37007874015748 30.04724409448819 ami;
201.82677165354332 549.3543307086615 189.0708661417323 30.04724409448819 Paris,
334.20472440944883 549.3543307086615 113.38582677165354 30.04724409448819 22
390.8976377952756 549.3543307086615 151.37007874015748 30.04724409448819 mars
485.5748031496063 549.3543307086615 170.36220472440945 30.04724409448819 1886,
598.9606299212599 549.3543307086615 94.67716535433071 30.04724409448819 3
636.9448818897638 549.3543307086615 113.38582677165354 30.04724409448819 p.
693.6377952755905 549.3543307086615 170.36220472440945 30.04724409448819 in-8.
807.0236220472441 549.3543307086615 94.67716535433071 30.04724409448819 5
826.0157480314961 549.3543307086615 56.69291338582677 30.04724409448819 »

108.85039370078741 598.3937007874016 56.69291338582677 22.96062992125984 Il
137.1968503937008 598.3937007874016 66.33070866141732 22.96062992125984 dit
174.89763779527559 598.3937007874016 85.03937007874016 22.96062992125984 qu’il
231.59055118110237 598.3937007874016 75.68503937007874 22.96062992125984 rêve
278.92913385826773 598.3937007874016 160.7244094488189 22.96062992125984 d’occupations
411.3070866141732 598.3937007874016 132.3779527559055 22.96062992125984 nouvelles,
515.6220472440945 598.3937007874016 56.69291338582677 22.96062992125984 et
543.9685039370079 598.3937007874016 85.03937007874016 22.96062992125984 qu’il
600.6614173228346 598.3937007874016 47.338582677165356 22.96062992125984 a
619.6535433070866 598.3937007874016 94.67716535433071 22.96062992125984 quitté
685.7007874015748 598.3937007874016 56.69291338582677 22.96062992125984 le
714.0472440944882 598.3937007874016 160.7244094488189 22.96062992125984 Figaro
837.0708661417323 598.3937007874016 47.338582677165356 22.96062992125984 par

86.45669291338582 617.3858267716536 113.66929133858268 23.52755905511811 amitié
166.11023622047244 617.3858267716536 90.99212598425197 23.52755905511811 pour
222.8031496062992 617.3858267716536 147.96850393700788 23.52755905511811 Gambetta.
336.755905511811 617.3858267716536 68.31496062992126 23.52755905511811 Il
370.7716535433071 617.3858267716536 125.00787401574803 23.52755905511811 déclare
461.76377952755905 617.3858267716536 68.31496062992126 23.52755905511811 ne
496.06299212598424 617.3858267716536 79.65354330708661 23.52755905511811 pas
541.4173228346457 617.3858267716536 125.00787401574803 23.52755905511811 vouloir
632.4094488188977 617.3858267716536 90.99212598425197 23.52755905511811 être
689.3858267716536 617.3858267716536 102.33070866141732 23.52755905511811 homme
746.0787401574803 617.3858267716536 136.62992125984252 23.52755905511811 politique,

87.8740157480315 638.0787401574803 83.05511811023622 22.11023622047244 mais
139.748031496063 638.0787401574803 62.36220472440945 22.11023622047244 il
170.9291338582677 638.0787401574803 124.44094488188976 22.11023622047244 regrette
264.4724409448819 638.0787401574803 62.36220472440945 22.11023622047244 de
295.65354330708664 638.0787401574803 114.23622047244095 22.11023622047244 n’avoir
378.4251968503937 638.0787401574803 72.56692913385827 22.11023622047244 pas
420.09448818897636 638.0787401574803 114.23622047244095 22.11023622047244 accepté
503.1496062992126 638.0787401574803 62.36220472440945 22.11023622047244 le
534.0472440944882 638.0787401574803 124.44094488188976 22.11023622047244 consulat
617.1023622047244 638.0787401574803 114.23622047244095 22.11023622047244 d’Anvers.

4.535433070866142 684.2834645669292 143.71653543307087 28.346456692913385 43600.
105.16535433070867 684.2834645669292 229.88976377952756 28.346456692913385 SEGOND-WEBER
292.251968503937 684.2834645669292 330.5196850393701 28.346456692913385 (Eugénie-Caroline),
579.6850393700787 684.2834645669292 158.17322834645668 28.346456692913385 célèbre
680.3149606299213 684.2834645669292 201.25984251968504 28.346456692913385 tragédienne.

91.55905511811024 711.2125984251968 146.26771653543307 28.062992125984252 —
149.95275590551182 711.2125984251968 175.46456692913387 28.062992125984252 L.
237.82677165354332 711.2125984251968 146.26771653543307 28.062992125984252 a
296.2204724409449 711.2125984251968 234.14173228346456 28.062992125984252 .s.,
442.48818897637796 711.2125984251968 146.26771653543307 28.062992125984252 2
501.1653543307087 711.2125984251968 175.46456692913387 28.062992125984252 p.
588.7559055118111 711.2125984251968 263.33858267716533 28.062992125984252 in-8.
764.2204724409448 711.2125984251968 146.26771653543307 28.062992125984252 3
793.4173228346457 711.2125984251968 87.8740157480315 28.062992125984252 »

6.2362204724409445 763.6535433070866 143.71653543307087 30.04724409448819 43601.
106.86614173228347 763.6535433070866 129.25984251968504 30.04724409448819 SIMON
193.03937007874015 763.6535433070866 172.3464566929134 30.04724409448819 (Jules),
322.2992125984252 763.6535433070866 86.1732283464567 30.04724409448819 le
365.38582677165357 763.6535433070866 157.88976377952756 30.04724409448819 célèbre
480.18897637795277 763.6535433070866 200.9763779527559 30.04724409448819 philosophe
638.0787401574803 763.6535433070866 86.1732283464567 30.04724409448819 et
681.1653543307086 763.6535433070866 129.25984251968504 30.04724409448819 homme
752.8818897637796 763.6535433070866 129.25984251968504 30.04724409448819 d’Etat,

112.25196850393701 790.0157480314961 137.76377952755905 28.062992125984252 membre
208.91338582677164 790.0157480314961 82.77165354330708 28.062992125984252 de
250.01574803149606 790.0157480314961 192.75590551181102 28.062992125984252 l’Académie
401.6692913385827 790.0157480314961 192.75590551181102 28.062992125984252 française.
553.3228346456693 790.0157480314961 68.88188976377953 28.062992125984252 —
580.8188976377953 790.0157480314961 82.77165354330708 28.062992125984252 L.
622.2047244094488 790.0157480314961 82.77165354330708 28.062992125984252 a.
663.3070866141733 790.0157480314961 82.77165354330708 28.062992125984252 s.
704.6929133858267 790.0157480314961 68.88188976377953 28.062992125984252 à
732.1889763779527 790.0157480314961 151.6535433070866 28.062992125984252 Anatole
828.8503937007874 790.0157480314961 54.99212598425197 28.062992125984252 de

109.98425196850394 816.3779527559055 96.66141732283465 29.480314960629922 La
158.45669291338584 816.3779527559055 161.00787401574803 29.480314960629922 Forge;
270.99212598425197 816.3779527559055 161.00787401574803 29.480314960629922 Paris,
383.81102362204723 816.3779527559055 96.66141732283465 29.480314960629922 14
432.0 816.3779527559055 128.69291338582678 29.480314960629922 mars
512.503937007874 816.3779527559055 144.8503937007874 29.480314960629922 1881,
609.1653543307086 816.3779527559055 80.50393700787401 29.480314960629922 3
641.1968503937007 816.3779527559055 96.66141732283465 29.480314960629922 p.
689.6692913385826 816.3779527559055 161.00787401574803 29.480314960629922 in-12.
802.2047244094488 816.3779527559055 96.66141732283465 29.480314960629922 10
834.5196850393701 816.3779527559055 48.188976377952756 29.480314960629922 »

110.26771653543307 864.5669291338583 119.05511811023622 24.094488188976378 CURIEUSE
199.55905511811022 864.5669291338583 99.21259842519684 24.094488188976378 PIÈCE.
269.00787401574803 864.5669291338583 59.52755905511811 24.094488188976378 Il
298.7716535433071 864.5669291338583 128.9763779527559 24.094488188976378 s’associe
398.26771653543307 864.5669291338583 79.37007874015748 24.094488188976378 avec
447.87401574803147 864.5669291338583 109.13385826771653 24.094488188976378 plaisir
527.2440944881889 864.5669291338583 49.60629921259842 24.094488188976378 à
547.0866141732283 864.5669291338583 69.44881889763779 24.094488188976378 son
586.7716535433071 864.5669291338583 89.29133858267717 24.094488188976378 désir
646.2992125984252 864.5669291338583 59.52755905511811 24.094488188976378 de
676.0629921259842 864.5669291338583 178.58267716535434 24.094488188976378 réconciliation
825.1653543307086 864.5669291338583 59.52755905511811 24.094488188976378 et
845.007874015748 864.5669291338583 39.68503937007874 24.094488188976378 il

88.7244094488189 883.8425196850394 115.08661417322834 24.661417322834644 consent
172.3464566929134 883.8425196850394 146.26771653543307 24.661417322834644 volontiers
287.43307086614175 883.8425196850394 52.15748031496063 24.661417322834644 à
308.40944881889766 883.8425196850394 115.08661417322834 24.661417322834644 oublier
392.0314960629921 883.8425196850394 62.645669291338585 24.661417322834644 la
423.21259842519686 883.8425196850394 146.26771653543307 24.661417322834644 discussion
538.2992125984252 883.8425196850394 104.5984251968504 24.661417322834644 qu’ils
611.4330708661417 883.8425196850394 73.13385826771653 24.661417322834644 ont
653.3858267716536 883.8425196850394 73.13385826771653 24.661417322834644 eue
695.0551181102362 883.8425196850394 83.62204724409449 24.661417322834644 chez
747.496062992126 883.8425196850394 104.5984251968504 24.661417322834644 Victor
810.1417322834645 883.8425196850394 73.13385826771653 24.661417322834644 Hugo.

89.85826771653544 903.1181102362204 59.52755905511811 29.19685039370079 Il
119.62204724409449 903.1181102362204 89.5748031496063 29.19685039370079 croit
179.43307086614172 903.1181102362204 109.41732283464567 29.19685039370079 n’avoir
258.8031496062992 903.1181102362204 79.65354330708661 29.19685039370079 rien
308.40944881889766 903.1181102362204 69.44881889763779 29.19685039370079 dit
348.37795275590554 903.1181102362204 59.52755905511811 29.19685039370079 de
378.1417322834646 903.1181102362204 159.0236220472441 29.19685039370079 désobligeant
507.40157480314963 903.1181102362204 49.60629921259842 29.19685039370079 à
527.2440944881889 903.1181102362204 69.44881889763779 29.19685039370079 son
566.9291338582677 903.1181102362204 99.49606299212599 29.19685039370079 égard.
636.3779527559055 903.1181102362204 69.44881889763779 29.19685039370079 «Il
676.3464566929134 903.1181102362204 99.49606299212599 29.19685039370079 arrive
745.7952755905512 903.1181102362204 109.41732283464567 29.19685039370079 souvent
815.5275590551181 903.1181102362204 69.44881889763779 29.19685039370079 qu’en

86.74015748031496 923.2440944881889 166.6771653543307 25.511811023622048 rapportant
217.70078740157481 923.2440944881889 71.43307086614173 25.511811023622048 un
253.41732283464566 923.2440944881889 119.05511811023622 25.511811023622048 propos
337.03937007874015 923.2440944881889 71.43307086614173 25.511811023622048 on
372.755905511811 923.2440944881889 71.43307086614173 25.511811023622048 le
408.4724409448819 923.2440944881889 142.86614173228347 25.511811023622048 modifie,
515.6220472440945 923.2440944881889 95.24409448818898 25.511811023622048 même
575.1496062992126 923.2440944881889 95.24409448818898 25.511811023622048 sans
634.6771653543307 923.2440944881889 142.86614173228347 25.511811023622048 mauvaise
742.1102362204724 923.2440944881889 142.86614173228347 25.511811023622048 volonté,
837.3543307086615 923.2440944881889 47.62204724409449 25.511811023622048 et

87.8740157480315 945.3543307086615 90.99212598425197 23.52755905511811 c’est
148.53543307086613 945.3543307086615 131.24409448818898 23.52755905511811 l’origine
249.4488188976378 945.3543307086615 60.661417322834644 23.52755905511811 de
279.7795275590551 945.3543307086615 111.11811023622047 23.52755905511811 presque
360.56692913385825 945.3543307086615 100.91338582677166 23.52755905511811 toutes
431.1496062992126 945.3543307086615 70.58267716535433 23.52755905511811 les
461.4803149606299 945.3543307086615 131.24409448818898 23.52755905511811 fâcheries.»

5.3858267716535435 988.7244094488188 135.21259842519686 33.44881889763779 43602.
100.06299212598425 988.7244094488188 216.28346456692913 33.44881889763779 SIMON-GIRARD
275.81102362204723 988.7244094488188 338.1732283464567 33.44881889763779 (Juliette-Joséphine),
573.4488188976378 988.7244094488188 148.8188976377953 33.44881889763779 célèbre
681.4488188976378 988.7244094488188 148.8188976377953 33.44881889763779 artiste
776.1259842519685 988.7244094488188 108.28346456692914 33.44881889763779 drama-

112.53543307086615 1015.3700787401575 101.48031496062993 34.01574803149607 tique,
183.68503937007873 1015.3700787401575 71.14960629921259 34.01574803149607 qui
224.2204724409449 1015.3700787401575 50.74015748031496 34.01574803149607 a
244.62992125984252 1015.3700787401575 81.35433070866142 34.01574803149607 créé
295.37007874015745 1015.3700787401575 71.14960629921259 34.01574803149607 les
335.90551181102364 1015.3700787401575 142.29921259842519 34.01574803149607 Cloches
447.59055118110234 1015.3700787401575 60.94488188976378 34.01574803149607 de
478.20472440944883 1015.3700787401575 193.03937007874015 34.01574803149607 Corneville,
640.6299212598425 1015.3700787401575 60.94488188976378 34.01574803149607 la
671.2440944881889 1015.3700787401575 121.88976377952756 34.01574803149607 Fille
762.5196850393701 1015.3700787401575 60.94488188976378 34.01574803149607 du
782.9291338582677 1015.3700787401575 101.48031496062993 34.01574803149607 Tam

112.81889763779527 1042.2992125984251 245.48031496062993 33.16535433070866 bour-Major,
324.8503937007874 1042.2992125984251 89.29133858267717 33.16535433070866 etc.
380.40944881889766 1042.2992125984251 55.84251968503937 33.16535433070866 —
402.8031496062992 1042.2992125984251 66.89763779527559 33.16535433070866 L.
436.251968503937 1042.2992125984251 66.89763779527559 33.16535433070866 a.
469.7007874015748 1042.2992125984251 78.23622047244095 33.16535433070866 s.,
514.488188976378 1042.2992125984251 55.84251968503937 33.16535433070866 2
536.8818897637796 1042.2992125984251 66.89763779527559 33.16535433070866 p.
570.3307086614174 1042.2992125984251 100.34645669291339 33.16535433070866 in-8,
637.2283464566929 1042.2992125984251 111.68503937007874 33.16535433070866 papier
715.1811023622047 1042.2992125984251 55.84251968503937 33.16535433070866 à
737.5748031496063 1042.2992125984251 78.23622047244095 33.16535433070866 son
771.0236220472441 1042.2992125984251 111.68503937007874 33.16535433070866 chiffre.

91.55905511811024 1068.3779527559054 396.0 33.732283464566926 Jolie
388.34645669291336 1068.3779527559054 461.76377952755905 33.732283464566926 piece.
751.1811023622047 1068.3779527559054 164.9763779527559 33.732283464566926 5
784.3464566929134 1068.3779527559054 98.92913385826772 33.732283464566926 »

3.6850393700787403 1113.4488188976377 146.5511811023622 35.71653543307087 43603.
106.2992125984252 1113.4488188976377 176.03149606299212 35.71653543307087 SOUFFLOT
238.39370078740157 1113.4488188976377 322.5826771653543 35.71653543307087 (Jacques-Germain),
517.0393700787401 1113.4488188976377 87.8740157480315 35.71653543307087 le
561.2598425196851 1113.4488188976377 132.09448818897638 35.71653543307087 grand
649.1338582677165 1113.4488188976377 219.96850393700788 35.71653543307087 architecte,
810.4251968503937 1113.4488188976377 73.41732283464567 35.71653543307087 qui

112.25196850393701 1139.5275590551182 192.75590551181102 34.01574803149607 construisit
266.45669291338584 1139.5275590551182 77.10236220472441 34.01574803149607 le
305.00787401574803 1139.5275590551182 166.96062992125985 34.01574803149607 Panthéon.
433.4173228346457 1139.5275590551182 64.34645669291339 34.01574803149607 —
459.21259842519686 1139.5275590551182 77.10236220472441 34.01574803149607 L.
497.76377952755905 1139.5275590551182 77.10236220472441 34.01574803149607 a.
536.3149606299213 1139.5275590551182 77.10236220472441 34.01574803149607 s.
574.8661417322835 1139.5275590551182 64.34645669291339 34.01574803149607 à
600.6614173228346 1139.5275590551182 77.10236220472441 34.01574803149607 M.
639.2125984251968 1139.5275590551182 77.10236220472441 34.01574803149607 de
677.7637795275591 1139.5275590551182 154.20472440944883 34.01574803149607 Sartine;
780.3779527559055 1139.5275590551182 102.89763779527559 34.01574803149607 Paris,

100.06299212598425 1166.1732283464567 142.29921259842519 37.41732283464567 23
171.21259842519686 1166.1732283464567 213.4488188976378 37.41732283464567 avril
313.51181102362204 1166.1732283464567 213.4488188976378 37.41732283464567 1770,
455.81102362204723 1166.1732283464567 166.11023622047244 37.41732283464567 1/2
550.7716535433071 1166.1732283464567 142.29921259842519 37.41732283464567 p.
621.9212598425197 1166.1732283464567 213.4488188976378 37.41732283464567 in-4,
764.2204724409448 1166.1732283464567 142.29921259842519 37.41732283464567 25
811.5590551181102 1166.1732283464567 71.14960629921259 37.41732283464567 »

107.71653543307086 1212.9448818897638 59.811023622047244 36.28346456692913 Il
137.48031496062993 1212.9448818897638 59.811023622047244 36.28346456692913 le
167.5275590551181 1212.9448818897638 79.65354330708661 36.28346456692913 prie
217.13385826771653 1212.9448818897638 59.811023622047244 36.28346456692913 de
247.1811023622047 1212.9448818897638 89.5748031496063 36.28346456692913 faire
306.70866141732284 1212.9448818897638 109.41732283464567 36.28346456692913 toucher
386.3622047244094 1212.9448818897638 59.811023622047244 36.28346456692913 au
416.40944881889766 1212.9448818897638 59.811023622047244 36.28346456692913 s.
446.1732283464567 1212.9448818897638 109.41732283464567 36.28346456692913 Poncel,
525.8267716535433 1212.9448818897638 159.30708661417322 36.28346456692913 entrepreneur
655.0866141732283 1212.9448818897638 59.811023622047244 36.28346456692913 de
685.1338582677165 1212.9448818897638 119.33858267716535 36.28346456692913 l’église
774.7086614173228 1212.9448818897638 59.811023622047244 36.28346456692913 de
794.5511811023622 1212.9448818897638 89.5748031496063 36.28346456692913 Sainte-

87.59055118110236 1233.6377952755906 155.0551181102362 32.031496062992126 Geneviève,
209.48031496062993 1233.6377952755906 66.33070866141732 32.031496062992126 la
242.64566929133858 1233.6377952755906 99.77952755905511 32.031496062992126 somme
308.9763779527559 1233.6377952755906 66.33070866141732 32.031496062992126 de
342.1417322834646 1233.6377952755906 110.83464566929133 32.031496062992126 30,800
419.81102362204723 1233.6377952755906 110.83464566929133 32.031496062992126 livres
497.1968503937008 1233.6377952755906 66.33070866141732 32.031496062992126 en
530.3622047244095 1233.6377952755906 110.83464566929133 32.031496062992126 compte
608.0314960629921 1233.6377952755906 77.38582677165354 32.031496062992126 sur
652.2519685039371 1233.6377952755906 77.38582677165354 32.031496062992126 les
696.4724409448819 1233.6377952755906 132.9448818897638 32.031496062992126 ouvrages
796.2519685039371 1233.6377952755906 99.77952755905511 32.031496062992126 qu’il
851.5275590551181 1233.6377952755906 33.16535433070866 32.031496062992126 a

88.44094488188976 1264.5354330708662 85.32283464566929 22.393700787401574 faits
145.13385826771653 1264.5354330708662 75.96850393700787 22.393700787401574 pour
192.4724409448819 1264.5354330708662 94.67716535433071 22.393700787401574 ladite
249.4488188976378 1264.5354330708662 85.32283464566929 22.393700787401574 église.

6.2362204724409445 1299.6850393700788 144.28346456692913 40.53543307086614 43604.
107.14960629921259 1299.6850393700788 187.37007874015748 40.53543307086614 STANISLAS
251.43307086614172 1299.6850393700788 201.82677165354332 40.53543307086614 LECZINSKI,
409.8897637795276 1299.6850393700788 100.91338582677166 40.53543307086614 roi
467.43307086614175 1299.6850393700788 86.45669291338582 40.53543307086614 de
510.8031496062992 1299.6850393700788 172.91338582677164 40.53543307086614 Pologne,
640.6299212598425 1299.6850393700788 115.37007874015748 40.53543307086614 puis
712.6299212598425 1299.6850393700788 100.91338582677166 40.53543307086614 duc
770.1732283464567 1299.6850393700788 86.45669291338582 40.53543307086614 de
799.0866141732283 1299.6850393700788 86.45669291338582 40.53543307086614 Lor-

112.81889763779527 1326.8976377952756 140.31496062992127 40.53543307086614 laine,
210.89763779527559 1326.8976377952756 182.5511811023622 40.53543307086614 beau-père
351.21259842519686 1326.8976377952756 84.18897637795276 40.53543307086614 de
393.4488188976378 1326.8976377952756 126.4251968503937 40.53543307086614 Louis
477.6377952755906 1326.8976377952756 98.36220472440945 40.53543307086614 XV.
533.7637795275591 1326.8976377952756 70.2992125984252 40.53543307086614 —
561.8267716535433 1326.8976377952756 84.18897637795276 40.53543307086614 L.
603.7795275590552 1326.8976377952756 84.18897637795276 40.53543307086614 a.
646.0157480314961 1326.8976377952756 98.36220472440945 40.53543307086614 s.,
702.1417322834645 1326.8976377952756 84.18897637795276 40.53543307086614 en
730.2047244094488 1326.8976377952756 154.48818897637796 40.53543307086614 français;

107.71653543307086 1353.259842519685 289.13385826771656 41.38582677165354 Wissembourg,
342.70866141732284 1353.259842519685 108.56692913385827 41.38582677165354 13
396.8503937007874 1353.259842519685 144.56692913385828 41.38582677165354 mars
487.2755905511811 1353.259842519685 162.70866141732284 41.38582677165354 1724,
595.8425196850394 1353.259842519685 90.4251968503937 41.38582677165354 1
631.8425196850394 1353.259842519685 108.56692913385827 41.38582677165354 p.
686.2677165354331 1353.259842519685 162.70866141732284 41.38582677165354 in-4.
794.5511811023622 1353.259842519685 108.56692913385827 41.38582677165354 25
830.8346456692914 1353.259842519685 54.14173228346457 41.38582677165354 »

106.01574803149606 1401.732283464567 64.91338582677166 36.8503937007874 Il
138.33070866141733 1401.732283464567 130.11023622047244 36.8503937007874 témoigne
235.84251968503938 1401.732283464567 75.96850393700787 36.8503937007874 son
279.21259842519686 1401.732283464567 173.48031496062993 36.8503937007874 appréhension
420.09448818897636 1401.732283464567 173.48031496062993 36.8503937007874 relativement
560.9763779527559 1401.732283464567 54.14173228346457 36.8503937007874 à
582.8031496062993 1401.732283464567 64.91338582677166 36.8503937007874 la
615.1181102362204 1401.732283464567 130.11023622047244 36.8503937007874 réussite
712.6299212598425 1401.732283464567 86.74015748031496 36.8503937007874 d’un
767.0551181102362 1401.732283464567 108.28346456692914 36.8503937007874 projet
831.9685039370079 1401.732283464567 54.14173228346457 36.8503937007874 qui

89.5748031496063 1434.8976377952756 153.35433070866142 17.858267716535433 l’intéresse
201.82677165354332 1434.8976377952756 112.53543307086615 17.858267716535433 vivement.

4.818897637795276 1467.2125984251968 160.44094488188978 45.354330708661415 43605.
117.07086614173228 1467.2125984251968 304.7244094488189 45.354330708661415 SULLY-PRUDHOMME
373.6062992125984 1467.2125984251968 432.8503937007874 45.354330708661415 (René-François-Armand),
742.3937007874016 1467.2125984251968 144.28346456692913 45.354330708661415 célèbre
