3228 5353
1372 109 312 77 —
1496 109 374 77 22
1621 109 187 77 —

75 272 529 162 43626.
445 272 529 162 MUSÉUM
816 272 741 162 D’HISTOIRE
1397 272 741 162 NATURELLE.
1979 272 264 162 —
2085 272 317 162 L.
2244 272 317 162 a.
2402 272 317 162 s.
2561 272 317 162 de
2667 272 423 162 Faujas

444 376 260 154 de
574 376 649 154 Saint-Fond;
1093 376 433 154 Jardin
1396 376 260 154 du
1526 376 346 154 Roi,
1742 376 260 154 le
1872 376 260 154 15
2002 376 476 154 juillet
2348 376 390 154 1788,
2608 376 216 154 2
2694 376 260 154 p.
2781 376 303 154 in

2862 518 277 79 4
2917 518 166 79 »

423 592 235 121 Il
540 592 470 121 demande,
893 592 470 121 d’accord
1245 592 313 121 avec
1441 592 235 121 M.
1559 592 431 121 Thouïn,
1872 592 352 121 qu’on
2107 592 548 121 maintienne
2538 592 235 121 au
2655 592 392 121 Jardin
2890 592 196 121 des

358 661 401 92 plantes
649 661 218 92 le
758 661 473 92 réglement
1122 661 401 92 élaboré
1414 661 255 92 par
1559 661 218 92 M.
1668 661 218 92 de
1741 661 328 92 Buffon.

75 776 443 140 43627.
385 776 443 140 PARIS.
695 776 221 140 —
783 776 266 140 P.
916 776 310 140 s.,
1094 776 310 140 sur
1271 776 443 140 vélin,
1581 776 310 140 par
1758 776 443 140 Pierre
2068 776 532 140 Thévenot
2467 776 266 140 et
2600 776 266 140 P.
2688 776 399 140 Lemais-

434 874 365 133 tre,
663 874 776 133 entrepreneurs
1302 874 320 133 des
1485 874 594 133 bâtiments
1941 874 274 133 du
2078 874 365 133 roi;
2307 874 457 133 Paris,
2626 874 228 133 4
2672 874 411 133 septem-

373 960 758 138 bre
806 960 975 138 1671,
1456 960 541 138 1
1672 960 650 138 p.
1997 960 975 138 in-4.
2647 960 541 138 4
2755 960 325 138 »

420 1086 304 121 Reçu
610 1086 228 121 de
724 1086 228 121 la
838 1086 342 121 somme
1066 1086 228 121 de
1181 1086 304 121 1000
1371 1086 380 121 livres
1637 1086 456 121 à-compte
1979 1086 266 121 sur
2131 1086 266 121 les
2283 1086 456 121 ouvrages
2626 1086 228 121 de
2702 1086 380 121 maçonne-

350 1153 246 101 rie
491 1153 352 101 qu'ils
737 1153 282 101 font
913 1153 282 101 pour
1089 1153 211 101 la
1195 1153 563 101 construction
1653 1153 211 101 du
1758 1153 282 101 quai
1934 1153 211 101 le
2040 1153 282 101 long
2216 1153 211 101 du
2322 1153 317 101 Cours
2533 1153 211 101 la
2603 1153 282 101 Reine.

68 1266 479 135 43628.
403 1266 719 135 TERRE-NEUVE
978 1266 383 135 (île
1218 1266 383 135 de).
1457 1266 240 135 —
1553 1266 287 135 P.
1697 1266 287 135 s.
1841 1266 335 135 par
2032 1266 431 135 Louis
2320 1266 335 135 XIV
2463 1266 623 135 (secrétaire

430 1362 279 127 de
570 1362 279 127 la
710 1362 466 127 main);
1036 1362 698 127 Versailles,
1594 1362 279 127 15
1734 1362 372 127 mars
1967 1362 419 127 1696,
2246 1362 233 127 1
2339 1362 279 127 p.
2479 1362 372 127 in-4
2665 1362 419 127 oblong.

2819 1483 315 78 10
2924 1483 158 78 »

417 1575 356 106 Brevet
666 1575 391 106 accordé
951 1575 213 106 au
1058 1575 320 106 sieur
1271 1575 213 106 de
1378 1575 427 106 Belorme,
1698 1575 427 106 habitant
2019 1575 213 106 de
2125 1575 213 106 la
2232 1575 356 106 petite
2481 1575 320 106 Grave
2695 1575 285 106 dans
2837 1575 249 106 l’île

349 1645 219 102 de
458 1645 548 102 Terre-Neuve
896 1645 292 102 pour
1079 1645 256 102 lui
1225 1645 475 102 conserver
1590 1645 219 102 la
1699 1645 511 102 jouissance
2101 1645 292 102 d’un
2283 1645 402 102 terrain
2575 1645 256 102 sur
2721 1645 365 102 lequel
2940 1645 146 102 il

351 1711 174 68 a
421 1711 278 68 fait
594 1711 312 68 bâtir
803 1711 278 68 dans
976 1711 208 68 le
1080 1711 278 68 fort
1254 1711 312 68 Louis
1462 1711 208 68 de
1531 1711 417 68 Plaisance.

65 1806 487 144 43629.
406 1806 487 144 VENDÉE
747 1806 779 144 (Département
1380 1806 292 144 de
1526 1806 390 144 la).
1769 1806 243 144 —
1867 1806 292 144 1°
2013 1806 292 144 L.
2159 1806 292 144 a.
2305 1806 292 144 s.
2451 1806 292 144 de
2597 1806 438 144 P.-R.
2841 1806 243 144 M.,

418 1915 490 118 COMTE
744 1915 327 118 DE
908 1915 763 118 VAUGIRAUD,
1507 1915 599 118 célèbre
1943 1915 545 118 marin,
2324 1915 327 118 né
2488 1915 381 118 aux
2651 1915 436 118 Sables

432 2010 652 119 d’Olonnes;
945 2010 326 119 les
1131 2010 512 119 Sables,
1504 2010 279 119 21
1643 2010 512 119 octobre
2016 2010 419 119 1790,
2295 2010 233 119 4
2388 2010 279 119 p.
2528 2010 419 119 in-4.
2761 2010 326 119 Belle

425 2100 496 120 lettre.
786 2100 226 120 —
876 2100 271 120 2°
1011 2100 451 120 Brevet
1327 2100 406 120 d’une
1598 2100 496 120 pension
1958 2100 271 120 de
2094 2100 406 120 1.200
2364 2100 451 120 livres
2635 2100 451 120 accordée

427 2192 315 117 par
607 2192 405 117 Louis
877 2192 315 117 XVI
1058 2192 225 117 à
1148 2192 631 117 Vaugiraud,
1643 2192 405 117 pièce
1914 2192 496 117 signée,
2274 2192 315 117 sur
2454 2192 451 117 vélin,
2770 2192 315 117 par
2905 2192 180 117 le

427 2284 611 114 secrétaire
907 2284 262 114 de
1038 2284 262 114 la
1169 2284 393 114 main;
1431 2284 655 114 Versailles,
1955 2284 262 114 27
2085 2284 480 114 février
2435 2284 393 114 1786,
2696 2284 218 114 1
2784 2284 262 114 p.
2871 2284 218 114 in-

326 2376 1307 113 folio
1197 2376 1597 113 oblong.
2358 2376 871 113 10
2649 2376 436 113 »

410 2496 230 93 Ce
525 2496 460 93 document
869 2496 460 93 constate
1214 2496 268 93 que
1367 2496 804 93 Pierre-René-Marie
2057 2496 230 93 de
2172 2496 498 93 Vaugiraud
2555 2496 230 93 de
2670 2496 383 93 Rosnay
2899 2496 192 93 est

342 2562 223 95 né
453 2562 260 95 aux
602 2562 371 95 Sables
862 2562 445 95 d’Olonne
1196 2562 223 95 le
1307 2562 223 95 27
1418 2562 445 95 décembre
1753 2562 297 95 1741
1938 2562 223 95 et
2050 2562 186 95 a
2124 2562 260 95 été
2272 2562 408 95 baptisé
2569 2562 223 95 le
2681 2562 223 95 30
2792 2562 223 95 du
2866 2562 223 95 même

306 2636 267 56 mois.

61 2731 489 142 43630.
403 2731 537 142 VENDÉE.
794 2731 244 142 —
892 2731 293 142 P.
1038 2731 293 142 s.
1185 2731 342 142 par
1380 2731 342 142 les
1576 2731 830 142 représentants
2260 2731 293 142 BO
2406 2731 293 142 et
2504 2731 586 142 BOURBOTTE;

428 2838 497 115 Nantes,
789 2838 271 115 17
925 2838 542 115 prairial
1331 2838 271 115 an
1467 2838 316 115 II,
1647 2838 226 115 3
1738 2838 271 115 p.
1873 2838 316 115 1/2
2054 2838 407 115 in-4,
2325 2838 361 115 tête
2551 2838 271 115 et
2641 2838 452 115 vignette

359 2930 1594 116 imprimées,
1612 2930 1253 116 cachet.
2523 2930 683 116 15
2750 2930 342 116 »

416 3053 529 93 Intéressant
839 3053 458 93 document,
1191 3053 247 93 qui
1332 3053 423 93 organise
1650 3053 212 93 la
1755 3053 388 93 justice
2037 3053 458 93 militaire
2390 3053 247 93 sur
2531 3053 247 93 les
2637 3053 458 93 territoires

341 3120 427 99 occupés
652 3120 272 99 par
807 3120 427 99 l’armée
1117 3120 233 99 de
1234 3120 466 99 l’Ouest.
1583 3120 233 99 Le
1700 3120 466 99 document
2049 3120 427 99 indique
2360 3120 272 99 les
2515 3120 505 99 divisions
2864 3120 233 99 sou-

343 3194 330 84 mises
563 3194 183 84 à
636 3194 366 84 chaque
893 3194 440 84 tribunal
1223 3194 220 84 et
1333 3194 220 84 le
1442 3194 256 84 nom
1589 3194 256 84 des
1699 3194 293 84 juges.

64 3299 474 140 43631.
395 3299 521 140 VENDÉE.
775 3299 237 140 —
869 3299 284 140 P.
1012 3299 284 140 s.
1154 3299 332 140 par
1343 3299 284 140 le
1486 3299 521 140 général
1865 3299 569 140 Beaupuy;
2291 3299 569 140 quartier
2670 3299 427 140 général

426 3406 296 118 de
574 3406 494 118 Valet,
919 3406 296 118 12
1068 3406 593 118 germinal
1512 3406 296 118 an
1660 3406 395 118 III,
1907 3406 247 118 1
2006 3406 296 118 p.
2154 3406 346 118 1/2
2351 3406 642 118 in-folio.
2845 3406 296 118 12
2944 3406 148 118 »

408 3528 345 98 Ordre
638 3528 230 98 de
753 3528 384 98 marche
1021 3528 422 98 adressé
1328 3528 192 98 à
1405 3528 422 98 Savary.
1712 3528 422 98 L’armée
2019 3528 460 98 marchera
2364 3528 269 98 sur
2518 3528 307 98 deux
2671 3528 422 98 colonnes,

334 3595 303 103 dont
523 3595 378 103 l'une,
788 3595 492 103 commandée
1166 3595 265 103 par
1317 3595 378 103 Savary
1582 3595 227 103 se
1696 3595 454 103 portera,
2036 3595 265 103 par
2187 3595 378 103 Jetté,
2452 3595 265 103 sur
2603 3595 227 103 la
2679 3595 416 103 Chapelle-

337 3663 512 103 du-Genet;
731 3663 434 103 l’autre
1046 3663 512 103 commandée
1440 3663 276 103 par
1598 3663 434 103 Beaupuy
1913 3663 237 103 se
2032 3663 434 103 portera
2347 3663 197 103 à
2426 3663 631 103 Saint-Mecker
2899 3663 197 103 par

258 3749 440 70 Montigny.

54 3848 534 109 43632.
428 3848 641 109 VOLTAIRE
909 3848 695 109 (document
1443 3848 481 109 sur).
1764 3848 267 109 —
1871 3848 321 109 L.
2031 3848 321 109 s.
2191 3848 321 109 de
2352 3848 321 109 E.
2512 3848 588 109 LEGOUVÉ
2886 3848 214 109 et

419 3939 315 118 E.
577 3939 473 118 HAVIN
892 3939 315 118 au
1050 3939 630 118 MARÉCHAL
1522 3939 683 118 VAILLANT,
2048 3939 630 118 ministre
2520 3939 368 118 des
2678 3939 420 118 Beaux-

427 4031 429 124 Arts;
713 4031 477 124 Paris,
1047 4031 286 124 27
1190 4031 572 124 décembre
1619 4031 429 124 1867,
1905 4031 238 124 1
2001 4031 286 124 p.
2144 4031 334 124 1/2
2334 4031 429 124 in-4.
2620 4031 238 124 —
2716 4031 286 124 2°
2811 4031 286 124 Note

421 4122 669 123 manuscrite
947 4122 526 123 émanant
1329 4122 287 123 du
1473 4122 621 123 ministère
1951 4122 335 123 des
2142 4122 717 123 Beaux-Arts;
2716 4122 287 123 14
2811 4122 287 123 jan-

395 4209 617 134 vier
780 4209 694 134 1868,
1243 4209 386 134 2
1397 4209 463 134 p.
1629 4209 540 134 1/2
1937 4209 1003 134 in-folio.
2708 4209 463 134 20
2863 4209 231 134 »

407 4335 442 109 CURIEUX
728 4335 562 109 DOCUMENTS.
1170 4335 281 109 MM.
1330 4335 361 109 Havin
1571 4335 241 109 et
1692 4335 442 109 Legouvé
2013 4335 562 109 demandent,
2455 4335 321 109 pour
2655 4335 402 109 ériger
2896 4335 201 109 une

340 4403 349 112 statue
585 4403 210 112 de
689 4403 454 112 Voltaire,
1039 4403 419 112 l’espace
1353 4403 384 112 compris
1632 4403 314 112 entre
1842 4403 210 112 le
1947 4403 279 112 pont
2121 4403 244 112 des
2261 4403 279 112 Arts
2435 4403 210 112 et
2540 4403 524 112 l’Institut.
2924 4403 175 112 Les

334 4472 332 111 fonds
555 4472 295 111 pour
740 4472 516 111 l’érection
1145 4472 221 111 de
1256 4472 332 111 cette
1477 4472 369 111 statue
1735 4472 406 111 avaient
2030 4472 258 111 été
2177 4472 369 111 réunis
2435 4472 258 111 par
2583 4472 258 111 une
2693 4472 406 111 souscrip-

343 4540 254 111 tion
502 4540 159 111 à
565 4540 254 111 0.25
724 4540 412 111 organisée
1041 4540 222 111 par
1168 4540 190 111 le
1263 4540 349 111 journal
1517 4540 190 111 le
1612 4540 571 111 <i>Siècle,</i>
2087 4540 190 111 et
2182 4540 159 111 à
2246 4540 381 111 laquelle
2531 4540 349 111 202.500
2753 4540 349 111 personnes

335 4608 423 111 avaient
642 4608 423 111 adhéré.
950 4608 192 111 —
1026 4608 231 111 La
1142 4608 307 111 note
1334 4608 231 111 du
1449 4608 500 111 ministère
1834 4608 269 111 des
1987 4608 538 111 Beaux-Arts
2410 4608 384 111 combat
2679 4608 231 111 le
2756 4608 346 111 projet,

335 4676 308 115 pour
527 4676 500 115 plusieurs
912 4676 462 115 raisons.
1258 4676 269 115 Les
1412 4676 385 115 places
1681 4676 500 115 publiques
2065 4676 423 115 doivent
2373 4676 308 115 être
2565 4676 500 115 réservées
2912 4676 192 115 aux

337 4742 493 112 monuments
716 4742 379 112 dédiés
982 4742 190 112 à
1058 4742 265 112 des
1209 4742 569 112 souverains,
1664 4742 303 112 mais
1854 4742 228 112 si
1967 4742 303 112 l’on
2157 4742 303 112 veut
2347 4742 417 112 traiter
2650 4742 455 112 Voltaire
2953 4742 152 112 en

343 4811 483 112 souverain,
723 4811 380 112 puisque
999 4811 276 112 dans
1172 4811 207 112 un
1275 4811 380 112 certain
1551 4811 311 112 monde
1758 4811 207 112 on
1862 4811 242 112 lui
2000 4811 173 112 a
2069 4811 311 112 donné
2276 4811 207 112 le
2379 4811 311 112 titre
2586 4811 207 112 de
2655 4811 449 112 <i>Roi,</i>

339 4878 692 115 l'emplacement
909 4878 448 115 demandé
1235 4878 407 115 est-il
1520 4878 326 115 bien
1724 4878 448 115 choisi.
2049 4878 570 115 L’érection
2497 4878 326 115 d’un
2660 4878 448 115 semblable

342 4947 448 124 monument
678 4947 448 124 pourrait
1014 4947 448 124 froisser
1350 4947 560 124 l'Institut.
1799 4947 486 124 «Voltaire
2172 4947 336 124 n’est
2396 4947 261 124 pas
2546 4947 224 124 un
2658 4947 224 124 de
2770 4947 261 124 ces
2882 4947 224 124 hom-

339 5012 252 131 mes
483 5012 359 131 devant
734 5012 431 131 lesquels
1058 5012 288 131 tous
1238 5012 252 131 les
1382 5012 431 131 citoyens
1705 5012 539 131 s'inclinent
2136 5012 288 131 avec
2316 5012 611 131 respect.....;
2819 5012 252 131 son
2927 5012 180 131 nom

345 5079 395 135 appelle
632 5079 215 135 la
740 5079 431 135 dispute;
1063 5079 251 135 ses
1207 5079 467 135 doctrines
1566 5079 215 135 et
1674 5079 251 135 ses
1817 5079 467 135 principes
2176 5079 287 135 sont
2356 5079 215 135 le
2464 5079 323 135 sujet
2679 5079 251 135 des
2787 5079 323 135 contro-

342 5167 369 105 verses
600 5167 258 105 les
748 5167 295 105 plus
932 5167 664 105 douloureuses.»
1486 5167 443 105 Piquants
1781 5167 369 105 détails.
