892.0629921259842 1482.5196850393702
374.45669291338584 25.79527559055118 89.5748031496063 25.511811023622048 —
410.1732283464567 25.79527559055118 107.43307086614173 25.511811023622048 17
446.1732283464567 25.79527559055118 53.85826771653543 25.511811023622048 —

13.88976377952756 80.22047244094489 134.36220472440945 31.181102362204726 43589.
108.0 80.22047244094489 161.29133858267716 31.181102362204726 ROUSSEAU
228.75590551181102 80.22047244094489 201.54330708661416 31.181102362204726 (Théodore),
390.0472440944882 80.22047244094489 147.96850393700788 31.181102362204726 célèbre
497.76377952755905 80.22047244094489 147.96850393700788 31.181102362204726 peintre
605.1968503937007 80.22047244094489 201.54330708661416 31.181102362204726 paysagiste,
766.488188976378 80.22047244094489 94.11023622047244 31.181102362204726 ami
806.7401574803149 80.22047244094489 53.85826771653543 31.181102362204726 de

117.07086614173228 106.2992125984252 131.81102362204723 30.614173228346456 Millet.
212.88188976377953 106.2992125984252 60.09448818897638 30.614173228346456 —
236.9763779527559 106.2992125984252 72.0 30.614173228346456 L.
272.9763779527559 106.2992125984252 72.0 30.614173228346456 a.
308.9763779527559 106.2992125984252 72.0 30.614173228346456 s.
344.9763779527559 106.2992125984252 83.90551181102362 30.614173228346456 TH.
392.88188976377955 106.2992125984252 72.0 30.614173228346456 R.
428.88188976377955 106.2992125984252 60.09448818897638 30.614173228346456 à
452.6929133858268 106.2992125984252 95.81102362204724 30.614173228346456 Jean
512.7874015748032 106.2992125984252 131.81102362204723 30.614173228346456 Millet;
608.5984251968504 106.2992125984252 155.90551181102362 30.614173228346456 vendredi,
728.7874015748032 106.2992125984252 60.09448818897638 30.614173228346456 2
752.5984251968504 106.2992125984252 72.0 30.614173228346456 p.
776.6929133858267 106.2992125984252 83.90551181102362 30.614173228346456 in

104.5984251968504 131.24409448818898 267.87401574803147 24.944881889763778 Rare
299.33858267716533 131.24409448818898 145.98425196850394 24.944881889763778 et
372.4724409448819 131.24409448818898 438.23622047244095 24.944881889763778 recherché.
737.8582677165355 131.24409448818898 145.98425196850394 24.944881889763778 20
786.3307086614174 131.24409448818898 73.13385826771653 24.944881889763778 »

112.25196850393701 172.91338582677164 87.02362204724409 23.244094488188978 Belle
170.36220472440945 172.91338582677164 96.66141732283465 23.244094488188978 lettre
237.82677165354332 172.91338582677164 115.93700787401575 23.244094488188978 relative
325.13385826771656 172.91338582677164 48.47244094488189 23.244094488188978 à
344.40944881889766 172.91338582677164 58.110236220472444 23.244094488188978 la
373.3228346456693 172.91338582677164 106.2992125984252 23.244094488188978 gravure
450.70866141732284 172.91338582677164 87.02362204724409 23.244094488188978 d’une
499.18110236220474 172.91338582677164 96.66141732283465 23.244094488188978 planche.

12.755905511811024 211.46456692913387 146.5511811023622 30.614173228346456 43590.
115.37007874015748 211.46456692913387 249.16535433070865 30.614173228346456 ROUX-FAZILLAC
320.59842519685037 211.46456692913387 190.48818897637796 30.614173228346456 (Pierre),
467.43307086614175 211.46456692913387 146.5511811023622 30.614173228346456 député
570.0472440944882 211.46456692913387 87.8740157480315 30.614173228346456 de
613.9842519685039 211.46456692913387 87.8740157480315 30.614173228346456 la
657.9212598425197 211.46456692913387 176.03149606299212 30.614173228346456 Dordogne
789.7322834645669 211.46456692913387 73.41732283464567 30.614173228346456 à
804.4724409448819 211.46456692913387 58.67716535433071 30.614173228346456 la

117.07086614173228 236.9763779527559 192.4724409448819 29.19685039370079 Convention.
270.99212598425197 236.9763779527559 64.06299212598425 29.19685039370079 —
296.78740157480314 236.9763779527559 77.10236220472441 29.19685039370079 L.
335.0551181102362 236.9763779527559 89.85826771653544 29.19685039370079 s.;
386.6456692913386 236.9763779527559 179.71653543307087 29.19685039370079 Périgueux,
527.8110236220473 236.9763779527559 77.10236220472441 29.19685039370079 25
566.3622047244095 236.9763779527559 192.4724409448819 29.19685039370079 vendémiaire
720.2834645669292 236.9763779527559 77.10236220472441 29.19685039370079 an
758.8346456692914 236.9763779527559 77.10236220472441 29.19685039370079 V,
797.3858267716536 236.9763779527559 64.06299212598425 29.19685039370079 1
810.1417322834645 236.9763779527559 51.30708661417323 29.19685039370079 p.

72.85039370078741 262.48818897637796 733.3228346456693 22.96062992125984 in-folio.
636.9448818897638 262.48818897637796 282.0472440944882 22.96062992125984 4
693.3543307086615 262.48818897637796 169.22834645669292 22.96062992125984 »

112.25196850393701 300.755905511811 98.07874015748031 24.37795275590551 Belle
177.4488188976378 300.755905511811 108.85039370078741 24.37795275590551 pièce,
253.70078740157481 300.755905511811 108.85039370078741 24.37795275590551 signée
329.9527559055118 300.755905511811 98.07874015748031 24.37795275590551 comme
395.1496062992126 300.755905511811 195.8740157480315 24.37795275590551 administrateur
558.4251968503937 300.755905511811 65.19685039370079 24.37795275590551 du
591.0236220472441 300.755905511811 163.2755905511811 24.37795275590551 départemant
721.7007874015748 300.755905511811 65.19685039370079 24.37795275590551 de
754.2992125984252 300.755905511811 65.19685039370079 24.37795275590551 la
776.1259842519685 300.755905511811 87.02362204724409 24.37795275590551 Dordo

83.62204724409449 325.13385826771656 60.37795275590551 16.15748031496063 gne.

13.606299212598426 358.01574803149606 146.5511811023622 30.04724409448819 43591.
116.22047244094489 358.01574803149606 234.4251968503937 30.04724409448819 SAINT-ARNAUD
306.70866141732284 358.01574803149606 278.3622047244094 30.04724409448819 (Armand-Jacques
541.1338582677165 358.01574803149606 131.81102362204723 30.04724409448819 LEROY
629.007874015748 358.01574803149606 102.61417322834646 30.04724409448819 de)
687.6850393700787 358.01574803149606 175.748031496063 30.04724409448819 maréchal
804.7559055118111 358.01574803149606 58.67716535433071 30.04724409448819 de

117.63779527559055 383.81102362204723 143.71653543307087 30.04724409448819 France,
222.23622047244095 383.81102362204723 91.55905511811024 30.04724409448819 qui
274.3937007874016 383.81102362204723 104.5984251968504 30.04724409448819 prit
339.59055118110234 383.81102362204723 91.55905511811024 30.04724409448819 une
392.0314960629921 383.81102362204723 130.6771653543307 30.04724409448819 grande
483.3070866141732 383.81102362204723 104.5984251968504 30.04724409448819 part
548.7874015748032 383.81102362204723 78.51968503937007 30.04724409448819 au
587.9055118110236 383.81102362204723 104.5984251968504 30.04724409448819 coup
653.3858267716536 383.81102362204723 130.6771653543307 30.04724409448819 d’Etat
744.6614173228346 383.81102362204723 78.51968503937007 30.04724409448819 du
783.7795275590552 383.81102362204723 65.19685039370079 30.04724409448819 2
797.1023622047244 383.81102362204723 65.19685039370079 30.04724409448819 dé-

116.50393700787401 408.755905511811 135.49606299212599 29.480314960629922 cembre
211.46456692913387 408.755905511811 81.35433070866142 29.480314960629922 et
252.28346456692913 408.755905511811 94.96062992125984 29.480314960629922 qui
306.4251968503937 408.755905511811 162.70866141732284 29.480314960629922 commença
428.31496062992125 408.755905511811 81.35433070866142 29.480314960629922 la
469.13385826771656 408.755905511811 135.49606299212599 29.480314960629922 guerre
564.0944881889764 408.755905511811 81.35433070866142 29.480314960629922 de
604.6299212598425 408.755905511811 149.10236220472441 29.480314960629922 Crimée.
713.1968503937007 408.755905511811 67.74803149606299 29.480314960629922 —
740.4094488188977 408.755905511811 81.35433070866142 29.480314960629922 L.
780.9448818897638 408.755905511811 81.35433070866142 29.480314960629922 s.
808.1574803149606 408.755905511811 54.14173228346457 29.480314960629922 au

116.78740157480316 434.8346456692913 141.16535433070865 27.77952755905512 colonel
219.4015748031496 434.8346456692913 153.92125984251967 27.77952755905512 Soumain;
334.7716535433071 434.8346456692913 128.1259842519685 27.77952755905512 Paris,
424.62992125984255 434.8346456692913 76.81889763779527 27.77952755905512 13
462.8976377952756 434.8346456692913 153.92125984251967 27.77952755905512 décembre
578.5511811023622 434.8346456692913 115.37007874015748 27.77952755905512 1852,
655.3700787401575 434.8346456692913 64.06299212598425 27.77952755905512 1
681.1653543307086 434.8346456692913 76.81889763779527 27.77952755905512 p.
719.4330708661417 434.8346456692913 115.37007874015748 27.77952755905512 in-8.
796.5354330708661 434.8346456692913 76.81889763779527 27.77952755905512 10
822.0472440944882 434.8346456692913 38.55118110236221 27.77952755905512 »

113.10236220472441 478.48818897637796 55.55905511811024 22.677165354330707 Il
140.88188976377953 478.48818897637796 55.55905511811024 22.677165354330707 le
168.66141732283464 478.48818897637796 111.11811023622047 22.677165354330707 remercie
252.0 478.48818897637796 64.62992125984252 22.677165354330707 des
288.8503937007874 478.48818897637796 157.3228346456693 22.677165354330707 félicitations
418.3937007874016 478.48818897637796 83.33858267716535 22.677165354330707 qu’il
473.9527559055118 478.48818897637796 64.62992125984252 22.677165354330707 lui
510.8031496062992 478.48818897637796 46.20472440944882 22.677165354330707 a
529.511811023622 478.48818897637796 111.11811023622047 22.677165354330707 envoyées
612.5669291338583 478.48818897637796 46.20472440944882 22.677165354330707 à
630.992125984252 478.48818897637796 129.54330708661416 22.677165354330707 l’occasion
732.7559055118111 478.48818897637796 55.55905511811024 22.677165354330707 de
760.5354330708661 478.48818897637796 64.62992125984252 22.677165354330707 son
788.3149606299213 478.48818897637796 73.98425196850394 22.677165354330707 éléva-

92.40944881889764 498.0472440944882 84.18897637795276 22.11023622047244 tion
145.13385826771653 498.0472440944882 63.21259842519685 22.11023622047244 au
176.5984251968504 498.0472440944882 158.17322834645668 22.11023622047244 maréchalat.
303.0236220472441 498.0472440944882 105.44881889763779 22.11023622047244 «C’est
377.00787401574803 498.0472440944882 115.93700787401575 22.11023622047244 surtout
461.1968503937008 498.0472440944882 168.66141732283464 22.11023622047244 lorsqu’elles
598.1102362204724 498.0472440944882 63.21259842519685 22.11023622047244 me
629.8582677165355 498.0472440944882 126.4251968503937 22.11023622047244 viennent
724.8188976377953 498.0472440944882 73.7007874015748 22.11023622047244 des
766.7716535433071 498.0472440944882 94.96062992125984 22.11023622047244 rangs
819.496062992126 498.0472440944882 42.23622047244095 22.11023622047244 de

93.54330708661418 517.8897637795276 110.83464566929133 21.25984251968504 l’armée
174.33070866141733 517.8897637795276 70.58267716535433 21.25984251968504 que
214.58267716535434 517.8897637795276 70.58267716535433 21.25984251968504 les
254.83464566929135 517.8897637795276 171.21259842519686 21.25984251968504 félicitations
395.7165354330709 517.8897637795276 60.37795275590551 21.25984251968504 me
426.0472440944882 517.8897637795276 80.50393700787401 21.25984251968504 sont
466.2992125984252 517.8897637795276 140.88188976377953 21.25984251968504 précieuses.»

14.173228346456693 554.7401574803149 141.16535433070865 29.19685039370079 43592.
113.10236220472441 554.7401574803149 254.26771653543307 29.19685039370079 SAINT-MARCEAUX
324.8503937007874 554.7401574803149 126.99212598425197 29.19685039370079 (René
409.6062992125984 554.7401574803149 84.75590551181102 29.19685039370079 de
451.84251968503935 554.7401574803149 113.10236220472441 29.19685039370079 PAUL
522.4251968503937 554.7401574803149 113.10236220472441 29.19685039370079 de),
593.2913385826772 554.7401574803149 155.33858267716536 29.19685039370079 célèbre
691.9370078740158 554.7401574803149 169.51181102362204 29.19685039370079 sculpteur,

118.48818897637796 580.8188976377953 75.4015748031496 28.346456692913385 né
156.18897637795277 580.8188976377953 62.92913385826772 28.346456692913385 à
181.41732283464566 580.8188976377953 125.85826771653544 28.346456692913385 Reims.
269.29133858267716 580.8188976377953 62.92913385826772 28.346456692913385 —
294.5196850393701 580.8188976377953 75.4015748031496 28.346456692913385 L.
332.2204724409449 580.8188976377953 75.4015748031496 28.346456692913385 a.
370.20472440944883 580.8188976377953 88.15748031496064 28.346456692913385 s.;
420.37795275590554 580.8188976377953 163.55905511811022 28.346456692913385 Florence,
546.2362204724409 580.8188976377953 75.4015748031496 28.346456692913385 26
583.9370078740158 580.8188976377953 176.31496062992127 28.346456692913385 septembre,
722.5511811023622 580.8188976377953 62.92913385826772 28.346456692913385 4
747.496062992126 580.8188976377953 75.4015748031496 28.346456692913385 p.
772.7244094488188 580.8188976377953 88.15748031496064 28.346456692913385 in

795.4015748031496 607.7480314960629 81.35433070866142 18.708661417322833 6
811.5590551181102 607.7480314960629 48.75590551181102 18.708661417322833 »

111.96850393700787 643.4645669291339 85.88976377952756 22.393700787401574 Très
165.54330708661416 643.4645669291339 96.37795275590551 22.393700787401574 jolie
229.88976377952756 643.4645669291339 107.14960629921259 22.393700787401574 lettre
305.00787401574803 643.4645669291339 64.34645669291339 22.393700787401574 où
337.3228346456693 643.4645669291339 64.34645669291339 22.393700787401574 il
369.3543307086614 643.4645669291339 117.92125984251969 22.393700787401574 exprime
455.244094488189 643.4645669291339 64.34645669291339 22.393700787401574 sa
487.2755905511811 643.4645669291339 85.88976377952756 22.393700787401574 joie
540.8503937007874 643.4645669291339 64.34645669291339 22.393700787401574 de
573.1653543307086 643.4645669291339 117.92125984251969 22.393700787401574 pouvoir
658.7716535433071 643.4645669291339 117.92125984251969 22.393700787401574 admirer
744.6614173228346 643.4645669291339 75.11811023622047 22.393700787401574 les
776.6929133858267 643.4645669291339 85.88976377952756 22.393700787401574 chefs-

92.97637795275591 665.007874015748 117.07086614173228 15.590551181102363 d’œuvre
178.29921259842519 665.007874015748 63.77952755905512 15.590551181102363 de
199.55905511811022 665.007874015748 117.07086614173228 15.590551181102363 Florence.

14.456692913385826 700.4409448818898 141.4488188976378 29.19685039370079 43593.
113.66929133858268 700.4409448818898 212.31496062992127 29.19685039370079 SAINT-SIMON
283.46456692913387 700.4409448818898 226.48818897637796 29.19685039370079 (Claude-Anne
467.43307086614175 700.4409448818898 85.03937007874016 29.19685039370079 de
509.9527559055118 700.4409448818898 198.14173228346456 29.19685039370079 MONTBLERU,
665.8582677165355 700.4409448818898 169.79527559055117 29.19685039370079 marquis,
778.9606299212599 700.4409448818898 85.03937007874016 29.19685039370079 puis

116.78740157480316 727.0866141732283 93.25984251968504 28.062992125984252 duc
170.07874015748033 727.0866141732283 106.58267716535433 28.062992125984252 de),
236.69291338582678 727.0866141732283 159.8740157480315 28.062992125984252 officier
356.88188976377955 727.0866141732283 93.25984251968504 28.062992125984252 qui
410.1732283464567 727.0866141732283 106.58267716535433 28.062992125984252 prit
476.78740157480314 727.0866141732283 106.58267716535433 28.062992125984252 part
543.4015748031496 727.0866141732283 93.25984251968504 28.062992125984252 aux
596.6929133858267 727.0866141732283 146.5511811023622 28.062992125984252 guerres
690.2362204724409 727.0866141732283 173.1968503937008 28.062992125984252 d’Amérique,

115.93700787401575 752.3149606299213 136.3464566929134 28.346456692913385 député
211.1811023622047 752.3149606299213 81.63779527559055 28.346456692913385 du
252.28346456692913 752.3149606299213 177.16535433070865 28.346456692913385 bailliage
388.34645669291336 752.3149606299213 204.3779527559055 28.346456692913385 d’Angoulême
551.9055118110236 752.3149606299213 95.24409448818898 28.346456692913385 aux
606.3307086614174 752.3149606299213 258.8031496062992 28.346456692913385 Etats-Généraux,
810.7086614173228 752.3149606299213 54.425196850393704 28.346456692913385 et

117.35433070866142 778.3937007874016 113.95275590551181 27.212598425196852 enfin
193.60629921259843 778.3937007874016 139.46456692913387 27.212598425196852 général
294.8031496062992 778.3937007874016 75.96850393700787 27.212598425196852 au
332.78740157480314 778.3937007874016 139.46456692913387 27.212598425196852 service
434.26771653543307 778.3937007874016 75.96850393700787 27.212598425196852 de
472.251968503937 778.3937007874016 177.4488188976378 27.212598425196852 l’Espagne,
611.7165354330708 778.3937007874016 75.96850393700787 27.212598425196852 né
649.7007874015748 778.3937007874016 75.96850393700787 27.212598425196852 au
687.6850393700787 778.3937007874016 139.46456692913387 27.212598425196852 château
789.1653543307086 778.3937007874016 75.96850393700787 27.212598425196852 de
814.3937007874016 778.3937007874016 50.74015748031496 27.212598425196852 La

115.37007874015748 803.9055118110236 109.13385826771653 27.496062992125985 Faye
183.4015748031496 803.9055118110236 204.3779527559055 27.496062992125985 (Charente).
346.96062992125985 803.9055118110236 68.03149606299213 27.496062992125985 —
374.1732283464567 803.9055118110236 81.63779527559055 27.496062992125985 L.
415.2755905511811 803.9055118110236 81.63779527559055 27.496062992125985 a.
456.09448818897636 803.9055118110236 81.63779527559055 27.496062992125985 s.
496.9133858267717 803.9055118110236 68.03149606299213 27.496062992125985 à
524.1259842519685 803.9055118110236 231.59055118110237 27.496062992125985 l’ambassadeur
714.8976377952756 803.9055118110236 81.63779527559055 27.496062992125985 de
742.1102362204724 803.9055118110236 122.74015748031496 27.496062992125985 France;

111.96850393700787 828.8503937007874 183.68503937007873 28.062992125984252 Madrid,
245.48031496062993 828.8503937007874 100.06299212598425 28.062992125984252 23
295.65354330708664 828.8503937007874 183.68503937007873 28.062992125984252 février
429.1653543307087 828.8503937007874 150.23622047244095 28.062992125984252 1807,
529.2283464566929 828.8503937007874 83.33858267716535 28.062992125984252 2
562.6771653543307 828.8503937007874 100.06299212598425 28.062992125984252 p.
612.8503937007874 828.8503937007874 217.13385826771653 28.062992125984252 in-folio.
779.8110236220473 828.8503937007874 100.06299212598425 28.062992125984252 10
812.9763779527559 828.8503937007874 50.173228346456696 28.062992125984252 »

113.38582677165354 869.1023622047244 113.38582677165354 22.96062992125984 Superbe
195.59055118110237 869.1023622047244 92.69291338582677 22.96062992125984 pièce
257.38582677165357 869.1023622047244 61.79527559055118 22.96062992125984 où
288.2834645669291 869.1023622047244 61.79527559055118 22.96062992125984 il
319.18110236220474 869.1023622047244 113.38582677165354 22.96062992125984 demande
401.6692913385827 869.1023622047244 92.69291338582677 22.96062992125984 qu’on
463.46456692913387 869.1023622047244 72.0 22.96062992125984 lui
504.56692913385825 869.1023622047244 123.59055118110236 22.96062992125984 restitue
597.2598425196851 869.1023622047244 72.0 22.96062992125984 les
638.3622047244095 869.1023622047244 92.69291338582677 22.96062992125984 biens
700.1574803149606 869.1023622047244 92.69291338582677 22.96062992125984 qu’il
751.4645669291339 869.1023622047244 113.38582677165354 22.96062992125984 possédait

94.11023622047244 890.0787401574803 59.811023622047244 16.724409448818896 en
123.8740157480315 890.0787401574803 99.77952755905511 16.724409448818896 France
193.88976377952756 890.0787401574803 89.85826771653544 16.724409448818896 avant
253.70078740157481 890.0787401574803 59.811023622047244 16.724409448818896 la
283.46456692913387 890.0787401574803 149.66929133858267 16.724409448818896 Révolution.
403.37007874015745 890.0787401574803 159.59055118110237 16.724409448818896 Intéressants
522.992125984252 890.0787401574803 99.77952755905511 16.724409448818896 détails.

15.590551181102363 925.511811023622 145.70078740157481 30.04724409448819 4359.4.
121.60629921259843 925.511811023622 211.748031496063 30.04724409448819 SAINTE-BEUVE
293.6692913385827 925.511811023622 304.4409448818898 30.04724409448819 (Charles-Augustin),
558.7086614173228 925.511811023622 79.37007874015748 30.04724409448819 le
598.3937007874016 925.511811023622 145.70078740157481 30.04724409448819 célèbre
704.1259842519685 925.511811023622 172.06299212598427 30.04724409448819 critique.
823.4645669291339 925.511811023622 39.68503937007874 30.04724409448819 —

114.80314960629921 952.7244094488188 76.25196850393701 28.062992125984252 L.
153.0708661417323 952.7244094488188 76.25196850393701 28.062992125984252 a.
191.0551181102362 952.7244094488188 76.25196850393701 28.062992125984252 s.
229.03937007874015 952.7244094488188 63.496062992125985 28.062992125984252 à
254.5511811023622 952.7244094488188 114.23622047244095 28.062992125984252 HENRI
330.5196850393701 952.7244094488188 126.99212598425197 28.062992125984252 HEINE;
419.244094488189 952.7244094488188 126.99212598425197 28.062992125984252 Paris,
508.251968503937 952.7244094488188 76.25196850393701 28.062992125984252 25
546.2362204724409 952.7244094488188 139.46456692913387 28.062992125984252 février
647.7165354330708 952.7244094488188 114.23622047244095 28.062992125984252 1855,
723.9685039370079 952.7244094488188 63.496062992125985 28.062992125984252 1
749.1968503937007 952.7244094488188 76.25196850393701 28.062992125984252 p.
774.7086614173228 952.7244094488188 88.7244094488189 28.062992125984252 in

79.93700787401575 978.2362204724409 684.8503937007874 29.19685039370079 enveloppe.
618.2362204724409 978.2362204724409 293.6692913385827 29.19685039370079 10
716.0314960629921 978.2362204724409 146.83464566929135 29.19685039370079 »

112.53543307086615 1015.6535433070866 82.48818897637796 19.84251968503937 Jolie
167.5275590551181 1015.6535433070866 91.84251968503936 19.84251968503937 lettre
231.59055118110237 1015.6535433070866 54.99212598425197 19.84251968503937 où
259.0866141732283 1015.6535433070866 54.99212598425197 19.84251968503937 il
286.5826771653543 1015.6535433070866 54.99212598425197 19.84251968503937 le
314.3622047244094 1015.6535433070866 109.98425196850394 19.84251968503937 remercie
396.8503937007874 1015.6535433070866 54.99212598425197 19.84251968503937 de
424.34645669291336 1015.6535433070866 100.91338582677166 19.84251968503937 l’envoi
497.76377952755905 1015.6535433070866 54.99212598425197 19.84251968503937 de
525.2598425196851 1015.6535433070866 64.34645669291339 19.84251968503937 ses
561.8267716535433 1015.6535433070866 73.41732283464567 19.84251968503937 deux
607.7480314960629 1015.6535433070866 100.91338582677166 19.84251968503937 volumes
681.1653543307086 1015.6535433070866 54.99212598425197 19.84251968503937 de
699.5905511811023 1015.6535433070866 164.9763779527559 19.84251968503937 l’Allema

94.67716535433071 1034.9291338582677 144.28346456692913 27.212598425196852 gne,
210.04724409448818 1034.9291338582677 57.826771653543304 27.212598425196852 et
238.96062992125985 1034.9291338582677 67.46456692913385 27.212598425196852 lui
277.51181102362204 1034.9291338582677 115.37007874015748 27.212598425196852 rappelle
364.251968503937 1034.9291338582677 86.74015748031496 27.212598425196852 qu’il
421.79527559055117 1034.9291338582677 48.188976377952756 27.212598425196852 a
441.07086614173227 1034.9291338582677 67.46456692913385 27.212598425196852 été
479.62204724409446 1034.9291338582677 57.826771653543304 27.212598425196852 un
508.53543307086613 1034.9291338582677 67.46456692913385 27.212598425196852 des
547.0866141732283 1034.9291338582677 115.37007874015748 27.212598425196852 premiers
633.5433070866142 1034.9291338582677 48.188976377952756 27.212598425196852 à
652.8188976377953 1034.9291338582677 96.09448818897638 27.212598425196852 parler
720.2834645669292 1034.9291338582677 57.826771653543304 27.212598425196852 de
749.1968503937007 1034.9291338582677 67.46456692913385 27.212598425196852 lui
787.4645669291339 1034.9291338582677 77.10236220472441 27.212598425196852 dans
826.0157480314961 1034.9291338582677 38.55118110236221 27.212598425196852 la

93.25984251968504 1057.6062992125985 99.49606299212599 20.409448818897637 presse
152.78740157480314 1057.6062992125985 119.33858267716535 20.409448818897637 française.

15.590551181102363 1092.755905511811 128.40944881889763 30.04724409448819 43595.
105.44881889763779 1092.755905511811 102.61417322834646 30.04724409448819 SAND
169.51181102362204 1092.755905511811 166.96062992125985 30.04724409448819 (George),
297.9212598425197 1092.755905511811 77.10236220472441 30.04724409448819 la
336.4724409448819 1092.755905511811 128.40944881889763 30.04724409448819 grande
426.3307086614173 1092.755905511811 192.4724409448819 30.04724409448819 romancière.
580.5354330708661 1092.755905511811 64.06299212598425 30.04724409448819 —
606.0472440944882 1092.755905511811 77.10236220472441 30.04724409448819 1°
644.5984251968504 1092.755905511811 128.40944881889763 30.04724409448819 Billet
734.4566929133858 1092.755905511811 102.61417322834646 30.04724409448819 aut.
785.7637795275591 1092.755905511811 77.10236220472441 30.04724409448819 sig.

115.08661417322834 1117.4173228346456 66.89763779527559 31.181102362204726 à
141.73228346456693 1117.4173228346456 80.50393700787401 31.181102362204726 M.
181.98425196850394 1117.4173228346456 147.4015748031496 31.181102362204726 Dubois,
289.13385826771656 1117.4173228346456 66.89763779527559 31.181102362204726 1
316.06299212598424 1117.4173228346456 80.50393700787401 31.181102362204726 p.
356.31496062992125 1117.4173228346456 134.07874015748033 31.181102362204726 in-16.
450.1417322834646 1117.4173228346456 66.89763779527559 31.181102362204726 —
477.07086614173227 1117.4173228346456 80.50393700787401 31.181102362204726 2°
517.0393700787401 1117.4173228346456 120.75590551181102 31.181102362204726 Pièce
597.5433070866142 1117.4173228346456 160.7244094488189 31.181102362204726 imprimée
718.2992125984252 1117.4173228346456 107.14960629921259 31.181102362204726 avec
771.8740157480315 1117.4173228346456 93.8267716535433 31.181102362204726 quel-

115.93700787401575 1143.4960629921259 103.18110236220473 30.04724409448819 ques
180.56692913385828 1143.4960629921259 129.25984251968504 30.04724409448819 lignes
270.99212598425197 1143.4960629921259 116.22047244094489 30.04724409448819 aut.;
348.66141732283467 1143.4960629921259 142.01574803149606 30.04724409448819 Nohant,
451.84251968503935 1143.4960629921259 77.38582677165354 30.04724409448819 29
490.6771653543307 1143.4960629921259 155.0551181102362 30.04724409448819 juillet,
606.8976377952756 1143.4960629921259 64.62992125984252 30.04724409448819 1
632.6929133858267 1143.4960629921259 77.38582677165354 30.04724409448819 p.
671.5275590551181 1143.4960629921259 116.22047244094489 30.04724409448819 in-8.
748.9133858267717 1143.4960629921259 90.4251968503937 30.04724409448819 Les
787.7480314960629 1143.4960629921259 77.38582677165354 30.04724409448819 deux

66.33070866141732 1169.5748031496064 675.2125984251968 29.480314960629922 pièces.
557.5748031496063 1169.5748031496064 368.503937007874 29.480314960629922 10
680.3149606299213 1169.5748031496064 184.251968503937 29.480314960629922 »

111.11811023622047 1206.992125984252 120.75590551181102 25.228346456692915 Curieuse
201.54330708661416 1206.992125984252 100.62992125984252 25.228346456692915 pièce.
271.84251968503935 1206.992125984252 90.4251968503937 25.228346456692915 C’est
332.2204724409449 1206.992125984252 70.2992125984252 25.228346456692915 une
372.4724409448819 1206.992125984252 150.8031496062992 25.228346456692915 invitation,
493.2283464566929 1206.992125984252 80.50393700787401 25.228346456692915 avec
543.4015748031496 1206.992125984252 110.55118110236221 25.228346456692915 en-tête
623.9055118110236 1206.992125984252 120.75590551181102 25.228346456692915 imprimé,
714.3307086614174 1206.992125984252 50.173228346456696 25.228346456692915 à
734.4566929133858 1206.992125984252 90.4251968503937 25.228346456692915 venir
784.6299212598425 1206.992125984252 80.50393700787401 25.228346456692915 passer

91.84251968503936 1229.1023622047244 61.22834645669291 18.708661417322833 la
122.45669291338582 1229.1023622047244 102.04724409448819 18.708661417322833 soirée
193.88976377952756 1229.1023622047244 61.22834645669291 18.708661417322833 au
224.50393700787401 1229.1023622047244 112.25196850393701 18.708661417322833 théâtre
305.8582677165354 1229.1023622047244 61.22834645669291 18.708661417322833 de
326.26771653543307 1229.1023622047244 91.84251968503936 18.708661417322833 Nohant.

13.88976377952756 1264.8188976377953 133.22834645669292 31.181102362204726 43596.
107.14960629921259 1264.8188976377953 159.8740157480315 31.181102362204726 SARRAZIN
227.0551181102362 1264.8188976377953 146.5511811023622 31.181102362204726 (Jean),
333.3543307086614 1264.8188976377953 159.8740157480315 31.181102362204726 général,
453.25984251968504 1264.8188976377953 159.8740157480315 31.181102362204726 condamné
573.1653543307086 1264.8188976377953 66.61417322834646 31.181102362204726 à
599.8110236220473 1264.8188976377953 119.90551181102362 31.181102362204726 mort,
679.4645669291339 1264.8188976377953 79.93700787401575 31.181102362204726 en
719.4330708661417 1264.8188976377953 119.90551181102362 31.181102362204726 1810,
786.0472440944882 1264.8188976377953 79.93700787401575 31.181102362204726 pour

113.66929133858268 1291.4645669291338 180.8503937007874 29.480314960629922 désertion
252.8503937007874 1291.4645669291338 83.62204724409449 29.480314960629922 et
294.5196850393701 1291.4645669291338 83.62204724409449 29.480314960629922 en
336.4724409448819 1291.4645669291338 111.4015748031496 29.480314960629922 1819
405.9212598425197 1291.4645669291338 69.73228346456693 29.480314960629922 à
433.7007874015748 1291.4645669291338 97.51181102362204 29.480314960629922 dix
489.54330708661416 1291.4645669291338 97.51181102362204 29.480314960629922 ans
545.1023622047244 1291.4645669291338 83.62204724409449 29.480314960629922 de
587.0551181102362 1291.4645669291338 153.0708661417323 29.480314960629922 travaux
698.4566929133858 1291.4645669291338 139.1811023622047 29.480314960629922 forcés
781.7952755905512 1291.4645669291338 83.62204724409449 29.480314960629922 pour

112.25196850393701 1316.1259842519685 184.8188976377953 30.330708661417322 trigamie.
254.26771653543307 1316.1259842519685 71.14960629921259 30.330708661417322 —
282.61417322834643 1316.1259842519685 85.32283464566929 30.330708661417322 L.
325.4173228346457 1316.1259842519685 85.32283464566929 30.330708661417322 a.
367.93700787401576 1316.1259842519685 85.32283464566929 30.330708661417322 s.
410.74015748031496 1316.1259842519685 71.14960629921259 30.330708661417322 à
439.0866141732283 1316.1259842519685 156.18897637795277 30.330708661417322 KLEBER;
552.7559055118111 1316.1259842519685 184.8188976377953 30.330708661417322 Gladbach,
694.7716535433071 1316.1259842519685 71.14960629921259 30.330708661417322 3
709.2283464566929 1316.1259842519685 156.18897637795277 30.330708661417322 thermidor

95.5275590551181 1342.2047244094488 191.90551181102362 33.732283464566926 an
191.6220472440945 1342.2047244094488 255.96850393700788 33.732283464566926 III,
351.496062992126 1342.2047244094488 160.15748031496062 33.732283464566926 4
415.5590551181102 1342.2047244094488 191.90551181102362 33.732283464566926 p.
511.65354330708664 1342.2047244094488 288.0 33.732283464566926 in-4.
703.5590551181102 1342.2047244094488 191.90551181102362 33.732283464566926 15
767.6220472440945 1342.2047244094488 96.09448818897638 33.732283464566926 »

110.26771653543307 1382.1732283464567 124.15748031496064 26.362204724409448 Curieuse
203.5275590551181 1382.1732283464567 103.46456692913385 26.362204724409448 lettre
276.09448818897636 1382.1732283464567 62.07874015748032 26.362204724409448 où
307.2755905511811 1382.1732283464567 62.07874015748032 26.362204724409448 il
338.1732283464567 1382.1732283464567 62.07874015748032 26.362204724409448 se
369.3543307086614 1382.1732283464567 124.15748031496064 26.362204724409448 disculpe
462.3307086614173 1382.1732283464567 72.56692913385827 26.362204724409448 des
504.0 1382.1732283464567 134.64566929133858 26.362204724409448 reproches
607.4645669291339 1382.1732283464567 72.56692913385827 26.362204724409448 que
648.8503937007874 1382.1732283464567 72.56692913385827 26.362204724409448 lui
690.2362204724409 1382.1732283464567 113.95275590551181 26.362204724409448 avaient
762.8031496062993 1382.1732283464567 103.46456692913385 26.362204724409448 adressés

91.84251968503936 1402.5826771653544 101.76377952755905 26.362204724409448 Kleber
162.99212598425197 1402.5826771653544 60.94488188976378 26.362204724409448 au
193.60629921259843 1402.5826771653544 91.55905511811024 26.362204724409448 sujet
254.83464566929135 1402.5826771653544 60.94488188976378 26.362204724409448 de
285.1653543307087 1402.5826771653544 60.94488188976378 26.362204724409448 la
315.7795275590551 1402.5826771653544 122.1732283464567 26.362204724409448 mauvaise
407.33858267716533 1402.5826771653544 132.3779527559055 26.362204724409448 exécution
509.1023622047244 1402.5826771653544 71.14960629921259 26.362204724409448 des
549.9212598425197 1402.5826771653544 101.76377952755905 26.362204724409448 ordres
621.0708661417323 1402.5826771653544 91.55905511811024 26.362204724409448 qu’il
682.2992125984252 1402.5826771653544 91.55905511811024 26.362204724409448 avait
743.2440944881889 1402.5826771653544 91.55905511811024 26.362204724409448 reçus
804.4724409448819 1402.5826771653544 60.94488188976378 26.362204724409448 de
824.5984251968504 1402.5826771653544 40.818897637795274 26.362204724409448 ce

82.20472440944881 1425.8267716535433 97.22834645669292 20.976377952755904 général.
