887.8110236220473 1511.1496062992126
380.6929133858268 40.53543307086614 90.4251968503937 22.677165354330707 —
416.9763779527559 40.53543307086614 90.4251968503937 22.677165354330707 4
435.11811023622045 40.53543307086614 54.14173228346457 22.677165354330707 —

13.606299212598426 94.67716535433071 131.81102362204723 39.968503937007874 43468.
105.73228346456693 94.67716535433071 105.44881889763779 39.968503937007874 BERT
171.49606299212599 94.67716535433071 144.8503937007874 39.968503937007874 (Paul),
276.9448818897638 94.67716535433071 144.8503937007874 39.968503937007874 célèbre
382.3937007874016 94.67716535433071 131.81102362204723 39.968503937007874 savant
474.5196850393701 94.67716535433071 79.08661417322834 39.968503937007874 et
513.9212598425197 94.67716535433071 118.48818897637796 39.968503937007874 homme
593.007874015748 94.67716535433071 144.8503937007874 39.968503937007874 d’Etat.
698.4566929133858 94.67716535433071 65.76377952755905 39.968503937007874 —
724.8188976377953 94.67716535433071 79.08661417322834 39.968503937007874 L.
764.2204724409448 94.67716535433071 79.08661417322834 39.968503937007874 a.
803.9055118110236 94.67716535433071 79.08661417322834 39.968503937007874 s.
830.2677165354331 94.67716535433071 39.40157480314961 39.968503937007874 à

111.4015748031496 120.75590551181102 89.00787401574803 38.267716535433074 un
155.90551181102362 120.75590551181102 163.2755905511811 38.267716535433074 député;
274.3937007874016 120.75590551181102 148.251968503937 38.267716535433074 Paris,
378.4251968503937 120.75590551181102 89.00787401574803 38.267716535433074 21
422.92913385826773 120.75590551181102 163.2755905511811 38.267716535433074 juillet
541.7007874015748 120.75590551181102 133.51181102362204 38.267716535433074 1882,
630.7086614173228 120.75590551181102 74.26771653543307 38.267716535433074 4
660.1889763779527 120.75590551181102 89.00787401574803 38.267716535433074 p.
704.6929133858267 120.75590551181102 133.51181102362204 38.267716535433074 in-8.
793.7007874015748 120.75590551181102 89.00787401574803 38.267716535433074 10
823.4645669291339 120.75590551181102 44.503937007874015 38.267716535433074 »

108.85039370078741 166.96062992125985 128.40944881889763 31.46456692913386 CURIEUSE
205.22834645669292 166.96062992125985 107.14960629921259 31.46456692913386 PIÈCE.
280.06299212598424 166.96062992125985 64.34645669291339 31.46456692913386 Il
312.37795275590554 166.96062992125985 64.34645669291339 31.46456692913386 ne
344.40944881889766 166.96062992125985 96.37795275590551 31.46456692913386 croit
408.4724409448819 166.96062992125985 74.83464566929133 31.46456692913386 pas
451.2755905511811 166.96062992125985 96.37795275590551 31.46456692913386 qu’il
515.6220472440945 166.96062992125985 160.44094488188978 31.46456692913386 appartienne
644.0314960629921 166.96062992125985 53.574803149606296 31.46456692913386 à
665.5748031496063 166.96062992125985 85.60629921259843 31.46456692913386 leur
718.8661417322835 166.96062992125985 149.95275590551182 31.46456692913386 génération
826.0157480314961 166.96062992125985 42.803149606299215 31.46456692913386 de

90.14173228346456 185.95275590551182 114.23622047244095 32.031496062992126 séparer
173.1968503937008 185.95275590551182 124.44094488188976 32.031496062992126 l’Eglise
266.74015748031496 185.95275590551182 103.74803149606299 32.031496062992126 d’avec
339.3070866141732 185.95275590551182 114.23622047244095 32.031496062992126 l’Etat.
422.0787401574803 185.95275590551182 62.36220472440945 32.031496062992126 Il
453.25984251968504 185.95275590551182 72.56692913385827 32.031496062992126 est
494.92913385826773 185.95275590551182 103.74803149606299 32.031496062992126 d’avis
567.496062992126 185.95275590551182 62.36220472440945 32.031496062992126 de
598.6771653543307 185.95275590551182 93.25984251968504 32.031496062992126 tenir
660.7559055118111 185.95275590551182 93.25984251968504 32.031496062992126 d’une
723.1181102362204 185.95275590551182 83.05511811023622 32.031496062992126 main
774.992125984252 185.95275590551182 93.25984251968504 32.031496062992126 ferme
826.8661417322835 185.95275590551182 41.38582677165354 32.031496062992126 un

90.4251968503937 206.36220472440945 103.74803149606299 31.181102362204726 clergé
162.99212598425197 206.36220472440945 134.64566929133858 31.181102362204726 puissant,
266.74015748031496 206.36220472440945 145.13385826771653 31.181102362204726 ambitieux,
380.6929133858268 206.36220472440945 103.74803149606299 31.181102362204726 maître
453.25984251968504 206.36220472440945 72.56692913385827 31.181102362204726 des
494.92913385826773 206.36220472440945 83.05511811023622 31.181102362204726 âmes
546.5196850393701 206.36220472440945 72.56692913385827 31.181102362204726 par
588.1889763779527 206.36220472440945 62.07874015748032 31.181102362204726 la
619.0866141732283 206.36220472440945 113.95275590551181 31.181102362204726 terreur
702.1417322834645 206.36220472440945 62.07874015748032 31.181102362204726 et
722.8346456692914 206.36220472440945 145.13385826771653 31.181102362204726 l’espérance,

90.14173228346456 225.92125984251967 75.68503937007874 31.181102362204726 «en
133.22834645669292 225.92125984251967 140.5984251968504 31.181102362204726 attendant
241.51181102362204 225.92125984251967 75.68503937007874 31.181102362204726 que
284.59842519685037 225.92125984251967 162.14173228346456 31.181102362204726 l’éducation
414.4251968503937 225.92125984251967 108.0 31.181102362204726 morale
490.1102362204724 225.92125984251967 64.91338582677166 31.181102362204726 et
522.4251968503937 225.92125984251967 129.82677165354332 31.181102362204726 civique,
619.9370078740158 225.92125984251967 108.0 31.181102362204726 entrée
695.6220472440945 225.92125984251967 108.0 31.181102362204726 d’hier
771.3070866141733 225.92125984251967 86.45669291338582 31.181102362204726 dans
814.3937007874016 225.92125984251967 54.14173228346457 31.181102362204726 nos

90.99212598425197 245.1968503937008 109.7007874015748 31.46456692913386 écoles,
170.64566929133858 245.1968503937008 69.73228346456693 31.46456692913386 ait
210.61417322834646 245.1968503937008 109.7007874015748 31.46456692913386 produit
290.26771653543307 245.1968503937008 69.73228346456693 31.46456692913386 des
330.23622047244095 245.1968503937008 149.66929133858267 31.46456692913386 générations
449.8582677165354 245.1968503937008 99.77952755905511 31.46456692913386 libres
519.5905511811023 245.1968503937008 59.811023622047244 31.46456692913386 et
549.6377952755905 245.1968503937008 119.62204724409449 31.46456692913386 viriles,
639.2125984251968 245.1968503937008 119.62204724409449 31.46456692913386 capables
729.0708661417323 245.1968503937008 59.811023622047244 31.46456692913386 de
758.8346456692914 245.1968503937008 99.77952755905511 31.46456692913386 braver
818.6456692913385 245.1968503937008 49.889763779527556 31.46456692913386 les

89.85826771653544 265.6062992125984 123.02362204724409 30.89763779527559 menaces
179.1496062992126 265.6062992125984 67.18110236220473 30.89763779527559 et
212.5984251968504 265.6062992125984 78.23622047244095 30.89763779527559 les
257.38582677165357 265.6062992125984 145.41732283464566 30.89763779527559 promesses
369.3543307086614 265.6062992125984 145.41732283464566 30.89763779527559 également
469.98425196850394 265.6062992125984 156.4724409448819 30.89763779527559 chimériques»

12.188976377952756 306.70866141732284 140.31496062992127 37.7007874015748 43469.
110.26771653543307 306.70866141732284 126.14173228346456 37.7007874015748 BIRON
194.17322834645668 306.70866141732284 168.09448818897638 37.7007874015748 (Charles
320.31496062992125 306.70866141732284 84.18897637795276 37.7007874015748 de
362.5511811023622 306.70866141732284 252.28346456692913 37.7007874015748 GONTAUT-BIRON,
572.8818897637796 306.70866141732284 98.07874015748031 37.7007874015748 duc
628.7244094488188 306.70866141732284 112.25196850393701 37.7007874015748 de),
699.0236220472441 306.70866141732284 168.09448818897638 37.7007874015748 maréchal
810.992125984252 306.70866141732284 56.125984251968504 37.7007874015748 de

115.08661417322834 334.48818897637796 142.29921259842519 34.58267716535433 France,
218.5511811023622 334.48818897637796 129.25984251968504 34.58267716535433 favori
309.25984251968504 334.48818897637796 142.29921259842519 34.58267716535433 d’Henri
412.7244094488189 334.48818897637796 77.66929133858268 34.58267716535433 IV
451.2755905511811 334.48818897637796 116.50393700787401 34.58267716535433 qu’il
528.9448818897638 334.48818897637796 142.29921259842519 34.58267716535433 trahit,
632.4094488188977 334.48818897637796 155.0551181102362 34.58267716535433 décapité
748.6299212598425 334.48818897637796 77.66929133858268 34.58267716535433 en
774.7086614173228 334.48818897637796 90.4251968503937 34.58267716535433 1602.

117.35433070866142 360.56692913385825 55.84251968503937 34.01574803149607 —
139.46456692913387 360.56692913385825 66.89763779527559 34.01574803149607 P.
173.1968503937008 360.56692913385825 78.23622047244095 34.01574803149607 s.;
217.70078740157481 360.56692913385825 111.68503937007874 34.01574803149607 Paris,
295.93700787401576 360.56692913385825 66.89763779527559 34.01574803149607 22
329.38582677165357 360.56692913385825 134.07874015748033 34.01574803149607 novembre
430.01574803149606 360.56692913385825 100.62992125984252 34.01574803149607 1599,
497.1968503937008 360.56692913385825 55.84251968503937 34.01574803149607 1
519.3070866141733 360.56692913385825 66.89763779527559 34.01574803149607 p.
553.0393700787401 360.56692913385825 145.13385826771653 34.01574803149607 in-folio.
664.7244094488188 360.56692913385825 178.86614173228347 34.01574803149607 Rare.
809.8582677165355 360.56692913385825 66.89763779527559 34.01574803149607 25
832.2519685039371 360.56692913385825 33.44881889763779 34.01574803149607 »

111.68503937007874 405.6377952755906 170.07874015748033 28.913385826771652 Ratification
249.73228346456693 405.6377952755906 74.55118110236221 28.913385826771652 des
292.251968503937 405.6377952755906 127.55905511811024 28.913385826771652 articles
388.06299212598424 405.6377952755906 63.77952755905512 28.913385826771652 du
419.81102362204723 405.6377952755906 117.07086614173228 28.913385826771652 contrat
504.8503937007874 405.6377952755906 63.77952755905512 28.913385826771652 de
536.8818897637796 405.6377952755906 117.07086614173228 28.913385826771652 mariage
621.9212598425197 405.6377952755906 74.55118110236221 28.913385826771652 de.
664.4409448818898 405.6377952755906 74.55118110236221 28.913385826771652 son
706.9606299212599 405.6377952755906 95.81102362204724 28.913385826771652 frère
770.7401574803149 405.6377952755906 95.81102362204724 28.913385826771652 Jehan
823.7480314960629 405.6377952755906 42.51968503937008 28.913385826771652 de

92.97637795275591 425.76377952755905 115.65354330708661 26.64566929133858 Gontaut
177.16535433070865 425.76377952755905 63.21259842519685 26.64566929133858 de
208.62992125984252 425.76377952755905 94.67716535433071 26.64566929133858 Biron
271.5590551181102 425.76377952755905 84.18897637795276 26.64566929133858 avec
324.2834645669291 425.76377952755905 147.11811023622047 26.64566929133858 Jacqueline
439.93700787401576 425.76377952755905 63.21259842519685 26.64566929133858 de
471.40157480314963 425.76377952755905 115.65354330708661 26.64566929133858 Gontaut
555.5905511811023 425.76377952755905 63.21259842519685 26.64566929133858 de
576.5669291338583 425.76377952755905 157.60629921259843 26.64566929133858 Saint

16.15748031496063 471.68503937007875 135.21259842519686 33.16535433070866 43470.
110.83464566929133 471.68503937007875 121.60629921259843 33.16535433070866 BLANC
191.90551181102362 471.68503937007875 162.14173228346456 33.16535433070866 (Louis),
313.79527559055117 471.68503937007875 148.8188976377953 33.16535433070866 célèbre
421.79527559055117 471.68503937007875 121.60629921259843 33.16535433070866 homme
502.86614173228344 471.68503937007875 189.35433070866142 33.16535433070866 politique,
651.6850393700787 471.68503937007875 175.748031496063 33.16535433070866 historien
786.8976377952756 471.68503937007875 81.07086614173228 33.16535433070866 de
813.8267716535433 471.68503937007875 54.14173228346457 33.16535433070866 la

115.65354330708661 497.1968503937008 191.33858267716536 30.89763779527559 Révolution
265.8897637795276 497.1968503937008 191.33858267716536 30.89763779527559 française.
416.12598425196853 497.1968503937008 68.31496062992126 30.89763779527559 —
443.62204724409446 497.1968503937008 81.92125984251969 30.89763779527559 L.
484.4409448818898 497.1968503937008 81.92125984251969 30.89763779527559 a.
525.5433070866142 497.1968503937008 81.92125984251969 30.89763779527559 s.
566.6456692913385 497.1968503937008 68.31496062992126 30.89763779527559 à
593.8582677165355 497.1968503937008 123.02362204724409 30.89763779527559 HENRI
675.7795275590552 497.1968503937008 136.62992125984252 30.89763779527559 HEINE;
757.7007874015748 497.1968503937008 109.41732283464567 30.89763779527559 Paris,

106.2992125984252 523.8425196850394 130.6771653543307 31.181102362204726 24
171.7795275590551 523.8425196850394 282.8976377952756 31.181102362204726 septembre
389.1968503937008 523.8425196850394 195.8740157480315 31.181102362204726 1840,
519.8740157480315 523.8425196850394 108.85039370078741 31.181102362204726 1
563.2440944881889 523.8425196850394 130.6771653543307 31.181102362204726 p.
628.7244094488188 523.8425196850394 195.8740157480315 31.181102362204726 in-4.
759.1181102362204 523.8425196850394 130.6771653543307 31.181102362204726 10
802.7716535433071 523.8425196850394 65.19685039370079 31.181102362204726 »

112.53543307086615 568.3464566929134 127.84251968503936 24.661417322834644 CURIEUSE
208.3464566929134 568.3464566929134 106.2992125984252 24.661417322834644 PIÈCE.
282.8976377952756 568.3464566929134 63.77952755905512 24.661417322834644 Il
314.92913385826773 568.3464566929134 74.55118110236221 24.661417322834644 lui
357.4488188976378 568.3464566929134 117.07086614173228 24.661417322834644 annonce
442.48818897637796 568.3464566929134 74.55118110236221 24.661417322834644 que
485.00787401574803 568.3464566929134 63.77952755905512 24.661417322834644 la
517.0393700787401 568.3464566929134 117.07086614173228 24.661417322834644 lecture
602.0787401574803 568.3464566929134 63.77952755905512 24.661417322834644 de
634.1102362204724 568.3464566929134 127.84251968503936 24.661417322834644 quelques
729.9212598425197 568.3464566929134 117.07086614173228 24.661417322834644 pensées
804.4724409448819 568.3464566929134 63.77952755905512 24.661417322834644 con-

93.25984251968504 587.6220472440945 103.18110236220473 24.944881889763778 tenues
165.54330708661416 587.6220472440945 82.48818897637796 24.944881889763778 dans
217.13385826771653 587.6220472440945 72.28346456692914 24.944881889763778 ses
258.23622047244095 587.6220472440945 144.56692913385828 24.944881889763778 charmantes
371.90551181102364 587.6220472440945 144.56692913385828 24.944881889763778 fantaisies
485.29133858267716 587.6220472440945 72.28346456692914 24.944881889763778 lui
526.6771653543307 587.6220472440945 51.59055118110236 24.944881889763778 a
547.3700787401575 587.6220472440945 103.18110236220473 24.944881889763778 prouvé
619.6535433070866 587.6220472440945 92.97637795275591 24.944881889763778 qu’il
681.4488188976378 587.6220472440945 62.07874015748032 24.944881889763778 ne
712.6299212598425 587.6220472440945 144.56692913385828 24.944881889763778 partageait
815.8110236220473 587.6220472440945 51.59055118110236 24.944881889763778 pas

94.11023622047244 607.1811023622047 71.14960629921259 24.37795275590551 ses
134.9291338582677 607.1811023622047 142.58267716535434 24.37795275590551 tendances.
246.89763779527559 607.1811023622047 60.94488188976378 24.37795275590551 Il
277.2283464566929 607.1811023622047 81.35433070866142 24.37795275590551 cite
328.251968503937 607.1811023622047 132.3779527559055 24.37795275590551 celle-ci:
430.01574803149606 607.1811023622047 60.94488188976378 24.37795275590551 «A
460.34645669291336 607.1811023622047 81.35433070866142 24.37795275590551 quoi
511.37007874015745 607.1811023622047 71.14960629921259 24.37795275590551 bon
551.9055118110236 607.1811023622047 81.35433070866142 24.37795275590551 tant
602.9291338582677 607.1811023622047 60.94488188976378 24.37795275590551 de
633.2598425196851 607.1811023622047 132.3779527559055 24.37795275590551 tourment?
735.0236220472441 607.1811023622047 111.96850393700787 24.37795275590551 J’aurai
806.4566929133858 607.1811023622047 60.94488188976378 24.37795275590551 beau

92.97637795275591 626.7401574803149 61.22834645669291 24.094488188976378 me
123.59055118110236 626.7401574803149 132.3779527559055 24.094488188976378 sacrifier
225.63779527559055 626.7401574803149 81.63779527559055 24.094488188976378 pour
276.37795275590554 626.7401574803149 61.22834645669291 24.094488188976378 le
306.99212598425197 626.7401574803149 91.84251968503936 24.094488188976378 salut
368.2204724409449 626.7401574803149 122.45669291338582 24.094488188976378 général,
460.06299212598424 626.7401574803149 81.63779527559055 24.094488188976378 quel
510.8031496062992 626.7401574803149 122.45669291338582 24.094488188976378 avantage
602.6456692913385 626.7401574803149 61.22834645669291 24.094488188976378 en
633.2598425196851 626.7401574803149 183.4015748031496 24.094488188976378 résulterait-il
786.0472440944882 626.7401574803149 81.63779527559055 24.094488188976378 pour
826.8661417322835 626.7401574803149 40.818897637795274 24.094488188976378 le

92.97637795275591 646.0157480314961 118.48818897637796 24.094488188976378 monde?»
179.1496062992126 646.0157480314961 64.62992125984252 24.094488188976378 Il
211.46456692913387 646.0157480314961 75.4015748031496 24.094488188976378 lui
254.26771653543307 646.0157480314961 118.48818897637796 24.094488188976378 déclare
340.4409448818898 646.0157480314961 96.94488188976378 24.094488188976378 qu’il
405.07086614173227 646.0157480314961 64.62992125984252 24.094488188976378 ne
437.38582677165357 646.0157480314961 86.1732283464567 24.094488188976378 peut
490.96062992125985 646.0157480314961 118.48818897637796 24.094488188976378 insérer
577.1338582677165 646.0157480314961 64.62992125984252 24.094488188976378 de
609.4488188976378 646.0157480314961 150.51968503937007 24.094488188976378 semblables
727.9370078740158 646.0157480314961 118.48818897637796 24.094488188976378 pensées
803.0551181102362 646.0157480314961 64.62992125984252 24.094488188976378 dans

94.39370078740157 665.8582677165355 67.74803149606299 23.811023622047244 une
132.9448818897638 665.8582677165355 87.02362204724409 23.811023622047244 revue
191.0551181102362 665.8582677165355 67.74803149606299 23.811023622047244 qui
229.88976377952756 665.8582677165355 125.85826771653544 23.811023622047244 s’appelle
326.5511811023622 665.8582677165355 58.110236220472444 23.811023622047244 le
355.748031496063 665.8582677165355 183.96850393700788 23.811023622047244 Progrès.
510.5196850393701 665.8582677165355 154.77165354330708 23.811023622047244 «Voulez-vous
636.3779527559055 665.8582677165355 106.58267716535433 23.811023622047244 qu’elle
713.7637795275591 665.8582677165355 58.110236220472444 23.811023622047244 se
742.6771653543307 665.8582677165355 125.85826771653544 23.811023622047244 suicide?»
829.7007874015748 665.8582677165355 38.83464566929134 23.811023622047244 Il

93.25984251968504 686.2677165354331 115.37007874015748 21.543307086614174 termine
177.16535433070865 686.2677165354331 62.92913385826772 21.543307086614174 en
208.62992125984252 686.2677165354331 146.5511811023622 21.543307086614174 souhaitant
323.7165354330709 686.2677165354331 62.92913385826772 21.543307086614174 sa
355.18110236220474 686.2677165354331 136.06299212598427 21.543307086614174 prochaine
449.5748031496063 686.2677165354331 136.06299212598427 21.543307086614174 conversion.

16.15748031496063 727.3700787401575 133.22834645669292 29.763779527559056 43471.
109.41732283464567 727.3700787401575 106.58267716535433 29.763779527559056 BLOY
176.31496062992127 727.3700787401575 146.83464566929135 29.763779527559056 (Léon),
282.8976377952756 727.3700787401575 186.8031496062992 29.763779527559056 secrétaire
429.4488188976378 727.3700787401575 79.93700787401575 29.763779527559056 de
469.7007874015748 727.3700787401575 133.22834645669292 29.763779527559056 Barbey
562.9606299212599 727.3700787401575 213.4488188976378 29.763779527559056 d’Aurévilly,
722.8346456692914 727.3700787401575 146.83464566929135 29.763779527559056 romancier

116.22047244094489 751.4645669291339 109.41732283464567 30.89763779527559 d’un
184.53543307086613 751.4645669291339 136.62992125984252 30.89763779527559 talent
280.06299212598424 751.4645669291339 177.73228346456693 30.89763779527559 original.
416.9763779527559 751.4645669291339 68.31496062992126 30.89763779527559 —
444.18897637795277 751.4645669291339 81.92125984251969 30.89763779527559 L.
485.29133858267716 751.4645669291339 81.92125984251969 30.89763779527559 a.
526.1102362204724 751.4645669291339 81.92125984251969 30.89763779527559 s.
567.2125984251968 751.4645669291339 68.31496062992126 30.89763779527559 à
594.7086614173228 751.4645669291339 81.92125984251969 30.89763779527559 M.
635.5275590551181 751.4645669291339 177.73228346456693 30.89763779527559 d’Hubert;
758.5511811023622 751.4645669291339 109.41732283464567 30.89763779527559 Paris,

113.38582677165354 778.9606299212599 80.22047244094489 29.19685039370079 6
145.70078740157481 778.9606299212599 176.31496062992127 29.19685039370079 octobre
273.8267716535433 778.9606299212599 144.28346456692913 29.19685039370079 1890,
370.20472440944883 778.9606299212599 80.22047244094489 29.19685039370079 2
402.23622047244095 778.9606299212599 96.37795275590551 29.19685039370079 p.
450.4251968503937 778.9606299212599 144.28346456692913 29.19685039370079 in-8.
546.5196850393701 778.9606299212599 320.88188976377955 29.19685039370079 Curieuse.
803.3385826771654 778.9606299212599 64.06299212598425 29.19685039370079 3»

15.590551181102363 826.2992125984252 137.76377952755905 30.330708661417322 43472.
111.96850393700787 826.2992125984252 192.75590551181102 30.330708661417322 BOUCHEREAU
263.62204724409446 826.2992125984252 330.5196850393701 30.330708661417322 (Augustin-François),
552.7559055118111 826.2992125984252 137.76377952755905 30.330708661417322 député
649.1338582677165 826.2992125984252 82.48818897637796 30.330708661417322 de
690.5196850393701 826.2992125984252 151.37007874015748 30.330708661417322 l’Aisne
800.503937007874 826.2992125984252 68.88188976377953 30.330708661417322 à
814.3937007874016 826.2992125984252 54.99212598425197 30.330708661417322 la

116.78740157480316 852.6614173228346 194.45669291338584 29.19685039370079 Convention,
272.40944881889766 852.6614173228346 77.66929133858268 29.19685039370079 né
311.244094488189 852.6614173228346 64.91338582677166 29.19685039370079 à
337.3228346456693 852.6614173228346 298.20472440944883 29.19685039370079 Troizelet-Chatillon
596.4094488188977 852.6614173228346 155.6220472440945 29.19685039370079 (Aisne),
712.9133858267717 852.6614173228346 64.91338582677166 29.19685039370079 —
738.992125984252 852.6614173228346 77.66929133858268 29.19685039370079 L.
777.8267716535433 852.6614173228346 77.66929133858268 29.19685039370079 a.
803.6220472440945 852.6614173228346 64.91338582677166 29.19685039370079 s.;

110.55118110236221 878.4566929133858 214.01574803149606 30.04724409448819 Chauny,
266.1732283464567 878.4566929133858 116.78740157480316 30.04724409448819 17
324.56692913385825 878.4566929133858 194.45669291338584 30.04724409448819 nivôse
460.62992125984255 878.4566929133858 116.78740157480316 30.04724409448819 au
519.0236220472441 878.4566929133858 116.78740157480316 30.04724409448819 V,
577.4173228346457 878.4566929133858 97.22834645669292 30.04724409448819 1
616.2519685039371 878.4566929133858 116.78740157480316 30.04724409448819 p.
674.6456692913385 878.4566929133858 174.89763779527559 30.04724409448819 in-4.
791.4330708661417 878.4566929133858 97.22834645669292 30.04724409448819 5
810.7086614173228 878.4566929133858 58.39370078740158 30.04724409448819 »

113.38582677165354 923.2440944881889 99.49606299212599 24.661417322834644 Lettre
183.11811023622047 923.2440944881889 119.62204724409449 24.661417322834644 relative
272.6929133858268 923.2440944881889 49.889763779527556 24.661417322834644 à
292.53543307086613 923.2440944881889 59.811023622047244 24.661417322834644 la
322.5826771653543 923.2440944881889 149.38582677165354 24.661417322834644 destitution
441.9212598425197 923.2440944881889 69.73228346456693 24.661417322834644 des
481.8897637795276 923.2440944881889 99.49606299212599 24.661417322834644 gardes
551.6220472440945 923.2440944881889 59.811023622047244 24.661417322834644 de
581.3858267716536 923.2440944881889 59.811023622047244 24.661417322834644 la
611.1496062992126 923.2440944881889 89.5748031496063 24.661417322834644 forêt
670.9606299212599 923.2440944881889 59.811023622047244 24.661417322834644 de
690.8031496062993 923.2440944881889 119.62204724409449 24.661417322834644 Compiègne.

15.590551181102363 967.7480314960629 131.24409448818898 32.31496062992126 43473.
107.43307086614173 967.7480314960629 157.60629921259843 32.31496062992126 BOUILHET
225.63779527559055 967.7480314960629 157.60629921259843 32.31496062992126 (Louis),
343.84251968503935 967.7480314960629 144.56692913385828 32.31496062992126 célèbre
449.00787401574803 967.7480314960629 170.64566929133858 32.31496062992126 romancier
580.2519685039371 967.7480314960629 78.80314960629921 32.31496062992126 et
619.6535433070866 967.7480314960629 131.24409448818898 32.31496062992126 auteur
698.7401574803149 967.7480314960629 170.64566929133858 32.31496062992126 dramatique,

118.20472440944881 994.3937007874016 121.03937007874016 30.89763779527559 auteur
202.96062992125985 994.3937007874016 72.56692913385827 30.89763779527559 de
239.24409448818898 994.3937007874016 72.56692913385827 30.89763779527559 la
275.5275590551181 994.3937007874016 217.70078740157481 30.89763779527559 Conjuration
457.2283464566929 994.3937007874016 217.70078740157481 30.89763779527559 d’Amboise.
638.6456692913385 994.3937007874016 60.37795275590551 30.89763779527559 —
662.7401574803149 994.3937007874016 72.56692913385827 30.89763779527559 L.
699.0236220472441 994.3937007874016 72.56692913385827 30.89763779527559 a.
735.3070866141733 994.3937007874016 84.75590551181102 30.89763779527559 s.;
771.5905511811023 994.3937007874016 96.94488188976378 30.89763779527559 Rouen,

107.71653543307086 1019.6220472440945 156.4724409448819 31.748031496062993 1er
197.29133858267716 1019.6220472440945 178.86614173228347 31.748031496062993 août
308.9763779527559 1019.6220472440945 201.25984251968504 31.748031496062993 1867,
443.0551181102362 1019.6220472440945 111.68503937007874 31.748031496062993 2
487.84251968503935 1019.6220472440945 134.07874015748033 31.748031496062993 p.
555.0236220472441 1019.6220472440945 156.4724409448819 31.748031496062993 1/2
644.3149606299213 1019.6220472440945 201.25984251968504 31.748031496062993 in-8.
778.3937007874016 1019.6220472440945 111.68503937007874 31.748031496062993 3
800.7874015748032 1019.6220472440945 67.18110236220473 31.748031496062993 »

15.874015748031496 1066.1102362204724 133.22834645669292 33.732283464566926 43474.
109.13385826771653 1066.1102362204724 159.8740157480315 33.732283464566926 BOUSSION
229.03937007874015 1066.1102362204724 173.1968503937008 33.732283464566926 (Pierre),
362.26771653543307 1066.1102362204724 133.22834645669292 33.732283464566926 député
455.81102362204723 1066.1102362204724 79.93700787401575 33.732283464566926 du
495.7795275590551 1066.1102362204724 239.81102362204723 33.732283464566926 Lot-et-Garonne
695.6220472440945 1066.1102362204724 66.61417322834646 33.732283464566926 à
722.2677165354331 1066.1102362204724 79.93700787401575 33.732283464566926 la
748.9133858267717 1066.1102362204724 119.90551181102362 33.732283464566926 Conven-

115.93700787401575 1092.755905511811 123.30708661417323 32.881889763779526 tion,
197.85826771653544 1092.755905511811 82.20472440944881 32.881889763779526 né
238.96062992125985 1092.755905511811 68.31496062992126 32.881889763779526 à
266.45669291338584 1092.755905511811 136.91338582677164 32.881889763779526 Lauzun
362.26771653543307 1092.755905511811 287.43307086614175 32.881889763779526 (Lot-et-Garonne).
608.5984251968504 1092.755905511811 68.31496062992126 32.881889763779526 —
636.0944881889764 1092.755905511811 82.20472440944881 32.881889763779526 L.
677.1968503937007 1092.755905511811 82.20472440944881 32.881889763779526 a.
718.2992125984252 1092.755905511811 95.81102362204724 32.881889763779526 s.;
759.4015748031496 1092.755905511811 109.41732283464567 32.881889763779526 Paris,

106.2992125984252 1118.5511811023623 115.37007874015748 33.732283464566926 9
152.2204724409449 1118.5511811023623 277.2283464566929 33.732283464566926 prairial
360.2834645669291 1118.5511811023623 138.61417322834646 33.732283464566926 an
429.4488188976378 1118.5511811023623 161.5748031496063 33.732283464566926 IV,
521.8582677165355 1118.5511811023623 115.37007874015748 33.732283464566926 1
568.0629921259842 1118.5511811023623 138.61417322834646 33.732283464566926 p.
637.2283464566929 1118.5511811023623 207.7795275590551 33.732283464566926 in-4.
775.8425196850394 1118.5511811023623 115.37007874015748 33.732283464566926 4
799.0866141732283 1118.5511811023623 69.16535433070867 33.732283464566926 »

16.440944881889763 1165.3228346456692 135.21259842519686 40.53543307086614 43475.
111.11811023622047 1165.3228346456692 175.748031496063 40.53543307086614 BROSTARET
246.61417322834646 1165.3228346456692 270.70866141732284 40.53543307086614 (Jean-Baptiste),
476.503937007874 1165.3228346456692 135.21259842519686 40.53543307086614 député
571.1811023622047 1165.3228346456692 81.07086614173228 40.53543307086614 de
611.7165354330708 1165.3228346456692 81.07086614173228 40.53543307086614 la
652.2519685039371 1165.3228346456692 216.56692913385828 40.53543307086614 sénéchaussée
814.6771653543307 1165.3228346456692 54.14173228346457 40.53543307086614 de

117.07086614173228 1191.6850393700788 118.77165354330708 36.0 Nérac
196.44094488188978 1191.6850393700788 92.40944881889764 36.0 aux
249.16535433070865 1191.6850393700788 250.58267716535434 36.0 Etats-Généraux.
460.06299212598424 1191.6850393700788 66.04724409448819 36.0 —
486.4251968503937 1191.6850393700788 79.08661417322834 36.0 L.
526.1102362204724 1191.6850393700788 79.08661417322834 36.0 a.
565.7952755905512 1191.6850393700788 92.40944881889764 36.0 s.;
618.5196850393701 1191.6850393700788 131.81102362204723 36.0 Paris,
710.9291338582677 1191.6850393700788 79.08661417322834 36.0 22
737.2913385826772 1191.6850393700788 131.81102362204723 36.0 pluviôse

95.5275590551181 1217.763779527559 210.89763779527559 34.86614173228347 an
200.9763779527559 1217.763779527559 246.04724409448818 34.86614173228347 IV,
341.5748031496063 1217.763779527559 175.748031496063 34.86614173228347 1
411.87401574803147 1217.763779527559 210.89763779527559 34.86614173228347 p.
517.6062992125984 1217.763779527559 316.34645669291336 34.86614173228347 in-4.
728.503937007874 1217.763779527559 175.748031496063 34.86614173228347 4
763.6535433070866 1217.763779527559 105.44881889763779 34.86614173228347 »

16.724409448818896 1264.251968503937 142.01574803149606 36.8503937007874 43476.
116.22047244094489 1264.251968503937 170.36220472440945 36.8503937007874 BROUSSEL
243.7795275590551 1264.251968503937 184.53543307086613 36.8503937007874 (Pierre),
385.79527559055117 1264.251968503937 198.70866141732284 36.8503937007874 conseiller
541.9842519685039 1264.251968503937 85.32283464566929 36.8503937007874 au
584.503937007874 1264.251968503937 184.53543307086613 36.8503937007874 Parlement
726.5196850393701 1264.251968503937 85.32283464566929 36.8503937007874 de
754.8661417322835 1264.251968503937 113.66929133858268 36.8503937007874 Paris,

117.35433070866142 1291.4645669291338 134.64566929133858 37.13385826771653 fameux
211.46456692913387 1291.4645669291338 94.11023622047244 37.13385826771653 par
265.3228346456693 1291.4645669291338 94.11023622047244 37.13385826771653 son
318.8976377952756 1291.4645669291338 107.71653543307086 37.13385826771653 rôle
386.3622047244094 1291.4645669291338 147.96850393700788 37.13385826771653 pendant
493.79527559055117 1291.4645669291338 80.78740157480316 37.13385826771653 la
534.3307086614174 1291.4645669291338 147.96850393700788 37.13385826771653 Fronde,
641.7637795275591 1291.4645669291338 188.2204724409449 37.13385826771653 gouverneur
789.7322834645669 1291.4645669291338 80.78740157480316 37.13385826771653 de
816.6614173228346 1291.4645669291338 53.85826771653543 37.13385826771653 la

118.20472440944881 1316.6929133858268 155.6220472440945 37.41732283464567 Bastille
234.99212598425197 1316.6929133858268 77.66929133858268 37.41732283464567 et
273.8267716535433 1316.6929133858268 129.54330708661416 37.41732283464567 prévôt
364.53543307086613 1316.6929133858268 90.70866141732283 37.41732283464567 des
416.40944881889766 1316.6929133858268 181.41732283464566 37.41732283464567 marchands.
558.992125984252 1316.6929133858268 64.91338582677166 37.41732283464567 —
584.7874015748032 1316.6929133858268 77.66929133858268 37.41732283464567 P.
623.6220472440945 1316.6929133858268 77.66929133858268 37.41732283464567 s.
662.4566929133858 1316.6929133858268 90.70866141732283 37.41732283464567 1er
714.3307086614174 1316.6929133858268 116.50393700787401 37.41732283464567 avril
779.2440944881889 1316.6929133858268 90.70866141732283 37.41732283464567 1648,

106.86614173228347 1342.4881889763778 123.30708661417323 37.13385826771653 1
156.18897637795277 1342.4881889763778 147.68503937007873 37.13385826771653 p.
230.17322834645668 1342.4881889763778 270.99212598425197 37.13385826771653 in-fol.
427.18110236220474 1342.4881889763778 394.01574803149606 37.13385826771653 Rare.
747.496062992126 1342.4881889763778 147.68503937007873 37.13385826771653 10
796.5354330708661 1342.4881889763778 73.98425196850394 37.13385826771653 »

17.5748031496063 1388.1259842519685 142.58267716535434 41.10236220472441 43477.
117.35433070866142 1388.1259842519685 327.68503937007875 41.10236220472441 BRUNSWICK-LUNEBOURG
402.23622047244095 1388.1259842519685 185.10236220472441 41.10236220472441 (Charles,
544.5354330708661 1388.1259842519685 99.77952755905511 41.10236220472441 duc
601.511811023622 1388.1259842519685 113.95275590551181 41.10236220472441 de),
672.6614173228346 1388.1259842519685 156.75590551181102 41.10236220472441 célèbre
772.4409448818898 1388.1259842519685 99.77952755905511 41.10236220472441 capi-

118.48818897637796 1416.755905511811 116.78740157480316 39.40157480314961 taine
196.44094488188978 1416.755905511811 168.66141732283464 39.40157480314961 prussien,
326.26771653543307 1416.755905511811 90.99212598425197 39.40157480314961 qui
378.1417322834646 1416.755905511811 142.86614173228347 39.40157480314961 envahit
481.8897637795276 1416.755905511811 77.95275590551181 39.40157480314961 la
521.007874015748 1416.755905511811 129.82677165354332 39.40157480314961 France
611.7165354330708 1416.755905511811 77.95275590551181 39.40157480314961 en
650.8346456692914 1416.755905511811 103.74803149606299 39.40157480314961 1792
715.7480314960629 1416.755905511811 77.95275590551181 39.40157480314961 et
754.5826771653543 1416.755905511811 116.78740157480316 39.40157480314961 lança
819.496062992126 1416.755905511811 51.874015748031496 39.40157480314961 le

118.77165354330708 1441.7007874015749 181.13385826771653 41.669291338582674 manifeste
257.9527559055118 1441.7007874015749 97.51181102362204 41.669291338582674 qui
313.79527559055117 1441.7007874015749 125.29133858267717 41.669291338582674 porte
397.4173228346457 1441.7007874015749 97.51181102362204 41.669291338582674 son
452.9763779527559 1441.7007874015749 111.4015748031496 41.669291338582674 nom,
522.7086614173228 1441.7007874015749 139.1811023622047 41.669291338582674 blessé
620.2204724409448 1441.7007874015749 222.8031496062992 41.669291338582674 mortellement
801.0708661417323 1441.7007874015749 69.73228346456693 41.669291338582674 à
814.9606299212599 1441.7007874015749 55.84251968503937 41.669291338582674 la
