<alto xmlns:xsi="http://www.w3.org/2001/XMLSchema-instance" xmlns="http://www.loc.gov/standards/alto/ns-v2#" xmlns:page="http://schema.primaresearch.org/PAGE/gts/pagecontent/2013-07-15" xsi:schemaLocation="http://www.loc.gov/standards/alto/ns-v2# http://www.loc.gov/standards/alto/alto.xsd">
  <Description>
    <MeasurementUnit>pixel</MeasurementUnit>
    <sourceImageInformation>
         <fileName>DSC00788.xml</fileName>
      </sourceImageInformation>
    <OCRProcessing ID="IdOcr">
      <ocrProcessingStep>
        <processingDateTime>2020-05-13T10:41:08.136+02:00</processingDateTime>
        <processingSoftware>
               <softwareCreator>CONTRIBUTORS</softwareCreator>
               <softwareName>pdfalto</softwareName>
               <softwareVersion>0.1</softwareVersion>
            </processingSoftware>
      </ocrProcessingStep>
    </OCRProcessing>
  </Description>
  <Styles>
     <TextStyle ID="FONT0" FONTFAMILY="unknown" FONTSIZE="unknown" FONTTYPE="unknown" FONTWIDTH="unknown" FONTCOLOR="unknown" FONTSTYLE=""/>
     <TextStyle ID="FONT1" FONTFAMILY="unknown" FONTSIZE="unknown" FONTTYPE="unknown" FONTWIDTH="unknown" FONTCOLOR="unknown" FONTSTYLE="bold"/>
     <TextStyle ID="FONT2" FONTFAMILY="unknown" FONTSIZE="unknown" FONTTYPE="unknown" FONTWIDTH="unknown" FONTCOLOR="unknown" FONTSTYLE="italics"/>
</Styles>
  <Tags/>
  <Layout>
    <Page ID="Page1" PHYSICAL_IMG_NR="1" HEIGHT="1525.3228346456692" WIDTH="917.5748031496063">
      <PrintSpace HEIGHT="1494.992125984252" WIDTH="917.2913385826772" VPOS="30.330708661417322" HPOS="0.0">
        <TextBlock ID="region_1571583416044_1192" HEIGHT="20.125984251968504" WIDTH="91.84251968503936" VPOS="32.881889763779526" HPOS="414.4251968503937">
          <TextLine ID="line_1571583416500_1195" BASELINE="187" HEIGHT="20.125984251968504" WIDTH="91.55905511811024" VPOS="32.881889763779526" HPOS="414.70866141732284">
            <String HEIGHT="20.125984251968504" WIDTH="91.55905511811024" VPOS="32.881889763779526" HPOS="396.2834645669291" CONTENT="—" ID="line_1571583416500_1195_1" STYLEREFS="FONT0"/>
            <SP HEIGHT="20.125984251968504" WIDTH="18.4251968503937" VPOS="32.881889763779526" HPOS="487.84251968503935"/>
            <String HEIGHT="20.125984251968504" WIDTH="91.55905511811024" VPOS="32.881889763779526" HPOS="433.13385826771656" CONTENT="6" ID="line_1571583416500_1195_2" STYLEREFS="FONT0"/>
            <SP HEIGHT="20.125984251968504" WIDTH="18.4251968503937" VPOS="32.881889763779526" HPOS="524.6929133858267"/>
            <String HEIGHT="20.125984251968504" WIDTH="54.99212598425197" VPOS="32.881889763779526" HPOS="451.2755905511811" CONTENT="—" ID="line_1571583416500_1195_3" STYLEREFS="FONT0"/>
          </TextLine>
        </TextBlock>
        <TextBlock ID="r_2_1" HEIGHT="95.81102362204724" WIDTH="829.9842519685039" VPOS="82.48818897637796" HPOS="37.7007874015748">
          <TextLine ID="tl_2" BASELINE="452" HEIGHT="45.354330708661415" WIDTH="829.1338582677165" VPOS="82.77165354330708" HPOS="37.98425196850393">
            <String HEIGHT="45.354330708661415" WIDTH="133.79527559055117" VPOS="82.77165354330708" HPOS="24.661417322834644" CONTENT="43484." ID="tl_2_1" STYLEREFS="FONT0"/>
            <SP HEIGHT="45.354330708661415" WIDTH="13.32283464566929" VPOS="82.77165354330708" HPOS="158.45669291338584"/>
            <String HEIGHT="45.354330708661415" WIDTH="173.76377952755905" VPOS="82.77165354330708" HPOS="118.20472440944881" CONTENT="CAVALOTTI" ID="tl_2_2" STYLEREFS="FONT0"/>
            <SP HEIGHT="45.354330708661415" WIDTH="13.32283464566929" VPOS="82.77165354330708" HPOS="291.9685039370079"/>
            <String HEIGHT="45.354330708661415" WIDTH="147.11811023622047" VPOS="82.77165354330708" HPOS="252.0" CONTENT="(Felice" ID="tl_2_3" STYLEREFS="FONT0"/>
            <SP HEIGHT="45.354330708661415" WIDTH="13.32283464566929" VPOS="82.77165354330708" HPOS="399.11811023622045"/>
            <String HEIGHT="45.354330708661415" WIDTH="106.86614173228347" VPOS="82.77165354330708" HPOS="358.86614173228344" CONTENT="de)," ID="tl_2_4" STYLEREFS="FONT0"/>
            <SP HEIGHT="45.354330708661415" WIDTH="13.32283464566929" VPOS="82.77165354330708" HPOS="466.01574803149606"/>
            <String HEIGHT="45.354330708661415" WIDTH="147.11811023622047" VPOS="82.77165354330708" HPOS="425.76377952755905" CONTENT="célèbre" ID="tl_2_5" STYLEREFS="FONT0"/>
            <SP HEIGHT="45.354330708661415" WIDTH="13.32283464566929" VPOS="82.77165354330708" HPOS="572.8818897637796"/>
            <String HEIGHT="45.354330708661415" WIDTH="160.44094488188978" VPOS="82.77165354330708" HPOS="532.9133858267717" CONTENT="écrivain" ID="tl_2_6" STYLEREFS="FONT0"/>
            <SP HEIGHT="45.354330708661415" WIDTH="13.32283464566929" VPOS="82.77165354330708" HPOS="693.3543307086615"/>
            <String HEIGHT="45.354330708661415" WIDTH="80.22047244094489" VPOS="82.77165354330708" HPOS="653.1023622047244" CONTENT="et" ID="tl_2_7" STYLEREFS="FONT0"/>
            <SP HEIGHT="45.354330708661415" WIDTH="13.32283464566929" VPOS="82.77165354330708" HPOS="733.3228346456693"/>
            <String HEIGHT="45.354330708661415" WIDTH="120.4724409448819" VPOS="82.77165354330708" HPOS="693.3543307086615" CONTENT="homme" ID="tl_2_8" STYLEREFS="FONT0"/>
            <SP HEIGHT="45.354330708661415" WIDTH="13.32283464566929" VPOS="82.77165354330708" HPOS="813.5433070866142"/>
            <String HEIGHT="45.354330708661415" WIDTH="106.86614173228347" VPOS="82.77165354330708" HPOS="760.2519685039371" CONTENT="d’Etat" ID="tl_2_9" STYLEREFS="FONT0"/>
          </TextLine>
          <TextLine ID="tl_3" BASELINE="540" HEIGHT="44.22047244094488" WIDTH="726.2362204724409" VPOS="108.85039370078741" HPOS="139.748031496063">
            <String HEIGHT="44.22047244094488" WIDTH="147.68503937007873" VPOS="108.85039370078741" HPOS="127.55905511811024" CONTENT="italien," ID="tl_3_1" STYLEREFS="FONT0"/>
            <SP HEIGHT="44.22047244094488" WIDTH="12.188976377952756" VPOS="108.85039370078741" HPOS="275.244094488189"/>
            <String HEIGHT="44.22047244094488" WIDTH="86.1732283464567" VPOS="108.85039370078741" HPOS="238.11023622047244" CONTENT="tué" ID="tl_3_2" STYLEREFS="FONT0"/>
            <SP HEIGHT="44.22047244094488" WIDTH="12.188976377952756" VPOS="108.85039370078741" HPOS="324.2834645669291"/>
            <String HEIGHT="44.22047244094488" WIDTH="160.15748031496062" VPOS="108.85039370078741" HPOS="287.43307086614175" CONTENT="récemment" ID="tl_3_3" STYLEREFS="FONT0"/>
            <SP HEIGHT="44.22047244094488" WIDTH="12.188976377952756" VPOS="108.85039370078741" HPOS="447.59055118110234"/>
            <String HEIGHT="44.22047244094488" WIDTH="73.98425196850394" VPOS="108.85039370078741" HPOS="410.45669291338584" CONTENT="en" ID="tl_3_4" STYLEREFS="FONT0"/>
            <SP HEIGHT="44.22047244094488" WIDTH="12.188976377952756" VPOS="108.85039370078741" HPOS="484.4409448818898"/>
            <String HEIGHT="44.22047244094488" WIDTH="110.83464566929133" VPOS="108.85039370078741" HPOS="447.59055118110234" CONTENT="duel." ID="tl_3_5" STYLEREFS="FONT0"/>
            <SP HEIGHT="44.22047244094488" WIDTH="12.188976377952756" VPOS="108.85039370078741" HPOS="558.1417322834645"/>
            <String HEIGHT="44.22047244094488" WIDTH="61.511811023622045" VPOS="108.85039370078741" HPOS="521.2913385826772" CONTENT="—" ID="tl_3_6" STYLEREFS="FONT0"/>
            <SP HEIGHT="44.22047244094488" WIDTH="12.188976377952756" VPOS="108.85039370078741" HPOS="582.8031496062993"/>
            <String HEIGHT="44.22047244094488" WIDTH="73.98425196850394" VPOS="108.85039370078741" HPOS="545.9527559055118" CONTENT="L." ID="tl_3_7" STYLEREFS="FONT0"/>
            <SP HEIGHT="44.22047244094488" WIDTH="12.188976377952756" VPOS="108.85039370078741" HPOS="619.9370078740158"/>
            <String HEIGHT="44.22047244094488" WIDTH="73.98425196850394" VPOS="108.85039370078741" HPOS="582.8031496062993" CONTENT="a." ID="tl_3_8" STYLEREFS="FONT0"/>
            <SP HEIGHT="44.22047244094488" WIDTH="12.188976377952756" VPOS="108.85039370078741" HPOS="656.7874015748032"/>
            <String HEIGHT="44.22047244094488" WIDTH="73.98425196850394" VPOS="108.85039370078741" HPOS="619.9370078740158" CONTENT="s." ID="tl_3_9" STYLEREFS="FONT0"/>
            <SP HEIGHT="44.22047244094488" WIDTH="12.188976377952756" VPOS="108.85039370078741" HPOS="693.6377952755905"/>
            <String HEIGHT="44.22047244094488" WIDTH="61.511811023622045" VPOS="108.85039370078741" HPOS="656.7874015748032" CONTENT="à" ID="tl_3_10" STYLEREFS="FONT0"/>
            <SP HEIGHT="44.22047244094488" WIDTH="12.188976377952756" VPOS="108.85039370078741" HPOS="718.2992125984252"/>
            <String HEIGHT="44.22047244094488" WIDTH="73.98425196850394" VPOS="108.85039370078741" HPOS="681.4488188976378" CONTENT="un" ID="tl_3_11" STYLEREFS="FONT0"/>
            <SP HEIGHT="44.22047244094488" WIDTH="12.188976377952756" VPOS="108.85039370078741" HPOS="755.1496062992126"/>
            <String HEIGHT="44.22047244094488" WIDTH="98.36220472440945" VPOS="108.85039370078741" HPOS="718.2992125984252" CONTENT="ami;" ID="tl_3_12" STYLEREFS="FONT0"/>
            <SP HEIGHT="44.22047244094488" WIDTH="12.188976377952756" VPOS="108.85039370078741" HPOS="816.6614173228346"/>
            <String HEIGHT="44.22047244094488" WIDTH="98.36220472440945" VPOS="108.85039370078741" HPOS="767.6220472440945" CONTENT="Meina," ID="tl_3_13" STYLEREFS="FONT0"/>
          </TextLine>
          <TextLine ID="tl_4" BASELINE="628" HEIGHT="43.653543307086615" WIDTH="728.2204724409448" VPOS="134.36220472440945" HPOS="139.1811023622047">
            <String HEIGHT="43.653543307086615" WIDTH="136.62992125984252" VPOS="134.36220472440945" HPOS="116.50393700787401" CONTENT="12" ID="tl_4_1" STYLEREFS="FONT0"/>
            <SP HEIGHT="43.653543307086615" WIDTH="22.677165354330707" VPOS="134.36220472440945" HPOS="252.8503937007874"/>
            <String HEIGHT="43.653543307086615" WIDTH="250.29921259842519" VPOS="134.36220472440945" HPOS="184.8188976377953" CONTENT="juillet" ID="tl_4_2" STYLEREFS="FONT0"/>
            <SP HEIGHT="43.653543307086615" WIDTH="22.677165354330707" VPOS="134.36220472440945" HPOS="435.11811023622045"/>
            <String HEIGHT="43.653543307086615" WIDTH="204.9448818897638" VPOS="134.36220472440945" HPOS="366.8031496062992" CONTENT="1887," ID="tl_4_3" STYLEREFS="FONT0"/>
            <SP HEIGHT="43.653543307086615" WIDTH="22.677165354330707" VPOS="134.36220472440945" HPOS="571.4645669291339"/>
            <String HEIGHT="43.653543307086615" WIDTH="113.66929133858268" VPOS="134.36220472440945" HPOS="503.43307086614175" CONTENT="6" ID="tl_4_4" STYLEREFS="FONT0"/>
            <SP HEIGHT="43.653543307086615" WIDTH="22.677165354330707" VPOS="134.36220472440945" HPOS="617.1023622047244"/>
            <String HEIGHT="43.653543307086615" WIDTH="136.62992125984252" VPOS="134.36220472440945" HPOS="548.7874015748032" CONTENT="p." ID="tl_4_5" STYLEREFS="FONT0"/>
            <SP HEIGHT="43.653543307086615" WIDTH="22.677165354330707" VPOS="134.36220472440945" HPOS="685.4173228346457"/>
            <String HEIGHT="43.653543307086615" WIDTH="204.9448818897638" VPOS="134.36220472440945" HPOS="617.1023622047244" CONTENT="in-8." ID="tl_4_6" STYLEREFS="FONT0"/>
            <SP HEIGHT="43.653543307086615" WIDTH="22.677165354330707" VPOS="134.36220472440945" HPOS="821.7637795275591"/>
            <String HEIGHT="43.653543307086615" WIDTH="136.62992125984252" VPOS="134.36220472440945" HPOS="753.7322834645669" CONTENT="25" ID="tl_4_7" STYLEREFS="FONT0"/>
            <SP HEIGHT="43.653543307086615" WIDTH="22.677165354330707" VPOS="134.36220472440945" HPOS="890.0787401574803"/>
            <String HEIGHT="43.653543307086615" WIDTH="68.31496062992126" VPOS="134.36220472440945" HPOS="799.0866141732283" CONTENT="»" ID="tl_4_8" STYLEREFS="FONT0"/>
          </TextLine>
        </TextBlock>
        <TextBlock ID="r_2_2" HEIGHT="171.21259842519686" WIDTH="759.6850393700787" VPOS="177.73228346456693" HPOS="108.85039370078741">
          <TextLine ID="tl_5" BASELINE="762" HEIGHT="37.98425196850393" WIDTH="736.4409448818898" VPOS="178.01574803149606" HPOS="131.81102362204723">
            <String HEIGHT="37.98425196850393" WIDTH="99.49606299212599" VPOS="178.01574803149606" HPOS="121.88976377952756" CONTENT="LETTRE" ID="tl_5_1" STYLEREFS="FONT0"/>
            <SP HEIGHT="37.98425196850393" WIDTH="9.921259842519685" VPOS="178.01574803149606" HPOS="221.38582677165354"/>
            <String HEIGHT="37.98425196850393" WIDTH="69.73228346456693" VPOS="178.01574803149606" HPOS="191.6220472440945" CONTENT="DES" ID="tl_5_2" STYLEREFS="FONT0"/>
            <SP HEIGHT="37.98425196850393" WIDTH="9.921259842519685" VPOS="178.01574803149606" HPOS="261.07086614173227"/>
            <String HEIGHT="37.98425196850393" WIDTH="79.65354330708661" VPOS="178.01574803149606" HPOS="231.30708661417322" CONTENT="PLUS" ID="tl_5_3" STYLEREFS="FONT0"/>
            <SP HEIGHT="37.98425196850393" WIDTH="9.921259842519685" VPOS="178.01574803149606" HPOS="310.96062992125985"/>
            <String HEIGHT="37.98425196850393" WIDTH="139.46456692913387" VPOS="178.01574803149606" HPOS="281.1968503937008" CONTENT="CURIEUSES," ID="tl_5_4" STYLEREFS="FONT0"/>
            <SP HEIGHT="37.98425196850393" WIDTH="9.921259842519685" VPOS="178.01574803149606" HPOS="420.37795275590554"/>
            <String HEIGHT="37.98425196850393" WIDTH="59.811023622047244" VPOS="178.01574803149606" HPOS="390.61417322834643" CONTENT="où" ID="tl_5_5" STYLEREFS="FONT0"/>
            <SP HEIGHT="37.98425196850393" WIDTH="9.921259842519685" VPOS="178.01574803149606" HPOS="450.1417322834646"/>
            <String HEIGHT="37.98425196850393" WIDTH="59.811023622047244" VPOS="178.01574803149606" HPOS="420.37795275590554" CONTENT="il" ID="tl_5_6" STYLEREFS="FONT0"/>
            <SP HEIGHT="37.98425196850393" WIDTH="9.921259842519685" VPOS="178.01574803149606" HPOS="480.18897637795277"/>
            <String HEIGHT="37.98425196850393" WIDTH="59.811023622047244" VPOS="178.01574803149606" HPOS="450.1417322834646" CONTENT="le" ID="tl_5_7" STYLEREFS="FONT0"/>
            <SP HEIGHT="37.98425196850393" WIDTH="9.921259842519685" VPOS="178.01574803149606" HPOS="509.9527559055118"/>
            <String HEIGHT="37.98425196850393" WIDTH="119.33858267716535" VPOS="178.01574803149606" HPOS="480.18897637795277" CONTENT="remercie" ID="tl_5_8" STYLEREFS="FONT0"/>
            <SP HEIGHT="37.98425196850393" WIDTH="9.921259842519685" VPOS="178.01574803149606" HPOS="599.5275590551181"/>
            <String HEIGHT="37.98425196850393" WIDTH="59.811023622047244" VPOS="178.01574803149606" HPOS="569.7637795275591" CONTENT="de" ID="tl_5_9" STYLEREFS="FONT0"/>
            <SP HEIGHT="37.98425196850393" WIDTH="9.921259842519685" VPOS="178.01574803149606" HPOS="629.2913385826772"/>
            <String HEIGHT="37.98425196850393" WIDTH="169.22834645669292" VPOS="178.01574803149606" HPOS="599.5275590551181" CONTENT="l’affectueuse" ID="tl_5_10" STYLEREFS="FONT0"/>
            <SP HEIGHT="37.98425196850393" WIDTH="9.921259842519685" VPOS="178.01574803149606" HPOS="768.7559055118111"/>
            <String HEIGHT="37.98425196850393" WIDTH="99.49606299212599" VPOS="178.01574803149606" HPOS="738.992125984252" CONTENT="lettre" ID="tl_5_11" STYLEREFS="FONT0"/>
            <SP HEIGHT="37.98425196850393" WIDTH="9.921259842519685" VPOS="178.01574803149606" HPOS="838.488188976378"/>
            <String HEIGHT="37.98425196850393" WIDTH="69.73228346456693" VPOS="178.01574803149606" HPOS="798.5196850393701" CONTENT="qu’il" ID="tl_5_12" STYLEREFS="FONT0"/>
          </TextLine>
          <TextLine ID="tl_6" BASELINE="823" HEIGHT="36.8503937007874" WIDTH="756.2834645669292" VPOS="196.44094488188978" HPOS="111.4015748031496">
            <String HEIGHT="36.8503937007874" WIDTH="64.62992125984252" VPOS="196.44094488188978" HPOS="102.04724409448819" CONTENT="lui" ID="tl_6_1" STYLEREFS="FONT0"/>
            <SP HEIGHT="36.8503937007874" WIDTH="9.354330708661417" VPOS="196.44094488188978" HPOS="166.6771653543307"/>
            <String HEIGHT="36.8503937007874" WIDTH="46.20472440944882" VPOS="196.44094488188978" HPOS="139.1811023622047" CONTENT="a" ID="tl_6_2" STYLEREFS="FONT0"/>
            <SP HEIGHT="36.8503937007874" WIDTH="9.354330708661417" VPOS="196.44094488188978" HPOS="185.10236220472441"/>
            <String HEIGHT="36.8503937007874" WIDTH="110.55118110236221" VPOS="196.44094488188978" HPOS="157.60629921259843" CONTENT="adressée" ID="tl_6_3" STYLEREFS="FONT0"/>
            <SP HEIGHT="36.8503937007874" WIDTH="9.354330708661417" VPOS="196.44094488188978" HPOS="268.15748031496065"/>
            <String HEIGHT="36.8503937007874" WIDTH="64.62992125984252" VPOS="196.44094488188978" HPOS="240.66141732283464" CONTENT="par" ID="tl_6_4" STYLEREFS="FONT0"/>
            <SP HEIGHT="36.8503937007874" WIDTH="9.354330708661417" VPOS="196.44094488188978" HPOS="305.00787401574803"/>
            <String HEIGHT="36.8503937007874" WIDTH="55.275590551181104" VPOS="196.44094488188978" HPOS="277.51181102362204" CONTENT="le" ID="tl_6_5" STYLEREFS="FONT0"/>
            <SP HEIGHT="36.8503937007874" WIDTH="9.354330708661417" VPOS="196.44094488188978" HPOS="332.78740157480314"/>
            <String HEIGHT="36.8503937007874" WIDTH="83.05511811023622" VPOS="196.44094488188978" HPOS="305.00787401574803" CONTENT="canal" ID="tl_6_6" STYLEREFS="FONT0"/>
            <SP HEIGHT="36.8503937007874" WIDTH="9.354330708661417" VPOS="196.44094488188978" HPOS="388.06299212598424"/>
            <String HEIGHT="36.8503937007874" WIDTH="55.275590551181104" VPOS="196.44094488188978" HPOS="360.2834645669291" CONTENT="de" ID="tl_6_7" STYLEREFS="FONT0"/>
            <SP HEIGHT="36.8503937007874" WIDTH="9.354330708661417" VPOS="196.44094488188978" HPOS="415.84251968503935"/>
            <String HEIGHT="36.8503937007874" WIDTH="212.03149606299212" VPOS="196.44094488188978" HPOS="388.06299212598424" CONTENT="l'Evénement." ID="tl_6_8" STYLEREFS="FONT2"/>
            <SP HEIGHT="36.8503937007874" WIDTH="9.354330708661417" VPOS="196.44094488188978" HPOS="600.0944881889764"/>
            <String HEIGHT="36.8503937007874" WIDTH="55.275590551181104" VPOS="196.44094488188978" HPOS="572.5984251968504" CONTENT="Il" ID="tl_6_9" STYLEREFS="FONT0"/>
            <SP HEIGHT="36.8503937007874" WIDTH="9.354330708661417" VPOS="196.44094488188978" HPOS="627.8740157480315"/>
            <String HEIGHT="36.8503937007874" WIDTH="64.62992125984252" VPOS="196.44094488188978" HPOS="600.0944881889764" CONTENT="est" ID="tl_6_10" STYLEREFS="FONT0"/>
            <SP HEIGHT="36.8503937007874" WIDTH="9.354330708661417" VPOS="196.44094488188978" HPOS="664.7244094488188"/>
            <String HEIGHT="36.8503937007874" WIDTH="129.25984251968504" VPOS="196.44094488188978" HPOS="637.2283464566929" CONTENT="absolument" ID="tl_6_11" STYLEREFS="FONT0"/>
            <SP HEIGHT="36.8503937007874" WIDTH="9.354330708661417" VPOS="196.44094488188978" HPOS="766.2047244094488"/>
            <String HEIGHT="36.8503937007874" WIDTH="110.55118110236221" VPOS="196.44094488188978" HPOS="738.4251968503937" CONTENT="d’accord" ID="tl_6_12" STYLEREFS="FONT0"/>
            <SP HEIGHT="36.8503937007874" WIDTH="9.354330708661417" VPOS="196.44094488188978" HPOS="849.2598425196851"/>
            <String HEIGHT="36.8503937007874" WIDTH="55.275590551181104" VPOS="196.44094488188978" HPOS="812.4094488188977" CONTENT="avec" ID="tl_6_13" STYLEREFS="FONT0"/>
          </TextLine>
          <TextLine ID="tl_7" BASELINE="892" HEIGHT="37.41732283464567" WIDTH="756.0" VPOS="215.43307086614172" HPOS="110.83464566929133">
            <String HEIGHT="37.41732283464567" WIDTH="65.19685039370079" VPOS="215.43307086614172" HPOS="101.48031496062993" CONTENT="lui" ID="tl_7_1" STYLEREFS="FONT0"/>
            <SP HEIGHT="37.41732283464567" WIDTH="9.354330708661417" VPOS="215.43307086614172" HPOS="166.96062992125985"/>
            <String HEIGHT="37.41732283464567" WIDTH="65.19685039370079" VPOS="215.43307086614172" HPOS="138.89763779527559" CONTENT="sur" ID="tl_7_2" STYLEREFS="FONT0"/>
            <SP HEIGHT="37.41732283464567" WIDTH="9.354330708661417" VPOS="215.43307086614172" HPOS="204.09448818897638"/>
            <String HEIGHT="37.41732283464567" WIDTH="56.125984251968504" VPOS="215.43307086614172" HPOS="176.03149606299212" CONTENT="la" ID="tl_7_3" STYLEREFS="FONT0"/>
            <SP HEIGHT="37.41732283464567" WIDTH="9.354330708661417" VPOS="215.43307086614172" HPOS="232.15748031496062"/>
            <String HEIGHT="37.41732283464567" WIDTH="121.32283464566929" VPOS="215.43307086614172" HPOS="204.09448818897638" CONTENT="nécessité" ID="tl_7_4" STYLEREFS="FONT0"/>
            <SP HEIGHT="37.41732283464567" WIDTH="9.354330708661417" VPOS="215.43307086614172" HPOS="325.4173228346457"/>
            <String HEIGHT="37.41732283464567" WIDTH="56.125984251968504" VPOS="215.43307086614172" HPOS="297.6377952755906" CONTENT="de" ID="tl_7_5" STYLEREFS="FONT0"/>
            <SP HEIGHT="37.41732283464567" WIDTH="9.354330708661417" VPOS="215.43307086614172" HPOS="353.4803149606299"/>
            <String HEIGHT="37.41732283464567" WIDTH="111.96850393700787" VPOS="215.43307086614172" HPOS="325.4173228346457" CONTENT="dissiper" ID="tl_7_6" STYLEREFS="FONT0"/>
            <SP HEIGHT="37.41732283464567" WIDTH="9.354330708661417" VPOS="215.43307086614172" HPOS="437.38582677165357"/>
            <String HEIGHT="37.41732283464567" WIDTH="65.19685039370079" VPOS="215.43307086614172" HPOS="409.6062992125984" CONTENT="les" ID="tl_7_7" STYLEREFS="FONT0"/>
            <SP HEIGHT="37.41732283464567" WIDTH="9.354330708661417" VPOS="215.43307086614172" HPOS="474.8031496062992"/>
            <String HEIGHT="37.41732283464567" WIDTH="93.25984251968504" VPOS="215.43307086614172" HPOS="446.74015748031496" CONTENT="nuages" ID="tl_7_8" STYLEREFS="FONT0"/>
            <SP HEIGHT="37.41732283464567" WIDTH="9.354330708661417" VPOS="215.43307086614172" HPOS="540.2834645669292"/>
            <String HEIGHT="37.41732283464567" WIDTH="83.90551181102362" VPOS="215.43307086614172" HPOS="512.2204724409448" CONTENT="entre" ID="tl_7_9" STYLEREFS="FONT0"/>
            <SP HEIGHT="37.41732283464567" WIDTH="9.354330708661417" VPOS="215.43307086614172" HPOS="596.1259842519685"/>
            <String HEIGHT="37.41732283464567" WIDTH="111.96850393700787" VPOS="215.43307086614172" HPOS="568.0629921259842" CONTENT="l’Italie" ID="tl_7_10" STYLEREFS="FONT0"/>
            <SP HEIGHT="37.41732283464567" WIDTH="9.354330708661417" VPOS="215.43307086614172" HPOS="680.0314960629921"/>
            <String HEIGHT="37.41732283464567" WIDTH="56.125984251968504" VPOS="215.43307086614172" HPOS="652.2519685039371" CONTENT="et" ID="tl_7_11" STYLEREFS="FONT0"/>
            <SP HEIGHT="37.41732283464567" WIDTH="9.354330708661417" VPOS="215.43307086614172" HPOS="708.0944881889764"/>
            <String HEIGHT="37.41732283464567" WIDTH="56.125984251968504" VPOS="215.43307086614172" HPOS="680.0314960629921" CONTENT="la" ID="tl_7_12" STYLEREFS="FONT0"/>
            <SP HEIGHT="37.41732283464567" WIDTH="9.354330708661417" VPOS="215.43307086614172" HPOS="736.1574803149606"/>
            <String HEIGHT="37.41732283464567" WIDTH="102.61417322834646" VPOS="215.43307086614172" HPOS="708.0944881889764" CONTENT="France." ID="tl_7_13" STYLEREFS="FONT0"/>
            <SP HEIGHT="37.41732283464567" WIDTH="9.354330708661417" VPOS="215.43307086614172" HPOS="810.7086614173228"/>
            <String HEIGHT="37.41732283464567" WIDTH="56.125984251968504" VPOS="215.43307086614172" HPOS="782.9291338582677" CONTENT="Il" ID="tl_7_14" STYLEREFS="FONT0"/>
            <SP HEIGHT="37.41732283464567" WIDTH="9.354330708661417" VPOS="215.43307086614172" HPOS="838.7716535433071"/>
            <String HEIGHT="37.41732283464567" WIDTH="65.19685039370079" VPOS="215.43307086614172" HPOS="801.6377952755905" CONTENT="faut," ID="tl_7_15" STYLEREFS="FONT0"/>
          </TextLine>
          <TextLine ID="tl_8" BASELINE="956" HEIGHT="36.28346456692913" WIDTH="756.0" VPOS="234.70866141732284" HPOS="111.4015748031496">
            <String HEIGHT="36.28346456692913" WIDTH="109.41732283464567" VPOS="234.70866141732284" HPOS="101.48031496062993" CONTENT="dit-il," ID="tl_8_1" STYLEREFS="FONT0"/>
            <SP HEIGHT="36.28346456692913" WIDTH="9.921259842519685" VPOS="234.70866141732284" HPOS="210.89763779527559"/>
            <String HEIGHT="36.28346456692913" WIDTH="139.1811023622047" VPOS="234.70866141732284" HPOS="181.13385826771653" CONTENT="abandonner" ID="tl_8_2" STYLEREFS="FONT0"/>
            <SP HEIGHT="36.28346456692913" WIDTH="9.921259842519685" VPOS="234.70866141732284" HPOS="320.31496062992125"/>
            <String HEIGHT="36.28346456692913" WIDTH="69.73228346456693" VPOS="234.70866141732284" HPOS="290.5511811023622" CONTENT="les" ID="tl_8_3" STYLEREFS="FONT0"/>
            <SP HEIGHT="36.28346456692913" WIDTH="9.921259842519685" VPOS="234.70866141732284" HPOS="360.0"/>
            <String HEIGHT="36.28346456692913" WIDTH="89.5748031496063" VPOS="234.70866141732284" HPOS="330.23622047244095" CONTENT="voies" ID="tl_8_4" STYLEREFS="FONT0"/>
            <SP HEIGHT="36.28346456692913" WIDTH="9.921259842519685" VPOS="234.70866141732284" HPOS="419.81102362204723"/>
            <String HEIGHT="36.28346456692913" WIDTH="89.5748031496063" VPOS="234.70866141732284" HPOS="390.0472440944882" CONTENT="d’une" ID="tl_8_5" STYLEREFS="FONT0"/>
            <SP HEIGHT="36.28346456692913" WIDTH="9.921259842519685" VPOS="234.70866141732284" HPOS="479.33858267716533"/>
            <String HEIGHT="36.28346456692913" WIDTH="129.25984251968504" VPOS="234.70866141732284" HPOS="449.5748031496063" CONTENT="politique" ID="tl_8_6" STYLEREFS="FONT0"/>
            <SP HEIGHT="36.28346456692913" WIDTH="9.921259842519685" VPOS="234.70866141732284" HPOS="578.8346456692914"/>
            <String HEIGHT="36.28346456692913" WIDTH="119.33858267716535" VPOS="234.70866141732284" HPOS="549.0708661417323" CONTENT="mesquine" ID="tl_8_7" STYLEREFS="FONT0"/>
            <SP HEIGHT="36.28346456692913" WIDTH="9.921259842519685" VPOS="234.70866141732284" HPOS="668.4094488188977"/>
            <String HEIGHT="36.28346456692913" WIDTH="79.65354330708661" VPOS="234.70866141732284" HPOS="638.6456692913385" CONTENT="pour" ID="tl_8_8" STYLEREFS="FONT0"/>
            <SP HEIGHT="36.28346456692913" WIDTH="9.921259842519685" VPOS="234.70866141732284" HPOS="718.2992125984252"/>
            <String HEIGHT="36.28346456692913" WIDTH="69.73228346456693" VPOS="234.70866141732284" HPOS="688.2519685039371" CONTENT="les" ID="tl_8_9" STYLEREFS="FONT0"/>
            <SP HEIGHT="36.28346456692913" WIDTH="9.921259842519685" VPOS="234.70866141732284" HPOS="757.9842519685039"/>
            <String HEIGHT="36.28346456692913" WIDTH="99.49606299212599" VPOS="234.70866141732284" HPOS="728.2204724409448" CONTENT="grands" ID="tl_8_10" STYLEREFS="FONT0"/>
            <SP HEIGHT="36.28346456692913" WIDTH="9.921259842519685" VPOS="234.70866141732284" HPOS="827.7165354330708"/>
            <String HEIGHT="36.28346456692913" WIDTH="79.65354330708661" VPOS="234.70866141732284" HPOS="787.7480314960629" CONTENT="idéals" ID="tl_8_11" STYLEREFS="FONT0"/>
          </TextLine>
          <TextLine ID="tl_9" BASELINE="1024" HEIGHT="36.56692913385827" WIDTH="756.2834645669292" VPOS="253.70078740157481" HPOS="110.83464566929133">
            <String HEIGHT="36.56692913385827" WIDTH="90.4251968503937" VPOS="253.70078740157481" HPOS="99.49606299212599" CONTENT="d’un" ID="tl_9_1" STYLEREFS="FONT0"/>
            <SP HEIGHT="36.56692913385827" WIDTH="11.338582677165354" VPOS="253.70078740157481" HPOS="189.92125984251967"/>
            <String HEIGHT="36.56692913385827" WIDTH="112.81889763779527" VPOS="253.70078740157481" HPOS="155.90551181102362" CONTENT="commun" ID="tl_9_2" STYLEREFS="FONT0"/>
            <SP HEIGHT="36.56692913385827" WIDTH="11.338582677165354" VPOS="253.70078740157481" HPOS="268.7244094488189"/>
            <String HEIGHT="36.56692913385827" WIDTH="124.15748031496064" VPOS="253.70078740157481" HPOS="234.99212598425197" CONTENT="destin." ID="tl_9_3" STYLEREFS="FONT0"/>
            <SP HEIGHT="36.56692913385827" WIDTH="11.338582677165354" VPOS="253.70078740157481" HPOS="359.1496062992126"/>
            <String HEIGHT="36.56692913385827" WIDTH="67.74803149606299" VPOS="253.70078740157481" HPOS="325.4173228346457" CONTENT="Il" ID="tl_9_4" STYLEREFS="FONT0"/>
            <SP HEIGHT="36.56692913385827" WIDTH="11.338582677165354" VPOS="253.70078740157481" HPOS="393.1653543307087"/>
            <String HEIGHT="36.56692913385827" WIDTH="135.49606299212599" VPOS="253.70078740157481" HPOS="359.1496062992126" CONTENT="rappelle" ID="tl_9_5" STYLEREFS="FONT0"/>
            <SP HEIGHT="36.56692913385827" WIDTH="11.338582677165354" VPOS="253.70078740157481" HPOS="494.6456692913386"/>
            <String HEIGHT="36.56692913385827" WIDTH="79.08661417322834" VPOS="253.70078740157481" HPOS="460.62992125984255" CONTENT="que" ID="tl_9_6" STYLEREFS="FONT0"/>
            <SP HEIGHT="36.56692913385827" WIDTH="11.338582677165354" VPOS="253.70078740157481" HPOS="539.7165354330708"/>
            <String HEIGHT="36.56692913385827" WIDTH="79.08661417322834" VPOS="253.70078740157481" HPOS="505.98425196850394" CONTENT="les" ID="tl_9_7" STYLEREFS="FONT0"/>
            <SP HEIGHT="36.56692913385827" WIDTH="11.338582677165354" VPOS="253.70078740157481" HPOS="584.7874015748032"/>
            <String HEIGHT="36.56692913385827" WIDTH="112.81889763779527" VPOS="253.70078740157481" HPOS="551.0551181102362" CONTENT="grands" ID="tl_9_8" STYLEREFS="FONT0"/>
            <SP HEIGHT="36.56692913385827" WIDTH="11.338582677165354" VPOS="253.70078740157481" HPOS="663.8740157480315"/>
            <String HEIGHT="36.56692913385827" WIDTH="112.81889763779527" VPOS="253.70078740157481" HPOS="630.1417322834645" CONTENT="deuils" ID="tl_9_9" STYLEREFS="FONT0"/>
            <SP HEIGHT="36.56692913385827" WIDTH="11.338582677165354" VPOS="253.70078740157481" HPOS="742.9606299212599"/>
            <String HEIGHT="36.56692913385827" WIDTH="101.48031496062993" VPOS="253.70078740157481" HPOS="709.2283464566929" CONTENT="comme" ID="tl_9_10" STYLEREFS="FONT0"/>
            <SP HEIGHT="36.56692913385827" WIDTH="11.338582677165354" VPOS="253.70078740157481" HPOS="810.7086614173228"/>
            <String HEIGHT="36.56692913385827" WIDTH="90.4251968503937" VPOS="253.70078740157481" HPOS="776.6929133858267" CONTENT="ceux" ID="tl_9_11" STYLEREFS="FONT0"/>
            <SP HEIGHT="36.56692913385827" WIDTH="11.338582677165354" VPOS="253.70078740157481" HPOS="867.1181102362204"/>
            <String HEIGHT="36.56692913385827" WIDTH="45.07086614173228" VPOS="253.70078740157481" HPOS="822.0472440944882" CONTENT="de" ID="tl_9_12" STYLEREFS="FONT0"/>
          </TextLine>
          <TextLine ID="tl_10" BASELINE="1088" HEIGHT="35.43307086614173" WIDTH="757.4173228346457" VPOS="272.9763779527559" HPOS="110.26771653543307">
            <String HEIGHT="35.43307086614173" WIDTH="132.9448818897638" VPOS="272.9763779527559" HPOS="100.06299212598425" CONTENT="Garibaldi" ID="tl_10_1" STYLEREFS="FONT0"/>
            <SP HEIGHT="35.43307086614173" WIDTH="10.204724409448819" VPOS="272.9763779527559" HPOS="233.00787401574803"/>
            <String HEIGHT="35.43307086614173" WIDTH="61.511811023622045" VPOS="272.9763779527559" HPOS="202.39370078740157" CONTENT="et" ID="tl_10_2" STYLEREFS="FONT0"/>
            <SP HEIGHT="35.43307086614173" WIDTH="10.204724409448819" VPOS="272.9763779527559" HPOS="263.90551181102364"/>
            <String HEIGHT="35.43307086614173" WIDTH="61.511811023622045" VPOS="272.9763779527559" HPOS="233.00787401574803" CONTENT="de" ID="tl_10_3" STYLEREFS="FONT0"/>
            <SP HEIGHT="35.43307086614173" WIDTH="10.204724409448819" VPOS="272.9763779527559" HPOS="294.5196850393701"/>
            <String HEIGHT="35.43307086614173" WIDTH="102.33070866141732" VPOS="272.9763779527559" HPOS="263.90551181102364" CONTENT="Victor" ID="tl_10_4" STYLEREFS="FONT0"/>
            <SP HEIGHT="35.43307086614173" WIDTH="10.204724409448819" VPOS="272.9763779527559" HPOS="366.23622047244095"/>
            <String HEIGHT="35.43307086614173" WIDTH="81.92125984251969" VPOS="272.9763779527559" HPOS="335.33858267716533" CONTENT="Hugo" ID="tl_10_5" STYLEREFS="FONT0"/>
            <SP HEIGHT="35.43307086614173" WIDTH="10.204724409448819" VPOS="272.9763779527559" HPOS="417.25984251968504"/>
            <String HEIGHT="35.43307086614173" WIDTH="71.71653543307086" VPOS="272.9763779527559" HPOS="386.6456692913386" CONTENT="ont" ID="tl_10_6" STYLEREFS="FONT0"/>
            <SP HEIGHT="35.43307086614173" WIDTH="10.204724409448819" VPOS="272.9763779527559" HPOS="458.3622047244094"/>
            <String HEIGHT="35.43307086614173" WIDTH="81.92125984251969" VPOS="272.9763779527559" HPOS="427.46456692913387" CONTENT="fait" ID="tl_10_7" STYLEREFS="FONT0"/>
            <SP HEIGHT="35.43307086614173" WIDTH="10.204724409448819" VPOS="272.9763779527559" HPOS="509.38582677165357"/>
            <String HEIGHT="35.43307086614173" WIDTH="102.33070866141732" VPOS="272.9763779527559" HPOS="478.7716535433071" CONTENT="battre" ID="tl_10_8" STYLEREFS="FONT0"/>
            <SP HEIGHT="35.43307086614173" WIDTH="10.204724409448819" VPOS="272.9763779527559" HPOS="581.1023622047244"/>
            <String HEIGHT="35.43307086614173" WIDTH="51.30708661417323" VPOS="272.9763779527559" HPOS="550.488188976378" CONTENT="a" ID="tl_10_9" STYLEREFS="FONT0"/>
            <SP HEIGHT="35.43307086614173" WIDTH="10.204724409448819" VPOS="272.9763779527559" HPOS="601.511811023622"/>
            <String HEIGHT="35.43307086614173" WIDTH="132.9448818897638" VPOS="272.9763779527559" HPOS="570.8976377952756" CONTENT="l’unisson" ID="tl_10_10" STYLEREFS="FONT0"/>
            <SP HEIGHT="35.43307086614173" WIDTH="10.204724409448819" VPOS="272.9763779527559" HPOS="703.8425196850394"/>
            <String HEIGHT="35.43307086614173" WIDTH="71.71653543307086" VPOS="272.9763779527559" HPOS="673.2283464566929" CONTENT="les" ID="tl_10_11" STYLEREFS="FONT0"/>
            <SP HEIGHT="35.43307086614173" WIDTH="10.204724409448819" VPOS="272.9763779527559" HPOS="744.9448818897638"/>
            <String HEIGHT="35.43307086614173" WIDTH="92.1259842519685" VPOS="272.9763779527559" HPOS="714.0472440944882" CONTENT="cœurs" ID="tl_10_12" STYLEREFS="FONT0"/>
            <SP HEIGHT="35.43307086614173" WIDTH="10.204724409448819" VPOS="272.9763779527559" HPOS="806.1732283464567"/>
            <String HEIGHT="35.43307086614173" WIDTH="71.71653543307086" VPOS="272.9763779527559" HPOS="775.5590551181102" CONTENT="des" ID="tl_10_13" STYLEREFS="FONT0"/>
            <SP HEIGHT="35.43307086614173" WIDTH="10.204724409448819" VPOS="272.9763779527559" HPOS="847.2755905511812"/>
            <String HEIGHT="35.43307086614173" WIDTH="61.511811023622045" VPOS="272.9763779527559" HPOS="806.1732283464567" CONTENT="deux" ID="tl_10_14" STYLEREFS="FONT0"/>
          </TextLine>
          <TextLine ID="tl_11" BASELINE="1153" HEIGHT="34.2992125984252" WIDTH="758.2677165354331" VPOS="292.53543307086613" HPOS="109.13385826771653">
            <String HEIGHT="34.2992125984252" WIDTH="119.62204724409449" VPOS="292.53543307086613" HPOS="99.21259842519684" CONTENT="peuples," ID="tl_11_1" STYLEREFS="FONT0"/>
            <SP HEIGHT="34.2992125984252" WIDTH="9.921259842519685" VPOS="292.53543307086613" HPOS="218.83464566929135"/>
            <String HEIGHT="34.2992125984252" WIDTH="59.811023622047244" VPOS="292.53543307086613" HPOS="189.0708661417323" CONTENT="et" ID="tl_11_2" STYLEREFS="FONT0"/>
            <SP HEIGHT="34.2992125984252" WIDTH="9.921259842519685" VPOS="292.53543307086613" HPOS="248.88188976377953"/>
            <String HEIGHT="34.2992125984252" WIDTH="129.82677165354332" VPOS="292.53543307086613" HPOS="218.83464566929135" CONTENT="cependant" ID="tl_11_3" STYLEREFS="FONT0"/>
            <SP HEIGHT="34.2992125984252" WIDTH="9.921259842519685" VPOS="292.53543307086613" HPOS="348.66141732283467"/>
            <String HEIGHT="34.2992125984252" WIDTH="59.811023622047244" VPOS="292.53543307086613" HPOS="318.61417322834643" CONTENT="la" ID="tl_11_4" STYLEREFS="FONT0"/>
            <SP HEIGHT="34.2992125984252" WIDTH="9.921259842519685" VPOS="292.53543307086613" HPOS="378.4251968503937"/>
            <String HEIGHT="34.2992125984252" WIDTH="79.93700787401575" VPOS="292.53543307086613" HPOS="348.66141732283467" CONTENT="mort" ID="tl_11_5" STYLEREFS="FONT0"/>
            <SP HEIGHT="34.2992125984252" WIDTH="9.921259842519685" VPOS="292.53543307086613" HPOS="428.31496062992125"/>
            <String HEIGHT="34.2992125984252" WIDTH="59.811023622047244" VPOS="292.53543307086613" HPOS="398.5511811023622" CONTENT="de" ID="tl_11_6" STYLEREFS="FONT0"/>
            <SP HEIGHT="34.2992125984252" WIDTH="9.921259842519685" VPOS="292.53543307086613" HPOS="458.3622047244094"/>
            <String HEIGHT="34.2992125984252" WIDTH="129.82677165354332" VPOS="292.53543307086613" HPOS="428.31496062992125" CONTENT="Garibaldi" ID="tl_11_7" STYLEREFS="FONT0"/>
            <SP HEIGHT="34.2992125984252" WIDTH="9.921259842519685" VPOS="292.53543307086613" HPOS="558.1417322834645"/>
            <String HEIGHT="34.2992125984252" WIDTH="69.73228346456693" VPOS="292.53543307086613" HPOS="528.0944881889764" CONTENT="est" ID="tl_11_8" STYLEREFS="FONT0"/>
            <SP HEIGHT="34.2992125984252" WIDTH="9.921259842519685" VPOS="292.53543307086613" HPOS="598.1102362204724"/>
            <String HEIGHT="34.2992125984252" WIDTH="119.62204724409449" VPOS="292.53543307086613" HPOS="568.0629921259842" CONTENT="survenue" ID="tl_11_9" STYLEREFS="FONT0"/>
            <SP HEIGHT="34.2992125984252" WIDTH="9.921259842519685" VPOS="292.53543307086613" HPOS="687.6850393700787"/>
            <String HEIGHT="34.2992125984252" WIDTH="89.85826771653544" VPOS="292.53543307086613" HPOS="657.9212598425197" CONTENT="après" ID="tl_11_10" STYLEREFS="FONT0"/>
            <SP HEIGHT="34.2992125984252" WIDTH="9.921259842519685" VPOS="292.53543307086613" HPOS="747.7795275590552"/>
            <String HEIGHT="34.2992125984252" WIDTH="89.85826771653544" VPOS="292.53543307086613" HPOS="717.7322834645669" CONTENT="Tunis" ID="tl_11_11" STYLEREFS="FONT0"/>
            <SP HEIGHT="34.2992125984252" WIDTH="9.921259842519685" VPOS="292.53543307086613" HPOS="807.5905511811023"/>
            <String HEIGHT="34.2992125984252" WIDTH="59.811023622047244" VPOS="292.53543307086613" HPOS="777.5433070866142" CONTENT="et" ID="tl_11_12" STYLEREFS="FONT0"/>
            <SP HEIGHT="34.2992125984252" WIDTH="9.921259842519685" VPOS="292.53543307086613" HPOS="837.3543307086615"/>
            <String HEIGHT="34.2992125984252" WIDTH="69.73228346456693" VPOS="292.53543307086613" HPOS="797.6692913385826" CONTENT="celle" ID="tl_11_13" STYLEREFS="FONT0"/>
          </TextLine>
          <TextLine ID="tl_12" BASELINE="1230" HEIGHT="40.53543307086614" WIDTH="757.7007874015748" VPOS="308.12598425196853" HPOS="109.13385826771653">
            <String HEIGHT="40.53543307086614" WIDTH="98.36220472440945" VPOS="308.12598425196853" HPOS="99.21259842519684" CONTENT="Victor" ID="tl_12_1" STYLEREFS="FONT0"/>
            <SP HEIGHT="40.53543307086614" WIDTH="9.921259842519685" VPOS="308.12598425196853" HPOS="197.5748031496063"/>
            <String HEIGHT="40.53543307086614" WIDTH="78.80314960629921" VPOS="308.12598425196853" HPOS="168.09448818897638" CONTENT="Hugo" ID="tl_12_2" STYLEREFS="FONT0"/>
            <SP HEIGHT="40.53543307086614" WIDTH="9.921259842519685" VPOS="308.12598425196853" HPOS="246.89763779527559"/>
            <String HEIGHT="40.53543307086614" WIDTH="88.44094488188976" VPOS="308.12598425196853" HPOS="217.41732283464566" CONTENT="après" ID="tl_12_3" STYLEREFS="FONT0"/>
            <SP HEIGHT="40.53543307086614" WIDTH="9.921259842519685" VPOS="308.12598425196853" HPOS="305.8582677165354"/>
            <String HEIGHT="40.53543307086614" WIDTH="58.960629921259844" VPOS="308.12598425196853" HPOS="276.37795275590554" CONTENT="la" ID="tl_12_4" STYLEREFS="FONT0"/>
            <SP HEIGHT="40.53543307086614" WIDTH="9.921259842519685" VPOS="308.12598425196853" HPOS="335.33858267716533"/>
            <String HEIGHT="40.53543307086614" WIDTH="137.76377952755905" VPOS="308.12598425196853" HPOS="305.8582677165354" CONTENT="conclusion" ID="tl_12_5" STYLEREFS="FONT0"/>
            <SP HEIGHT="40.53543307086614" WIDTH="9.921259842519685" VPOS="308.12598425196853" HPOS="443.62204724409446"/>
            <String HEIGHT="40.53543307086614" WIDTH="58.960629921259844" VPOS="308.12598425196853" HPOS="414.1417322834646" CONTENT="de" ID="tl_12_6" STYLEREFS="FONT0"/>
            <SP HEIGHT="40.53543307086614" WIDTH="9.921259842519685" VPOS="308.12598425196853" HPOS="473.1023622047244"/>
            <String HEIGHT="40.53543307086614" WIDTH="58.960629921259844" VPOS="308.12598425196853" HPOS="443.62204724409446" CONTENT="la" ID="tl_12_7" STYLEREFS="FONT0"/>
            <SP HEIGHT="40.53543307086614" WIDTH="9.921259842519685" VPOS="308.12598425196853" HPOS="502.86614173228344"/>
            <String HEIGHT="40.53543307086614" WIDTH="98.36220472440945" VPOS="308.12598425196853" HPOS="473.1023622047244" CONTENT="triple" ID="tl_12_8" STYLEREFS="FONT0"/>
            <SP HEIGHT="40.53543307086614" WIDTH="9.921259842519685" VPOS="308.12598425196853" HPOS="571.7480314960629"/>
            <String HEIGHT="40.53543307086614" WIDTH="127.84251968503936" VPOS="308.12598425196853" HPOS="541.9842519685039" CONTENT="alliance." ID="tl_12_9" STYLEREFS="FONT0"/>
            <SP HEIGHT="40.53543307086614" WIDTH="9.921259842519685" VPOS="308.12598425196853" HPOS="670.1102362204724"/>
            <String HEIGHT="40.53543307086614" WIDTH="58.960629921259844" VPOS="308.12598425196853" HPOS="640.6299212598425" CONTENT="Il" ID="tl_12_10" STYLEREFS="FONT0"/>
            <SP HEIGHT="40.53543307086614" WIDTH="9.921259842519685" VPOS="308.12598425196853" HPOS="699.5905511811023"/>
            <String HEIGHT="40.53543307086614" WIDTH="98.36220472440945" VPOS="308.12598425196853" HPOS="670.1102362204724" CONTENT="espère" ID="tl_12_11" STYLEREFS="FONT0"/>
            <SP HEIGHT="40.53543307086614" WIDTH="9.921259842519685" VPOS="308.12598425196853" HPOS="768.4724409448819"/>
            <String HEIGHT="40.53543307086614" WIDTH="68.88188976377953" VPOS="308.12598425196853" HPOS="738.992125984252" CONTENT="que" ID="tl_12_12" STYLEREFS="FONT0"/>
            <SP HEIGHT="40.53543307086614" WIDTH="9.921259842519685" VPOS="308.12598425196853" HPOS="807.8740157480315"/>
            <String HEIGHT="40.53543307086614" WIDTH="98.36220472440945" VPOS="308.12598425196853" HPOS="768.4724409448819" CONTENT="l’Italie" ID="tl_12_13" STYLEREFS="FONT0"/>
          </TextLine>
        </TextBlock>
        <TextBlock ID="r_2_3" HEIGHT="47.90551181102362" WIDTH="758.8346456692914" VPOS="330.5196850393701" HPOS="108.85039370078741">
          <TextLine ID="tl_13" BASELINE="1276" HEIGHT="30.89763779527559" WIDTH="759.4015748031496" VPOS="330.8031496062992" HPOS="109.13385826771653">
            <String HEIGHT="30.89763779527559" WIDTH="114.51968503937007" VPOS="330.8031496062992" HPOS="98.64566929133858" CONTENT="prendra" ID="tl_13_1" STYLEREFS="FONT0"/>
            <SP HEIGHT="30.89763779527559" WIDTH="10.488188976377952" VPOS="330.8031496062992" HPOS="213.16535433070865"/>
            <String HEIGHT="30.89763779527559" WIDTH="83.33858267716535" VPOS="330.8031496062992" HPOS="181.98425196850394" CONTENT="part" ID="tl_13_2" STYLEREFS="FONT0"/>
            <SP HEIGHT="30.89763779527559" WIDTH="10.488188976377952" VPOS="330.8031496062992" HPOS="265.03937007874015"/>
            <String HEIGHT="30.89763779527559" WIDTH="51.874015748031496" VPOS="330.8031496062992" HPOS="233.85826771653544" CONTENT="à" ID="tl_13_3" STYLEREFS="FONT0"/>
            <SP HEIGHT="30.89763779527559" WIDTH="10.488188976377952" VPOS="330.8031496062992" HPOS="286.01574803149606"/>
            <String HEIGHT="30.89763779527559" WIDTH="62.36220472440945" VPOS="330.8031496062992" HPOS="254.83464566929135" CONTENT="la" ID="tl_13_4" STYLEREFS="FONT0"/>
            <SP HEIGHT="30.89763779527559" WIDTH="10.488188976377952" VPOS="330.8031496062992" HPOS="317.1968503937008"/>
            <String HEIGHT="30.89763779527559" WIDTH="135.21259842519686" VPOS="330.8031496062992" HPOS="286.01574803149606" CONTENT="prochaine" ID="tl_13_5" STYLEREFS="FONT0"/>
            <SP HEIGHT="30.89763779527559" WIDTH="10.488188976377952" VPOS="330.8031496062992" HPOS="421.2283464566929"/>
            <String HEIGHT="30.89763779527559" WIDTH="83.33858267716535" VPOS="330.8031496062992" HPOS="390.0472440944882" CONTENT="fête" ID="tl_13_6" STYLEREFS="FONT0"/>
            <SP HEIGHT="30.89763779527559" WIDTH="10.488188976377952" VPOS="330.8031496062992" HPOS="473.1023622047244"/>
            <String HEIGHT="30.89763779527559" WIDTH="62.36220472440945" VPOS="330.8031496062992" HPOS="441.9212598425197" CONTENT="de" ID="tl_13_7" STYLEREFS="FONT0"/>
            <SP HEIGHT="30.89763779527559" WIDTH="10.488188976377952" VPOS="330.8031496062992" HPOS="504.56692913385825"/>
            <String HEIGHT="30.89763779527559" WIDTH="62.36220472440945" VPOS="330.8031496062992" HPOS="473.1023622047244" CONTENT="sa" ID="tl_13_8" STYLEREFS="FONT0"/>
            <SP HEIGHT="30.89763779527559" WIDTH="10.488188976377952" VPOS="330.8031496062992" HPOS="535.7480314960629"/>
            <String HEIGHT="30.89763779527559" WIDTH="83.33858267716535" VPOS="330.8031496062992" HPOS="504.56692913385825" CONTENT="sœur" ID="tl_13_9" STYLEREFS="FONT0"/>
            <SP HEIGHT="30.89763779527559" WIDTH="10.488188976377952" VPOS="330.8031496062992" HPOS="587.6220472440945"/>
            <String HEIGHT="30.89763779527559" WIDTH="104.03149606299213" VPOS="330.8031496062992" HPOS="556.4409448818898" CONTENT="latine" ID="tl_13_10" STYLEREFS="FONT0"/>
            <SP HEIGHT="30.89763779527559" WIDTH="10.488188976377952" VPOS="330.8031496062992" HPOS="660.4724409448819"/>
            <String HEIGHT="30.89763779527559" WIDTH="62.36220472440945" VPOS="330.8031496062992" HPOS="629.2913385826772" CONTENT="et" ID="tl_13_11" STYLEREFS="FONT0"/>
            <SP HEIGHT="30.89763779527559" WIDTH="10.488188976377952" VPOS="330.8031496062992" HPOS="691.6535433070866"/>
            <String HEIGHT="30.89763779527559" WIDTH="72.85039370078741" VPOS="330.8031496062992" HPOS="660.4724409448819" CONTENT="que" ID="tl_13_12" STYLEREFS="FONT0"/>
            <SP HEIGHT="30.89763779527559" WIDTH="10.488188976377952" VPOS="330.8031496062992" HPOS="733.3228346456693"/>
            <String HEIGHT="30.89763779527559" WIDTH="114.51968503937007" VPOS="330.8031496062992" HPOS="702.1417322834645" CONTENT="l’heure" ID="tl_13_13" STYLEREFS="FONT0"/>
            <SP HEIGHT="30.89763779527559" WIDTH="10.488188976377952" VPOS="330.8031496062992" HPOS="816.6614173228346"/>
            <String HEIGHT="30.89763779527559" WIDTH="93.54330708661418" VPOS="330.8031496062992" HPOS="774.992125984252" CONTENT="sonnera" ID="tl_13_14" STYLEREFS="FONT0"/>
          </TextLine>
          <TextLine ID="tl_14" BASELINE="1324" HEIGHT="26.078740157480315" WIDTH="536.5984251968504" VPOS="349.2283464566929" HPOS="109.41732283464567">
            <String HEIGHT="26.078740157480315" WIDTH="107.43307086614173" VPOS="349.2283464566929" HPOS="99.77952755905511" CONTENT="bientôt" ID="tl_14_1" STYLEREFS="FONT0"/>
            <SP HEIGHT="26.078740157480315" WIDTH="9.637795275590552" VPOS="349.2283464566929" HPOS="206.9291338582677"/>
            <String HEIGHT="26.078740157480315" WIDTH="58.67716535433071" VPOS="349.2283464566929" HPOS="177.73228346456693" CONTENT="de" ID="tl_14_2" STYLEREFS="FONT0"/>
            <SP HEIGHT="26.078740157480315" WIDTH="9.637795275590552" VPOS="349.2283464566929" HPOS="236.1259842519685"/>
            <String HEIGHT="26.078740157480315" WIDTH="58.67716535433071" VPOS="349.2283464566929" HPOS="206.9291338582677" CONTENT="se" ID="tl_14_3" STYLEREFS="FONT0"/>
            <SP HEIGHT="26.078740157480315" WIDTH="9.637795275590552" VPOS="349.2283464566929" HPOS="265.6062992125984"/>
            <String HEIGHT="26.078740157480315" WIDTH="97.51181102362204" VPOS="349.2283464566929" HPOS="236.1259842519685" CONTENT="sortir" ID="tl_14_4" STYLEREFS="FONT0"/>
            <SP HEIGHT="26.078740157480315" WIDTH="9.637795275590552" VPOS="349.2283464566929" HPOS="333.9212598425197"/>
            <String HEIGHT="26.078740157480315" WIDTH="68.31496062992126" VPOS="349.2283464566929" HPOS="304.4409448818898" CONTENT="des" ID="tl_14_5" STYLEREFS="FONT0"/>
            <SP HEIGHT="26.078740157480315" WIDTH="9.637795275590552" VPOS="349.2283464566929" HPOS="372.755905511811"/>
            <String HEIGHT="26.078740157480315" WIDTH="97.51181102362204" VPOS="349.2283464566929" HPOS="343.5590551181102" CONTENT="pattes" ID="tl_14_6" STYLEREFS="FONT0"/>
            <SP HEIGHT="26.078740157480315" WIDTH="9.637795275590552" VPOS="349.2283464566929" HPOS="441.07086614173227"/>
            <String HEIGHT="26.078740157480315" WIDTH="58.67716535433071" VPOS="349.2283464566929" HPOS="411.87401574803147" CONTENT="de" ID="tl_14_7" STYLEREFS="FONT0"/>
            <SP HEIGHT="26.078740157480315" WIDTH="9.637795275590552" VPOS="349.2283464566929" HPOS="470.26771653543307"/>
            <String HEIGHT="26.078740157480315" WIDTH="77.95275590551181" VPOS="349.2283464566929" HPOS="441.07086614173227" CONTENT="sang" ID="tl_14_8" STYLEREFS="FONT0"/>
            <SP HEIGHT="26.078740157480315" WIDTH="9.637795275590552" VPOS="349.2283464566929" HPOS="519.3070866141733"/>
            <String HEIGHT="26.078740157480315" WIDTH="58.67716535433071" VPOS="349.2283464566929" HPOS="489.8267716535433" CONTENT="de" ID="tl_14_9" STYLEREFS="FONT0"/>
            <SP HEIGHT="26.078740157480315" WIDTH="9.637795275590552" VPOS="349.2283464566929" HPOS="548.503937007874"/>
            <String HEIGHT="26.078740157480315" WIDTH="58.67716535433071" VPOS="349.2283464566929" HPOS="519.3070866141733" CONTENT="la" ID="tl_14_10" STYLEREFS="FONT0"/>
            <SP HEIGHT="26.078740157480315" WIDTH="9.637795275590552" VPOS="349.2283464566929" HPOS="577.7007874015748"/>
            <String HEIGHT="26.078740157480315" WIDTH="107.43307086614173" VPOS="349.2283464566929" HPOS="538.5826771653543" CONTENT="Triplice." ID="tl_14_11" STYLEREFS="FONT0"/>
          </TextLine>
        </TextBlock>
        <TextBlock ID="r_2_4" HEIGHT="63.496062992125985" WIDTH="836.2204724409448" VPOS="388.34645669291336" HPOS="31.46456692913386">
          <TextLine ID="tl_15" BASELINE="1505" HEIGHT="37.98425196850393" WIDTH="834.5196850393701" VPOS="388.62992125984255" HPOS="31.748031496062993">
            <String HEIGHT="37.98425196850393" WIDTH="128.40944881889763" VPOS="388.62992125984255" HPOS="18.992125984251967" CONTENT="43485." ID="tl_15_1" STYLEREFS="FONT0"/>
            <SP HEIGHT="37.98425196850393" WIDTH="12.755905511811024" VPOS="388.62992125984255" HPOS="147.4015748031496"/>
            <String HEIGHT="37.98425196850393" WIDTH="154.20472440944883" VPOS="388.62992125984255" HPOS="108.85039370078741" CONTENT="CAVELIER" ID="tl_15_2" STYLEREFS="FONT0"/>
            <SP HEIGHT="37.98425196850393" WIDTH="12.755905511811024" VPOS="388.62992125984255" HPOS="262.7716535433071"/>
            <String HEIGHT="37.98425196850393" WIDTH="154.20472440944883" VPOS="388.62992125984255" HPOS="224.2204724409449" CONTENT="(Jules)," ID="tl_15_3" STYLEREFS="FONT0"/>
            <SP HEIGHT="37.98425196850393" WIDTH="12.755905511811024" VPOS="388.62992125984255" HPOS="378.4251968503937"/>
            <String HEIGHT="37.98425196850393" WIDTH="141.16535433070865" VPOS="388.62992125984255" HPOS="339.87401574803147" CONTENT="célèbre" ID="tl_15_4" STYLEREFS="FONT0"/>
            <SP HEIGHT="37.98425196850393" WIDTH="12.755905511811024" VPOS="388.62992125984255" HPOS="481.03937007874015"/>
            <String HEIGHT="37.98425196850393" WIDTH="179.71653543307087" VPOS="388.62992125984255" HPOS="442.48818897637796" CONTENT="sculpteur," ID="tl_15_5" STYLEREFS="FONT0"/>
            <SP HEIGHT="37.98425196850393" WIDTH="12.755905511811024" VPOS="388.62992125984255" HPOS="622.2047244094488"/>
            <String HEIGHT="37.98425196850393" WIDTH="128.40944881889763" VPOS="388.62992125984255" HPOS="583.9370078740158" CONTENT="membre" ID="tl_15_6" STYLEREFS="FONT0"/>
            <SP HEIGHT="37.98425196850393" WIDTH="12.755905511811024" VPOS="388.62992125984255" HPOS="712.0629921259842"/>
            <String HEIGHT="37.98425196850393" WIDTH="77.10236220472441" VPOS="388.62992125984255" HPOS="673.7952755905512" CONTENT="de" ID="tl_15_7" STYLEREFS="FONT0"/>
            <SP HEIGHT="37.98425196850393" WIDTH="12.755905511811024" VPOS="388.62992125984255" HPOS="750.6141732283464"/>
            <String HEIGHT="37.98425196850393" WIDTH="166.96062992125985" VPOS="388.62992125984255" HPOS="699.3070866141733" CONTENT="l’Institut." ID="tl_15_8" STYLEREFS="FONT0"/>
          </TextLine>
          <TextLine ID="tl_16" BASELINE="1593" HEIGHT="37.13385826771653" WIDTH="731.6220472440945" VPOS="414.4251968503937" HPOS="135.7795275590551">
            <String HEIGHT="37.13385826771653" WIDTH="65.19685039370079" VPOS="414.4251968503937" HPOS="122.74015748031496" CONTENT="—" ID="tl_16_1" STYLEREFS="FONT0"/>
            <SP HEIGHT="37.13385826771653" WIDTH="13.039370078740157" VPOS="414.4251968503937" HPOS="187.93700787401573"/>
            <String HEIGHT="37.13385826771653" WIDTH="78.51968503937007" VPOS="414.4251968503937" HPOS="148.8188976377953" CONTENT="L." ID="tl_16_2" STYLEREFS="FONT0"/>
            <SP HEIGHT="37.13385826771653" WIDTH="13.039370078740157" VPOS="414.4251968503937" HPOS="227.33858267716536"/>
            <String HEIGHT="37.13385826771653" WIDTH="78.51968503937007" VPOS="414.4251968503937" HPOS="187.93700787401573" CONTENT="a." ID="tl_16_3" STYLEREFS="FONT0"/>
            <SP HEIGHT="37.13385826771653" WIDTH="13.039370078740157" VPOS="414.4251968503937" HPOS="266.45669291338584"/>
            <String HEIGHT="37.13385826771653" WIDTH="78.51968503937007" VPOS="414.4251968503937" HPOS="227.33858267716536" CONTENT="s." ID="tl_16_4" STYLEREFS="FONT0"/>
            <SP HEIGHT="37.13385826771653" WIDTH="13.039370078740157" VPOS="414.4251968503937" HPOS="305.5748031496063"/>
            <String HEIGHT="37.13385826771653" WIDTH="65.19685039370079" VPOS="414.4251968503937" HPOS="266.45669291338584" CONTENT="à" ID="tl_16_5" STYLEREFS="FONT0"/>
            <SP HEIGHT="37.13385826771653" WIDTH="13.039370078740157" VPOS="414.4251968503937" HPOS="331.65354330708664"/>
            <String HEIGHT="37.13385826771653" WIDTH="143.71653543307087" VPOS="414.4251968503937" HPOS="292.53543307086613" CONTENT="Anatole" ID="tl_16_6" STYLEREFS="FONT0"/>
            <SP HEIGHT="37.13385826771653" WIDTH="13.039370078740157" VPOS="414.4251968503937" HPOS="436.251968503937"/>
            <String HEIGHT="37.13385826771653" WIDTH="78.51968503937007" VPOS="414.4251968503937" HPOS="397.13385826771656" CONTENT="de" ID="tl_16_7" STYLEREFS="FONT0"/>
            <SP HEIGHT="37.13385826771653" WIDTH="13.039370078740157" VPOS="414.4251968503937" HPOS="475.37007874015745"/>
            <String HEIGHT="37.13385826771653" WIDTH="78.51968503937007" VPOS="414.4251968503937" HPOS="436.251968503937" CONTENT="La" ID="tl_16_8" STYLEREFS="FONT0"/>
            <SP HEIGHT="37.13385826771653" WIDTH="13.039370078740157" VPOS="414.4251968503937" HPOS="514.7716535433071"/>
            <String HEIGHT="37.13385826771653" WIDTH="130.6771653543307" VPOS="414.4251968503937" HPOS="475.37007874015745" CONTENT="Forge;" ID="tl_16_9" STYLEREFS="FONT0"/>
            <SP HEIGHT="37.13385826771653" WIDTH="13.039370078740157" VPOS="414.4251968503937" HPOS="606.0472440944882"/>
            <String HEIGHT="37.13385826771653" WIDTH="130.6771653543307" VPOS="414.4251968503937" HPOS="566.9291338582677" CONTENT="Paris," ID="tl_16_10" STYLEREFS="FONT0"/>
            <SP HEIGHT="37.13385826771653" WIDTH="13.039370078740157" VPOS="414.4251968503937" HPOS="697.6062992125984"/>
            <String HEIGHT="37.13385826771653" WIDTH="65.19685039370079" VPOS="414.4251968503937" HPOS="658.488188976378" CONTENT="8" ID="tl_16_11" STYLEREFS="FONT0"/>
            <SP HEIGHT="37.13385826771653" WIDTH="13.039370078740157" VPOS="414.4251968503937" HPOS="723.6850393700787"/>
            <String HEIGHT="37.13385826771653" WIDTH="143.71653543307087" VPOS="414.4251968503937" HPOS="684.5669291338583" CONTENT="janvier" ID="tl_16_12" STYLEREFS="FONT0"/>
            <SP HEIGHT="37.13385826771653" WIDTH="13.039370078740157" VPOS="414.4251968503937" HPOS="828.2834645669292"/>
            <String HEIGHT="37.13385826771653" WIDTH="91.55905511811024" VPOS="414.4251968503937" HPOS="775.8425196850394" CONTENT="1886," ID="tl_16_13" STYLEREFS="FONT0"/>
          </TextLine>
        </TextBlock>
        <TextBlock ID="r_2_5" HEIGHT="37.41732283464567" WIDTH="733.8897637795276" VPOS="439.65354330708664" HPOS="134.36220472440945">
          <TextLine ID="tl_17" BASELINE="1682" HEIGHT="36.8503937007874" WIDTH="733.3228346456693" VPOS="439.93700787401576" HPOS="134.64566929133858">
            <String HEIGHT="36.8503937007874" WIDTH="261.9212598425197" VPOS="439.93700787401576" HPOS="82.20472440944881" CONTENT="3" ID="tl_17_1" STYLEREFS="FONT0"/>
            <SP HEIGHT="36.8503937007874" WIDTH="52.44094488188976" VPOS="439.93700787401576" HPOS="344.12598425196853"/>
            <String HEIGHT="36.8503937007874" WIDTH="314.3622047244094" VPOS="439.93700787401576" HPOS="187.08661417322836" CONTENT="p." ID="tl_17_2" STYLEREFS="FONT0"/>
            <SP HEIGHT="36.8503937007874" WIDTH="52.44094488188976" VPOS="439.93700787401576" HPOS="501.4488188976378"/>
            <String HEIGHT="36.8503937007874" WIDTH="471.40157480314963" VPOS="439.93700787401576" HPOS="344.12598425196853" CONTENT="in-8." ID="tl_17_3" STYLEREFS="FONT0"/>
            <SP HEIGHT="36.8503937007874" WIDTH="52.44094488188976" VPOS="439.93700787401576" HPOS="815.5275590551181"/>
            <String HEIGHT="36.8503937007874" WIDTH="261.9212598425197" VPOS="439.93700787401576" HPOS="658.488188976378" CONTENT="8" ID="tl_17_4" STYLEREFS="FONT0"/>
            <SP HEIGHT="36.8503937007874" WIDTH="52.44094488188976" VPOS="439.93700787401576" HPOS="920.4094488188977"/>
            <String HEIGHT="36.8503937007874" WIDTH="157.03937007874015" VPOS="439.93700787401576" HPOS="710.9291338582677" CONTENT="»" ID="tl_17_5" STYLEREFS="FONT0"/>
          </TextLine>
        </TextBlock>
        <TextBlock ID="r_2_6" HEIGHT="36.56692913385827" WIDTH="760.8188976377953" VPOS="483.3070866141732" HPOS="108.0">
          <TextLine ID="tl_18" BASELINE="1813" HEIGHT="30.330708661417322" WIDTH="740.9763779527559" VPOS="483.59055118110234" HPOS="127.55905511811024">
            <String HEIGHT="30.330708661417322" WIDTH="60.09448818897638" VPOS="483.59055118110234" HPOS="117.63779527559055" CONTENT="Il" ID="tl_18_1" STYLEREFS="FONT0"/>
            <SP HEIGHT="30.330708661417322" WIDTH="9.921259842519685" VPOS="483.59055118110234" HPOS="177.73228346456693"/>
            <String HEIGHT="30.330708661417322" WIDTH="140.31496062992127" VPOS="483.59055118110234" HPOS="147.68503937007873" CONTENT="recommande" ID="tl_18_2" STYLEREFS="FONT0"/>
            <SP HEIGHT="30.330708661417322" WIDTH="9.921259842519685" VPOS="483.59055118110234" HPOS="287.7165354330709"/>
            <String HEIGHT="30.330708661417322" WIDTH="60.09448818897638" VPOS="483.59055118110234" HPOS="257.6692913385827" CONTENT="un" ID="tl_18_3" STYLEREFS="FONT0"/>
            <SP HEIGHT="30.330708661417322" WIDTH="9.921259842519685" VPOS="483.59055118110234" HPOS="317.76377952755905"/>
            <String HEIGHT="30.330708661417322" WIDTH="60.09448818897638" VPOS="483.59055118110234" HPOS="287.7165354330709" CONTENT="de" ID="tl_18_4" STYLEREFS="FONT0"/>
            <SP HEIGHT="30.330708661417322" WIDTH="9.921259842519685" VPOS="483.59055118110234" HPOS="347.81102362204723"/>
            <String HEIGHT="30.330708661417322" WIDTH="70.01574803149606" VPOS="483.59055118110234" HPOS="317.76377952755905" CONTENT="ses" ID="tl_18_5" STYLEREFS="FONT0"/>
            <SP HEIGHT="30.330708661417322" WIDTH="9.921259842519685" VPOS="483.59055118110234" HPOS="387.7795275590551"/>
            <String HEIGHT="30.330708661417322" WIDTH="110.26771653543307" VPOS="483.59055118110234" HPOS="357.73228346456693" CONTENT="élèves." ID="tl_18_6" STYLEREFS="FONT0"/>
            <SP HEIGHT="30.330708661417322" WIDTH="9.921259842519685" VPOS="483.59055118110234" HPOS="468.0"/>
            <String HEIGHT="30.330708661417322" WIDTH="60.09448818897638" VPOS="483.59055118110234" HPOS="437.9527559055118" CONTENT="La" ID="tl_18_7" STYLEREFS="FONT0"/>
            <SP HEIGHT="30.330708661417322" WIDTH="9.921259842519685" VPOS="483.59055118110234" HPOS="498.0472440944882"/>
            <String HEIGHT="30.330708661417322" WIDTH="100.06299212598425" VPOS="483.59055118110234" HPOS="468.0" CONTENT="lettre" ID="tl_18_8" STYLEREFS="FONT0"/>
            <SP HEIGHT="30.330708661417322" WIDTH="9.921259842519685" VPOS="483.59055118110234" HPOS="568.0629921259842"/>
            <String HEIGHT="30.330708661417322" WIDTH="90.14173228346456" VPOS="483.59055118110234" HPOS="538.0157480314961" CONTENT="porte" ID="tl_18_9" STYLEREFS="FONT0"/>
            <SP HEIGHT="30.330708661417322" WIDTH="9.921259842519685" VPOS="483.59055118110234" HPOS="628.1574803149606"/>
            <String HEIGHT="30.330708661417322" WIDTH="70.01574803149606" VPOS="483.59055118110234" HPOS="598.1102362204724" CONTENT="une" ID="tl_18_10" STYLEREFS="FONT0"/>
            <SP HEIGHT="30.330708661417322" WIDTH="9.921259842519685" VPOS="483.59055118110234" HPOS="668.4094488188977"/>
            <String HEIGHT="30.330708661417322" WIDTH="130.11023622047244" VPOS="483.59055118110234" HPOS="638.3622047244095" CONTENT="apostille" ID="tl_18_11" STYLEREFS="FONT0"/>
            <SP HEIGHT="30.330708661417322" WIDTH="9.921259842519685" VPOS="483.59055118110234" HPOS="768.4724409448819"/>
            <String HEIGHT="30.330708661417322" WIDTH="80.22047244094489" VPOS="483.59055118110234" HPOS="738.4251968503937" CONTENT="aut." ID="tl_18_12" STYLEREFS="FONT0"/>
            <SP HEIGHT="30.330708661417322" WIDTH="9.921259842519685" VPOS="483.59055118110234" HPOS="818.3622047244095"/>
            <String HEIGHT="30.330708661417322" WIDTH="80.22047244094489" VPOS="483.59055118110234" HPOS="788.3149606299213" CONTENT="sig." ID="tl_18_13" STYLEREFS="FONT0"/>
            <SP HEIGHT="30.330708661417322" WIDTH="9.921259842519685" VPOS="483.59055118110234" HPOS="868.5354330708661"/>
            <String HEIGHT="30.330708661417322" WIDTH="39.968503937007874" VPOS="483.59055118110234" HPOS="828.5669291338583" CONTENT="de" ID="tl_18_14" STYLEREFS="FONT0"/>
          </TextLine>
          <TextLine ID="tl_19" BASELINE="1833" HEIGHT="15.307086614173228" WIDTH="111.96850393700787" VPOS="504.2834645669291" HPOS="108.28346456692914">
            <String HEIGHT="15.307086614173228" WIDTH="60.94488188976378" VPOS="504.2834645669291" HPOS="98.07874015748031" CONTENT="M." ID="tl_19_1" STYLEREFS="FONT0"/>
            <SP HEIGHT="15.307086614173228" WIDTH="10.204724409448819" VPOS="504.2834645669291" HPOS="159.30708661417322"/>
            <String HEIGHT="15.307086614173228" WIDTH="101.76377952755905" VPOS="504.2834645669291" HPOS="118.48818897637796" CONTENT="Barrias." ID="tl_19_2" STYLEREFS="FONT0"/>
          </TextLine>
        </TextBlock>
        <TextBlock ID="r_2_7" HEIGHT="60.94488188976378" WIDTH="841.0393700787401" VPOS="540.8503937007874" HPOS="28.62992125984252">
          <TextLine ID="tl_20" BASELINE="2034" HEIGHT="35.43307086614173" WIDTH="840.4724409448819" VPOS="541.1338582677165" HPOS="28.913385826771652">
            <String HEIGHT="35.43307086614173" WIDTH="127.2755905511811" VPOS="541.1338582677165" HPOS="16.15748031496063" CONTENT="43486." ID="tl_20_1" STYLEREFS="FONT0"/>
            <SP HEIGHT="35.43307086614173" WIDTH="12.755905511811024" VPOS="541.1338582677165" HPOS="143.43307086614172"/>
            <String HEIGHT="35.43307086614173" WIDTH="127.2755905511811" VPOS="541.1338582677165" HPOS="105.44881889763779" CONTENT="CHANZY" ID="tl_20_2" STYLEREFS="FONT0"/>
            <SP HEIGHT="35.43307086614173" WIDTH="12.755905511811024" VPOS="541.1338582677165" HPOS="232.7244094488189"/>
            <String HEIGHT="35.43307086614173" WIDTH="165.54330708661416" VPOS="541.1338582677165" HPOS="194.45669291338584" CONTENT="(Eugène)," ID="tl_20_3" STYLEREFS="FONT0"/>
            <SP HEIGHT="35.43307086614173" WIDTH="12.755905511811024" VPOS="541.1338582677165" HPOS="360.0"/>
            <String HEIGHT="35.43307086614173" WIDTH="152.78740157480314" VPOS="541.1338582677165" HPOS="321.73228346456693" CONTENT="illustre" ID="tl_20_4" STYLEREFS="FONT0"/>
            <SP HEIGHT="35.43307086614173" WIDTH="12.755905511811024" VPOS="541.1338582677165" HPOS="474.5196850393701"/>
            <String HEIGHT="35.43307086614173" WIDTH="152.78740157480314" VPOS="541.1338582677165" HPOS="436.53543307086613" CONTENT="général," ID="tl_20_5" STYLEREFS="FONT0"/>
            <SP HEIGHT="35.43307086614173" WIDTH="12.755905511811024" VPOS="541.1338582677165" HPOS="589.3228346456693"/>
            <String HEIGHT="35.43307086614173" WIDTH="89.00787401574803" VPOS="541.1338582677165" HPOS="551.0551181102362" CONTENT="qui" ID="tl_20_6" STYLEREFS="FONT0"/>
            <SP HEIGHT="35.43307086614173" WIDTH="12.755905511811024" VPOS="541.1338582677165" HPOS="640.0629921259842"/>
            <String HEIGHT="35.43307086614173" WIDTH="127.2755905511811" VPOS="541.1338582677165" HPOS="602.0787401574803" CONTENT="battit" ID="tl_20_7" STYLEREFS="FONT0"/>
            <SP HEIGHT="35.43307086614173" WIDTH="12.755905511811024" VPOS="541.1338582677165" HPOS="729.3543307086615"/>
            <String HEIGHT="35.43307086614173" WIDTH="89.00787401574803" VPOS="541.1338582677165" HPOS="691.0866141732283" CONTENT="les" ID="tl_20_8" STYLEREFS="FONT0"/>
            <SP HEIGHT="35.43307086614173" WIDTH="12.755905511811024" VPOS="541.1338582677165" HPOS="780.3779527559055"/>
            <String HEIGHT="35.43307086614173" WIDTH="140.03149606299212" VPOS="541.1338582677165" HPOS="729.3543307086615" CONTENT="Allemands" ID="tl_20_9" STYLEREFS="FONT0"/>
          </TextLine>
          <TextLine ID="tl_21" BASELINE="2122" HEIGHT="34.01574803149607" WIDTH="732.7559055118111" VPOS="567.496062992126" HPOS="133.22834645669292">
            <String HEIGHT="34.01574803149607" WIDTH="62.07874015748032" VPOS="567.496062992126" HPOS="120.75590551181102" CONTENT="à" ID="tl_21_1" STYLEREFS="FONT0"/>
            <SP HEIGHT="34.01574803149607" WIDTH="12.472440944881889" VPOS="567.496062992126" HPOS="182.83464566929135"/>
            <String HEIGHT="34.01574803149607" WIDTH="161.5748031496063" VPOS="567.496062992126" HPOS="145.70078740157481" CONTENT="Coulmiers" ID="tl_21_2" STYLEREFS="FONT0"/>
            <SP HEIGHT="34.01574803149607" WIDTH="12.472440944881889" VPOS="567.496062992126" HPOS="306.99212598425197"/>
            <String HEIGHT="34.01574803149607" WIDTH="74.55118110236221" VPOS="567.496062992126" HPOS="269.8582677165354" CONTENT="et" ID="tl_21_3" STYLEREFS="FONT0"/>
            <SP HEIGHT="34.01574803149607" WIDTH="12.472440944881889" VPOS="567.496062992126" HPOS="344.40944881889766"/>
            <String HEIGHT="34.01574803149607" WIDTH="62.07874015748032" VPOS="567.496062992126" HPOS="306.99212598425197" CONTENT="à" ID="tl_21_4" STYLEREFS="FONT0"/>
            <SP HEIGHT="34.01574803149607" WIDTH="12.472440944881889" VPOS="567.496062992126" HPOS="369.07086614173227"/>
            <String HEIGHT="34.01574803149607" WIDTH="124.15748031496064" VPOS="567.496062992126" HPOS="331.93700787401576" CONTENT="Patay." ID="tl_21_5" STYLEREFS="FONT0"/>
            <SP HEIGHT="34.01574803149607" WIDTH="12.472440944881889" VPOS="567.496062992126" HPOS="456.09448818897636"/>
            <String HEIGHT="34.01574803149607" WIDTH="62.07874015748032" VPOS="567.496062992126" HPOS="418.96062992125985" CONTENT="—" ID="tl_21_6" STYLEREFS="FONT0"/>
            <SP HEIGHT="34.01574803149607" WIDTH="12.472440944881889" VPOS="567.496062992126" HPOS="481.03937007874015"/>
            <String HEIGHT="34.01574803149607" WIDTH="74.55118110236221" VPOS="567.496062992126" HPOS="443.62204724409446" CONTENT="L." ID="tl_21_7" STYLEREFS="FONT0"/>
            <SP HEIGHT="34.01574803149607" WIDTH="12.472440944881889" VPOS="567.496062992126" HPOS="518.1732283464567"/>
            <String HEIGHT="34.01574803149607" WIDTH="74.55118110236221" VPOS="567.496062992126" HPOS="481.03937007874015" CONTENT="a." ID="tl_21_8" STYLEREFS="FONT0"/>
            <SP HEIGHT="34.01574803149607" WIDTH="12.472440944881889" VPOS="567.496062992126" HPOS="555.5905511811023"/>
            <String HEIGHT="34.01574803149607" WIDTH="87.02362204724409" VPOS="567.496062992126" HPOS="518.1732283464567" CONTENT="s.;" ID="tl_21_9" STYLEREFS="FONT0"/>
            <SP HEIGHT="34.01574803149607" WIDTH="12.472440944881889" VPOS="567.496062992126" HPOS="605.1968503937007"/>
            <String HEIGHT="34.01574803149607" WIDTH="136.62992125984252" VPOS="567.496062992126" HPOS="567.7795275590552" CONTENT="(1872)," ID="tl_21_10" STYLEREFS="FONT0"/>
            <SP HEIGHT="34.01574803149607" WIDTH="12.472440944881889" VPOS="567.496062992126" HPOS="704.4094488188977"/>
            <String HEIGHT="34.01574803149607" WIDTH="62.07874015748032" VPOS="567.496062992126" HPOS="667.2755905511812" CONTENT="1" ID="tl_21_11" STYLEREFS="FONT0"/>
            <SP HEIGHT="34.01574803149607" WIDTH="12.472440944881889" VPOS="567.496062992126" HPOS="729.3543307086615"/>
            <String HEIGHT="34.01574803149607" WIDTH="74.55118110236221" VPOS="567.496062992126" HPOS="692.2204724409448" CONTENT="p." ID="tl_21_12" STYLEREFS="FONT0"/>
            <SP HEIGHT="34.01574803149607" WIDTH="12.472440944881889" VPOS="567.496062992126" HPOS="766.488188976378"/>
            <String HEIGHT="34.01574803149607" WIDTH="111.68503937007874" VPOS="567.496062992126" HPOS="729.3543307086615" CONTENT="in-8." ID="tl_21_13" STYLEREFS="FONT0"/>
            <SP HEIGHT="34.01574803149607" WIDTH="12.472440944881889" VPOS="567.496062992126" HPOS="841.0393700787401"/>
            <String HEIGHT="34.01574803149607" WIDTH="74.55118110236221" VPOS="567.496062992126" HPOS="803.9055118110236" CONTENT="10" ID="tl_21_14" STYLEREFS="FONT0"/>
            <SP HEIGHT="34.01574803149607" WIDTH="12.472440944881889" VPOS="567.496062992126" HPOS="878.4566929133858"/>
            <String HEIGHT="34.01574803149607" WIDTH="37.13385826771653" VPOS="567.496062992126" HPOS="828.8503937007874" CONTENT="»" ID="tl_21_15" STYLEREFS="FONT0"/>
          </TextLine>
        </TextBlock>
        <TextBlock ID="r_2_8" HEIGHT="134.9291338582677" WIDTH="843.3070866141733" VPOS="611.1496062992126" HPOS="27.212598425196852">
          <TextLine ID="tl_22" BASELINE="2276" HEIGHT="33.732283464566926" WIDTH="842.1732283464567" VPOS="611.4330708661417" HPOS="27.496062992125985">
            <String HEIGHT="33.732283464566926" WIDTH="153.0708661417323" VPOS="611.4330708661417" HPOS="12.188976377952756" CONTENT="43487." ID="tl_22_1" STYLEREFS="FONT0"/>
            <SP HEIGHT="33.732283464566926" WIDTH="15.307086614173228" VPOS="611.4330708661417" HPOS="165.25984251968504"/>
            <String HEIGHT="33.732283464566926" WIDTH="198.99212598425197" VPOS="611.4330708661417" HPOS="119.33858267716535" CONTENT="CHARLOTTE" ID="tl_22_2" STYLEREFS="FONT0"/>
            <SP HEIGHT="33.732283464566926" WIDTH="15.307086614173228" VPOS="611.4330708661417" HPOS="318.3307086614173"/>
            <String HEIGHT="33.732283464566926" WIDTH="91.84251968503936" VPOS="611.4330708661417" HPOS="272.40944881889766" CONTENT="DE" ID="tl_22_3" STYLEREFS="FONT0"/>
            <SP HEIGHT="33.732283464566926" WIDTH="15.307086614173228" VPOS="611.4330708661417" HPOS="364.251968503937"/>
            <String HEIGHT="33.732283464566926" WIDTH="168.3779527559055" VPOS="611.4330708661417" HPOS="318.3307086614173" CONTENT="PRUSSE," ID="tl_22_4" STYLEREFS="FONT0"/>
            <SP HEIGHT="33.732283464566926" WIDTH="15.307086614173228" VPOS="611.4330708661417" HPOS="486.99212598425197"/>
            <String HEIGHT="33.732283464566926" WIDTH="122.45669291338582" VPOS="611.4330708661417" HPOS="440.78740157480314" CONTENT="sœur" ID="tl_22_5" STYLEREFS="FONT0"/>
            <SP HEIGHT="33.732283464566926" WIDTH="15.307086614173228" VPOS="611.4330708661417" HPOS="563.5275590551181"/>
            <String HEIGHT="33.732283464566926" WIDTH="91.84251968503936" VPOS="611.4330708661417" HPOS="517.6062992125984" CONTENT="du" ID="tl_22_6" STYLEREFS="FONT0"/>
            <SP HEIGHT="33.732283464566926" WIDTH="15.307086614173228" VPOS="611.4330708661417" HPOS="609.4488188976378"/>
            <String HEIGHT="33.732283464566926" WIDTH="137.76377952755905" VPOS="611.4330708661417" HPOS="563.5275590551181" CONTENT="grand" ID="tl_22_7" STYLEREFS="FONT0"/>
            <SP HEIGHT="33.732283464566926" WIDTH="15.307086614173228" VPOS="611.4330708661417" HPOS="701.2913385826772"/>
            <String HEIGHT="33.732283464566926" WIDTH="198.99212598425197" VPOS="611.4330708661417" HPOS="655.3700787401575" CONTENT="Frédéric," ID="tl_22_8" STYLEREFS="FONT0"/>
            <SP HEIGHT="33.732283464566926" WIDTH="15.307086614173228" VPOS="611.4330708661417" HPOS="854.3622047244095"/>
            <String HEIGHT="33.732283464566926" WIDTH="76.53543307086615" VPOS="611.4330708661417" HPOS="793.1338582677165" CONTENT="du" SUBS_TYPE="HypPart1" SUBS_CONTENT="duchesse" ID="tl_22_9" STYLEREFS="FONT0"/>
            <HYP CONTENT="-"/>
          </TextLine>
          <TextLine ID="tl_23" BASELINE="2366" HEIGHT="32.31496062992126" WIDTH="737.8582677165355" VPOS="638.3622047244095" HPOS="132.3779527559055">
            <String HEIGHT="32.31496062992126" WIDTH="127.2755905511811" VPOS="638.3622047244095" HPOS="119.62204724409449" CONTENT="chesse" SUBS_TYPE="HypPart2" SUBS_CONTENT="duchesse" ID="tl_23_1" STYLEREFS="FONT0"/>
            <SP HEIGHT="32.31496062992126" WIDTH="12.755905511811024" VPOS="638.3622047244095" HPOS="246.89763779527559"/>
            <String HEIGHT="32.31496062992126" WIDTH="76.25196850393701" VPOS="638.3622047244095" HPOS="208.62992125984252" CONTENT="de" ID="tl_23_2" STYLEREFS="FONT0"/>
            <SP HEIGHT="32.31496062992126" WIDTH="12.755905511811024" VPOS="638.3622047244095" HPOS="285.1653543307087"/>
            <String HEIGHT="32.31496062992126" WIDTH="356.31496062992125" VPOS="638.3622047244095" HPOS="246.89763779527559" CONTENT="Brunswick-Wolffenbuttel," ID="tl_23_3" STYLEREFS="FONT0"/>
            <SP HEIGHT="32.31496062992126" WIDTH="12.755905511811024" VPOS="638.3622047244095" HPOS="603.2125984251968"/>
            <String HEIGHT="32.31496062992126" WIDTH="190.77165354330708" VPOS="638.3622047244095" HPOS="564.9448818897638" CONTENT="protectrice" ID="tl_23_4" STYLEREFS="FONT0"/>
            <SP HEIGHT="32.31496062992126" WIDTH="12.755905511811024" VPOS="638.3622047244095" HPOS="755.7165354330708"/>
            <String HEIGHT="32.31496062992126" WIDTH="89.00787401574803" VPOS="638.3622047244095" HPOS="717.4488188976378" CONTENT="des" ID="tl_23_5" STYLEREFS="FONT0"/>
            <SP HEIGHT="32.31496062992126" WIDTH="12.755905511811024" VPOS="638.3622047244095" HPOS="806.7401574803149"/>
            <String HEIGHT="32.31496062992126" WIDTH="101.76377952755905" VPOS="638.3622047244095" HPOS="768.4724409448819" CONTENT="arts" ID="tl_23_6" STYLEREFS="FONT0"/>
            <SP HEIGHT="32.31496062992126" WIDTH="12.755905511811024" VPOS="638.3622047244095" HPOS="870.2362204724409"/>
            <String HEIGHT="32.31496062992126" WIDTH="51.023622047244096" VPOS="638.3622047244095" HPOS="819.2125984251968" CONTENT="et" ID="tl_23_7" STYLEREFS="FONT0"/>
          </TextLine>
          <TextLine ID="tl_24" BASELINE="2452" HEIGHT="31.181102362204726" WIDTH="736.4409448818898" VPOS="663.8740157480315" HPOS="131.5275590551181">
            <String HEIGHT="31.181102362204726" WIDTH="92.1259842519685" VPOS="663.8740157480315" HPOS="118.48818897637796" CONTENT="des" ID="tl_24_1" STYLEREFS="FONT0"/>
            <SP HEIGHT="31.181102362204726" WIDTH="13.039370078740157" VPOS="663.8740157480315" HPOS="210.33070866141733"/>
            <String HEIGHT="31.181102362204726" WIDTH="157.88976377952756" VPOS="663.8740157480315" HPOS="170.9291338582677" CONTENT="lettres," ID="tl_24_2" STYLEREFS="FONT0"/>
            <SP HEIGHT="31.181102362204726" WIDTH="13.039370078740157" VPOS="663.8740157480315" HPOS="328.81889763779526"/>
            <String HEIGHT="31.181102362204726" WIDTH="236.69291338582678" VPOS="663.8740157480315" HPOS="289.4173228346457" CONTENT="correspondante" ID="tl_24_3" STYLEREFS="FONT0"/>
            <SP HEIGHT="31.181102362204726" WIDTH="13.039370078740157" VPOS="663.8740157480315" HPOS="526.1102362204724"/>
            <String HEIGHT="31.181102362204726" WIDTH="78.80314960629921" VPOS="663.8740157480315" HPOS="486.70866141732284" CONTENT="et" ID="tl_24_4" STYLEREFS="FONT0"/>
            <SP HEIGHT="31.181102362204726" WIDTH="13.039370078740157" VPOS="663.8740157480315" HPOS="565.511811023622"/>
            <String HEIGHT="31.181102362204726" WIDTH="105.16535433070867" VPOS="663.8740157480315" HPOS="526.1102362204724" CONTENT="amie" ID="tl_24_5" STYLEREFS="FONT0"/>
            <SP HEIGHT="31.181102362204726" WIDTH="13.039370078740157" VPOS="663.8740157480315" HPOS="631.2755905511812"/>
            <String HEIGHT="31.181102362204726" WIDTH="78.80314960629921" VPOS="663.8740157480315" HPOS="591.8740157480315" CONTENT="de" ID="tl_24_6" STYLEREFS="FONT0"/>
            <SP HEIGHT="31.181102362204726" WIDTH="13.039370078740157" VPOS="663.8740157480315" HPOS="670.6771653543307"/>
            <String HEIGHT="31.181102362204726" WIDTH="170.9291338582677" VPOS="663.8740157480315" HPOS="631.2755905511812" CONTENT="Voltaire," ID="tl_24_7" STYLEREFS="FONT0"/>
            <SP HEIGHT="31.181102362204726" WIDTH="13.039370078740157" VPOS="663.8740157480315" HPOS="802.2047244094488"/>
            <String HEIGHT="31.181102362204726" WIDTH="65.76377952755905" VPOS="663.8740157480315" HPOS="762.8031496062993" CONTENT="—" ID="tl_24_8" STYLEREFS="FONT0"/>
            <SP HEIGHT="31.181102362204726" WIDTH="13.039370078740157" VPOS="663.8740157480315" HPOS="828.5669291338583"/>
            <String HEIGHT="31.181102362204726" WIDTH="78.80314960629921" VPOS="663.8740157480315" HPOS="789.1653543307086" CONTENT="L." ID="tl_24_9" STYLEREFS="FONT0"/>
            <SP HEIGHT="31.181102362204726" WIDTH="13.039370078740157" VPOS="663.8740157480315" HPOS="867.9685039370079"/>
            <String HEIGHT="31.181102362204726" WIDTH="52.724409448818896" VPOS="663.8740157480315" HPOS="815.2440944881889" CONTENT="a." ID="tl_24_10" STYLEREFS="FONT0"/>
          </TextLine>
          <TextLine ID="tl_25" BASELINE="2539" HEIGHT="30.330708661417322" WIDTH="737.2913385826772" VPOS="689.3858267716536" HPOS="130.96062992125985">
            <String HEIGHT="30.330708661417322" WIDTH="90.4251968503937" VPOS="689.3858267716536" HPOS="117.92125984251969" CONTENT="s.," ID="tl_25_1" STYLEREFS="FONT0"/>
            <SP HEIGHT="30.330708661417322" WIDTH="13.039370078740157" VPOS="689.3858267716536" HPOS="208.62992125984252"/>
            <String HEIGHT="30.330708661417322" WIDTH="77.66929133858268" VPOS="689.3858267716536" HPOS="169.79527559055117" CONTENT="en" ID="tl_25_2" STYLEREFS="FONT0"/>
            <SP HEIGHT="30.330708661417322" WIDTH="13.039370078740157" VPOS="689.3858267716536" HPOS="247.46456692913387"/>
            <String HEIGHT="30.330708661417322" WIDTH="155.33858267716536" VPOS="689.3858267716536" HPOS="208.62992125984252" CONTENT="français" ID="tl_25_3" STYLEREFS="FONT0"/>
            <SP HEIGHT="30.330708661417322" WIDTH="13.039370078740157" VPOS="689.3858267716536" HPOS="363.68503937007875"/>
            <String HEIGHT="30.330708661417322" WIDTH="77.66929133858268" VPOS="689.3858267716536" HPOS="324.8503937007874" CONTENT="(à" ID="tl_25_4" STYLEREFS="FONT0"/>
            <SP HEIGHT="30.330708661417322" WIDTH="13.039370078740157" VPOS="689.3858267716536" HPOS="402.5196850393701"/>
            <String HEIGHT="30.330708661417322" WIDTH="181.13385826771653" VPOS="689.3858267716536" HPOS="363.68503937007875" CONTENT="Voltaire);" ID="tl_25_5" STYLEREFS="FONT0"/>
            <SP HEIGHT="30.330708661417322" WIDTH="13.039370078740157" VPOS="689.3858267716536" HPOS="544.8188976377953"/>
            <String HEIGHT="30.330708661417322" WIDTH="142.29921259842519" VPOS="689.3858267716536" HPOS="505.98425196850394" CONTENT="Berlin," ID="tl_25_6" STYLEREFS="FONT0"/>
            <SP HEIGHT="30.330708661417322" WIDTH="13.039370078740157" VPOS="689.3858267716536" HPOS="648.2834645669292"/>
            <String HEIGHT="30.330708661417322" WIDTH="77.66929133858268" VPOS="689.3858267716536" HPOS="609.4488188976378" CONTENT="10" ID="tl_25_7" STYLEREFS="FONT0"/>
            <SP HEIGHT="30.330708661417322" WIDTH="13.039370078740157" VPOS="689.3858267716536" HPOS="687.1181102362204"/>
            <String HEIGHT="30.330708661417322" WIDTH="168.09448818897638" VPOS="689.3858267716536" HPOS="648.2834645669292" CONTENT="décembre," ID="tl_25_8" STYLEREFS="FONT0"/>
            <SP HEIGHT="30.330708661417322" WIDTH="13.039370078740157" VPOS="689.3858267716536" HPOS="816.3779527559055"/>
            <String HEIGHT="30.330708661417322" WIDTH="90.4251968503937" VPOS="689.3858267716536" HPOS="777.8267716535433" CONTENT="1/2" ID="tl_25_9" STYLEREFS="FONT0"/>
            <SP HEIGHT="30.330708661417322" WIDTH="13.039370078740157" VPOS="689.3858267716536" HPOS="868.2519685039371"/>
            <String HEIGHT="30.330708661417322" WIDTH="51.874015748031496" VPOS="689.3858267716536" HPOS="816.3779527559055" CONTENT="p." ID="tl_25_10" STYLEREFS="FONT0"/>
          </TextLine>
          <TextLine ID="tl_26" BASELINE="2631" HEIGHT="30.330708661417322" WIDTH="737.8582677165355" VPOS="715.4645669291339" HPOS="131.5275590551181">
            <String HEIGHT="30.330708661417322" WIDTH="184.53543307086613" VPOS="715.4645669291339" HPOS="111.11811023622047" CONTENT="in-8." ID="tl_26_1" STYLEREFS="FONT0"/>
            <SP HEIGHT="30.330708661417322" WIDTH="20.409448818897637" VPOS="715.4645669291339" HPOS="295.37007874015745"/>
            <String HEIGHT="30.330708661417322" WIDTH="163.84251968503938" VPOS="715.4645669291339" HPOS="234.14173228346456" CONTENT="Très" ID="tl_26_2" STYLEREFS="FONT0"/>
            <SP HEIGHT="30.330708661417322" WIDTH="20.409448818897637" VPOS="715.4645669291339" HPOS="397.98425196850394"/>
            <String HEIGHT="30.330708661417322" WIDTH="184.53543307086613" VPOS="715.4645669291339" HPOS="336.4724409448819" CONTENT="jolie" ID="tl_26_3" STYLEREFS="FONT0"/>
            <SP HEIGHT="30.330708661417322" WIDTH="20.409448818897637" VPOS="715.4645669291339" HPOS="521.007874015748"/>
            <String HEIGHT="30.330708661417322" WIDTH="123.02362204724409" VPOS="715.4645669291339" HPOS="459.496062992126" CONTENT="et" ID="tl_26_4" STYLEREFS="FONT0"/>
            <SP HEIGHT="30.330708661417322" WIDTH="20.409448818897637" VPOS="715.4645669291339" HPOS="582.5196850393701"/>
            <String HEIGHT="30.330708661417322" WIDTH="163.84251968503938" VPOS="715.4645669291339" HPOS="521.007874015748" CONTENT="rare" ID="tl_26_5" STYLEREFS="FONT0"/>
            <SP HEIGHT="30.330708661417322" WIDTH="20.409448818897637" VPOS="715.4645669291339" HPOS="684.8503937007874"/>
            <String HEIGHT="30.330708661417322" WIDTH="204.9448818897638" VPOS="715.4645669291339" HPOS="623.3385826771654" CONTENT="pièce." ID="tl_26_6" STYLEREFS="FONT0"/>
            <SP HEIGHT="30.330708661417322" WIDTH="20.409448818897637" VPOS="715.4645669291339" HPOS="828.2834645669292"/>
            <String HEIGHT="30.330708661417322" WIDTH="123.02362204724409" VPOS="715.4645669291339" HPOS="766.7716535433071" CONTENT="25" ID="tl_26_7" STYLEREFS="FONT0"/>
            <SP HEIGHT="30.330708661417322" WIDTH="20.409448818897637" VPOS="715.4645669291339" HPOS="889.7952755905512"/>
            <String HEIGHT="30.330708661417322" WIDTH="61.511811023622045" VPOS="715.4645669291339" HPOS="807.8740157480315" CONTENT="»" ID="tl_26_8" STYLEREFS="FONT0"/>
          </TextLine>
        </TextBlock>
        <TextBlock ID="r_2_9" HEIGHT="135.7795275590551" WIDTH="773.007874015748" VPOS="758.2677165354331" HPOS="100.34645669291339">
          <TextLine ID="tl_27" BASELINE="2764" HEIGHT="24.944881889763778" WIDTH="747.496062992126" VPOS="758.5511811023622" HPOS="123.30708661417323">
            <String HEIGHT="24.944881889763778" WIDTH="142.86614173228347" VPOS="758.5511811023622" HPOS="112.25196850393701" CONTENT="Charmante" ID="tl_27_1" STYLEREFS="FONT0"/>
            <SP HEIGHT="24.944881889763778" WIDTH="11.05511811023622" VPOS="758.5511811023622" HPOS="255.11811023622047"/>
            <String HEIGHT="24.944881889763778" WIDTH="121.03937007874016" VPOS="758.5511811023622" HPOS="222.23622047244095" CONTENT="épître:" ID="tl_27_2" STYLEREFS="FONT0"/>
            <SP HEIGHT="24.944881889763778" WIDTH="11.05511811023622" VPOS="758.5511811023622" HPOS="343.2755905511811"/>
            <String HEIGHT="24.944881889763778" WIDTH="76.81889763779527" VPOS="758.5511811023622" HPOS="310.1102362204724" CONTENT="«Je" ID="tl_27_3" STYLEREFS="FONT0"/>
            <SP HEIGHT="24.944881889763778" WIDTH="11.05511811023622" VPOS="758.5511811023622" HPOS="387.21259842519686"/>
            <String HEIGHT="24.944881889763778" WIDTH="66.04724409448819" VPOS="758.5511811023622" HPOS="354.0472440944882" CONTENT="ne" ID="tl_27_4" STYLEREFS="FONT0"/>
            <SP HEIGHT="24.944881889763778" WIDTH="11.05511811023622" VPOS="758.5511811023622" HPOS="420.09448818897636"/>
            <String HEIGHT="24.944881889763778" WIDTH="121.03937007874016" VPOS="758.5511811023622" HPOS="387.21259842519686" CONTENT="possède" ID="tl_27_5" STYLEREFS="FONT0"/>
            <SP HEIGHT="24.944881889763778" WIDTH="11.05511811023622" VPOS="758.5511811023622" HPOS="507.9685039370079"/>
            <String HEIGHT="24.944881889763778" WIDTH="98.92913385826772" VPOS="758.5511811023622" HPOS="475.0866141732283" CONTENT="point" ID="tl_27_6" STYLEREFS="FONT0"/>
            <SP HEIGHT="24.944881889763778" WIDTH="11.05511811023622" VPOS="758.5511811023622" HPOS="574.0157480314961"/>
            <String HEIGHT="24.944881889763778" WIDTH="142.86614173228347" VPOS="758.5511811023622" HPOS="541.1338582677165" CONTENT="l’heureux" ID="tl_27_7" STYLEREFS="FONT0"/>
            <SP HEIGHT="24.944881889763778" WIDTH="11.05511811023622" VPOS="758.5511811023622" HPOS="684.0"/>
            <String HEIGHT="24.944881889763778" WIDTH="109.98425196850394" VPOS="758.5511811023622" HPOS="650.8346456692914" CONTENT="talent" ID="tl_27_8" STYLEREFS="FONT0"/>
            <SP HEIGHT="24.944881889763778" WIDTH="11.05511811023622" VPOS="758.5511811023622" HPOS="760.8188976377953"/>
            <String HEIGHT="24.944881889763778" WIDTH="66.04724409448819" VPOS="758.5511811023622" HPOS="727.9370078740158" CONTENT="de" ID="tl_27_9" STYLEREFS="FONT0"/>
            <SP HEIGHT="24.944881889763778" WIDTH="11.05511811023622" VPOS="758.5511811023622" HPOS="793.9842519685039"/>
            <String HEIGHT="24.944881889763778" WIDTH="98.92913385826772" VPOS="758.5511811023622" HPOS="760.8188976377953" CONTENT="faire" ID="tl_27_10" STYLEREFS="FONT0"/>
            <SP HEIGHT="24.944881889763778" WIDTH="11.05511811023622" VPOS="758.5511811023622" HPOS="859.7480314960629"/>
            <String HEIGHT="24.944881889763778" WIDTH="54.99212598425197" VPOS="758.5511811023622" HPOS="815.8110236220473" CONTENT="des" ID="tl_27_11" STYLEREFS="FONT0"/>
          </TextLine>
          <TextLine ID="tl_28" BASELINE="2832" HEIGHT="23.811023622047244" WIDTH="768.1889763779527" VPOS="778.9606299212599" HPOS="102.33070866141732">
            <String HEIGHT="23.811023622047244" WIDTH="98.64566929133858" VPOS="778.9606299212599" HPOS="91.2755905511811" CONTENT="vers." ID="tl_28_1" STYLEREFS="FONT0"/>
            <SP HEIGHT="23.811023622047244" WIDTH="11.05511811023622" VPOS="778.9606299212599" HPOS="190.20472440944883"/>
            <String HEIGHT="23.811023622047244" WIDTH="109.7007874015748" VPOS="778.9606299212599" HPOS="157.3228346456693" CONTENT="Fautte" ID="tl_28_2" STYLEREFS="FONT0"/>
            <SP HEIGHT="23.811023622047244" WIDTH="11.05511811023622" VPOS="778.9606299212599" HPOS="267.0236220472441"/>
            <String HEIGHT="23.811023622047244" WIDTH="65.76377952755905" VPOS="778.9606299212599" HPOS="234.14173228346456" CONTENT="de" ID="tl_28_3" STYLEREFS="FONT0"/>
            <SP HEIGHT="23.811023622047244" WIDTH="11.05511811023622" VPOS="778.9606299212599" HPOS="299.90551181102364"/>
            <String HEIGHT="23.811023622047244" WIDTH="87.8740157480315" VPOS="778.9606299212599" HPOS="267.0236220472441" CONTENT="cest" ID="tl_28_4" STYLEREFS="FONT0"/>
            <SP HEIGHT="23.811023622047244" WIDTH="11.05511811023622" VPOS="778.9606299212599" HPOS="354.61417322834643"/>
            <String HEIGHT="23.811023622047244" WIDTH="142.58267716535434" VPOS="778.9606299212599" HPOS="321.73228346456693" CONTENT="avantage," ID="tl_28_5" STYLEREFS="FONT0"/>
            <SP HEIGHT="23.811023622047244" WIDTH="11.05511811023622" VPOS="778.9606299212599" HPOS="464.59842519685037"/>
            <String HEIGHT="23.811023622047244" WIDTH="131.81102362204723" VPOS="778.9606299212599" HPOS="431.43307086614175" CONTENT="j’espère" ID="tl_28_6" STYLEREFS="FONT0"/>
            <SP HEIGHT="23.811023622047244" WIDTH="11.05511811023622" VPOS="778.9606299212599" HPOS="563.2440944881889"/>
            <String HEIGHT="23.811023622047244" WIDTH="76.81889763779527" VPOS="778.9606299212599" HPOS="530.3622047244095" CONTENT="que" ID="tl_28_7" STYLEREFS="FONT0"/>
            <SP HEIGHT="23.811023622047244" WIDTH="11.05511811023622" VPOS="778.9606299212599" HPOS="607.1811023622047"/>
            <String HEIGHT="23.811023622047244" WIDTH="87.8740157480315" VPOS="778.9606299212599" HPOS="574.2992125984252" CONTENT="vous" ID="tl_28_8" STYLEREFS="FONT0"/>
            <SP HEIGHT="23.811023622047244" WIDTH="11.05511811023622" VPOS="778.9606299212599" HPOS="661.8897637795276"/>
            <String HEIGHT="23.811023622047244" WIDTH="120.75590551181102" VPOS="778.9606299212599" HPOS="629.007874015748" CONTENT="voudrés" ID="tl_28_9" STYLEREFS="FONT0"/>
            <SP HEIGHT="23.811023622047244" WIDTH="11.05511811023622" VPOS="778.9606299212599" HPOS="749.7637795275591"/>
            <String HEIGHT="23.811023622047244" WIDTH="142.58267716535434" VPOS="778.9606299212599" HPOS="716.8818897637796" CONTENT="rescevoir" ID="tl_28_10" STYLEREFS="FONT0"/>
            <SP HEIGHT="23.811023622047244" WIDTH="11.05511811023622" VPOS="778.9606299212599" HPOS="859.4645669291339"/>
            <String HEIGHT="23.811023622047244" WIDTH="54.99212598425197" VPOS="778.9606299212599" HPOS="815.5275590551181" CONTENT="mes" ID="tl_28_11" STYLEREFS="FONT0"/>
          </TextLine>
          <TextLine ID="tl_29" BASELINE="2902" HEIGHT="24.944881889763778" WIDTH="768.4724409448819" VPOS="797.6692913385826" HPOS="103.46456692913385">
            <String HEIGHT="24.944881889763778" WIDTH="155.90551181102362" VPOS="797.6692913385826" HPOS="92.97637795275591" CONTENT="remercimens" ID="tl_29_1" STYLEREFS="FONT0"/>
            <SP HEIGHT="24.944881889763778" WIDTH="10.488188976377952" VPOS="797.6692913385826" HPOS="248.88188976377953"/>
            <String HEIGHT="24.944881889763778" WIDTH="62.36220472440945" VPOS="797.6692913385826" HPOS="217.70078740157481" CONTENT="en" ID="tl_29_2" STYLEREFS="FONT0"/>
            <SP HEIGHT="24.944881889763778" WIDTH="10.488188976377952" VPOS="797.6692913385826" HPOS="280.06299212598424"/>
            <String HEIGHT="24.944881889763778" WIDTH="93.54330708661418" VPOS="797.6692913385826" HPOS="248.88188976377953" CONTENT="prose" ID="tl_29_3" STYLEREFS="FONT0"/>
            <SP HEIGHT="24.944881889763778" WIDTH="10.488188976377952" VPOS="797.6692913385826" HPOS="342.4251968503937"/>
            <String HEIGHT="24.944881889763778" WIDTH="83.05511811023622" VPOS="797.6692913385826" HPOS="311.244094488189" CONTENT="pour" ID="tl_29_4" STYLEREFS="FONT0"/>
            <SP HEIGHT="24.944881889763778" WIDTH="10.488188976377952" VPOS="797.6692913385826" HPOS="394.2992125984252"/>
            <String HEIGHT="24.944881889763778" WIDTH="93.54330708661418" VPOS="797.6692913385826" HPOS="363.11811023622045" CONTENT="votre" ID="tl_29_5" STYLEREFS="FONT0"/>
            <SP HEIGHT="24.944881889763778" WIDTH="10.488188976377952" VPOS="797.6692913385826" HPOS="456.66141732283467"/>
            <String HEIGHT="24.944881889763778" WIDTH="103.74803149606299" VPOS="797.6692913385826" HPOS="425.4803149606299" CONTENT="billet" ID="tl_29_6" STYLEREFS="FONT0"/>
            <SP HEIGHT="24.944881889763778" WIDTH="10.488188976377952" VPOS="797.6692913385826" HPOS="529.2283464566929"/>
            <String HEIGHT="24.944881889763778" WIDTH="134.9291338582677" VPOS="797.6692913385826" HPOS="498.0472440944882" CONTENT="obligent." ID="tl_29_7" STYLEREFS="FONT0"/>
            <SP HEIGHT="24.944881889763778" WIDTH="10.488188976377952" VPOS="797.6692913385826" HPOS="632.9763779527559"/>
            <String HEIGHT="24.944881889763778" WIDTH="62.36220472440945" VPOS="797.6692913385826" HPOS="601.7952755905512" CONTENT="Je" ID="tl_29_8" STYLEREFS="FONT0"/>
            <SP HEIGHT="24.944881889763778" WIDTH="10.488188976377952" VPOS="797.6692913385826" HPOS="664.1574803149606"/>
            <String HEIGHT="24.944881889763778" WIDTH="124.7244094488189" VPOS="797.6692913385826" HPOS="632.9763779527559" CONTENT="regrette" ID="tl_29_9" STYLEREFS="FONT0"/>
            <SP HEIGHT="24.944881889763778" WIDTH="10.488188976377952" VPOS="797.6692913385826" HPOS="757.7007874015748"/>
            <String HEIGHT="24.944881889763778" WIDTH="62.36220472440945" VPOS="797.6692913385826" HPOS="726.5196850393701" CONTENT="de" ID="tl_29_10" STYLEREFS="FONT0"/>
            <SP HEIGHT="24.944881889763778" WIDTH="10.488188976377952" VPOS="797.6692913385826" HPOS="788.8818897637796"/>
            <String HEIGHT="24.944881889763778" WIDTH="62.36220472440945" VPOS="797.6692913385826" HPOS="757.7007874015748" CONTENT="ne" ID="tl_29_11" STYLEREFS="FONT0"/>
            <SP HEIGHT="24.944881889763778" WIDTH="10.488188976377952" VPOS="797.6692913385826" HPOS="820.0629921259842"/>
            <String HEIGHT="24.944881889763778" WIDTH="93.54330708661418" VPOS="797.6692913385826" HPOS="778.3937007874016" CONTENT="pouvoir" ID="tl_29_12" STYLEREFS="FONT0"/>
          </TextLine>
          <TextLine ID="tl_30" BASELINE="2971" HEIGHT="24.661417322834644" WIDTH="768.4724409448819" VPOS="817.511811023622" HPOS="102.89763779527559">
            <String HEIGHT="24.661417322834644" WIDTH="131.5275590551181" VPOS="817.511811023622" HPOS="92.69291338582677" CONTENT="profitter" ID="tl_30_1" STYLEREFS="FONT0"/>
            <SP HEIGHT="24.661417322834644" WIDTH="10.204724409448819" VPOS="817.511811023622" HPOS="224.2204724409449"/>
            <String HEIGHT="24.661417322834644" WIDTH="60.661417322834644" VPOS="817.511811023622" HPOS="193.88976377952756" CONTENT="de" ID="tl_30_2" STYLEREFS="FONT0"/>
            <SP HEIGHT="24.661417322834644" WIDTH="10.204724409448819" VPOS="817.511811023622" HPOS="254.5511811023622"/>
            <String HEIGHT="24.661417322834644" WIDTH="90.99212598425197" VPOS="817.511811023622" HPOS="224.2204724409449" CONTENT="votre" ID="tl_30_3" STYLEREFS="FONT0"/>
            <SP HEIGHT="24.661417322834644" WIDTH="10.204724409448819" VPOS="817.511811023622" HPOS="315.21259842519686"/>
            <String HEIGHT="24.661417322834644" WIDTH="171.7795275590551" VPOS="817.511811023622" HPOS="284.88188976377955" CONTENT="conversation." ID="tl_30_4" STYLEREFS="FONT0"/>
            <SP HEIGHT="24.661417322834644" WIDTH="10.204724409448819" VPOS="817.511811023622" HPOS="456.66141732283467"/>
            <String HEIGHT="24.661417322834644" WIDTH="60.661417322834644" VPOS="817.511811023622" HPOS="426.3307086614173" CONTENT="Je" ID="tl_30_5" STYLEREFS="FONT0"/>
            <SP HEIGHT="24.661417322834644" WIDTH="10.204724409448819" VPOS="817.511811023622" HPOS="487.2755905511811"/>
            <String HEIGHT="24.661417322834644" WIDTH="80.78740157480316" VPOS="817.511811023622" HPOS="456.66141732283467" CONTENT="suis" ID="tl_30_6" STYLEREFS="FONT0"/>
            <SP HEIGHT="24.661417322834644" WIDTH="10.204724409448819" VPOS="817.511811023622" HPOS="537.7322834645669"/>
            <String HEIGHT="24.661417322834644" WIDTH="131.5275590551181" VPOS="817.511811023622" HPOS="507.40157480314963" CONTENT="persuadée" ID="tl_30_7" STYLEREFS="FONT0"/>
            <SP HEIGHT="24.661417322834644" WIDTH="10.204724409448819" VPOS="817.511811023622" HPOS="638.9291338582677"/>
            <String HEIGHT="24.661417322834644" WIDTH="111.11811023622047" VPOS="817.511811023622" HPOS="608.5984251968504" CONTENT="qu’elle" ID="tl_30_8" STYLEREFS="FONT0"/>
            <SP HEIGHT="24.661417322834644" WIDTH="10.204724409448819" VPOS="817.511811023622" HPOS="719.7165354330708"/>
            <String HEIGHT="24.661417322834644" WIDTH="60.661417322834644" VPOS="817.511811023622" HPOS="689.3858267716536" CONTENT="ce" ID="tl_30_9" STYLEREFS="FONT0"/>
            <SP HEIGHT="24.661417322834644" WIDTH="10.204724409448819" VPOS="817.511811023622" HPOS="750.0472440944882"/>
            <String HEIGHT="24.661417322834644" WIDTH="131.5275590551181" VPOS="817.511811023622" HPOS="719.7165354330708" CONTENT="distingue" ID="tl_30_10" STYLEREFS="FONT0"/>
            <SP HEIGHT="24.661417322834644" WIDTH="10.204724409448819" VPOS="817.511811023622" HPOS="851.2440944881889"/>
            <String HEIGHT="24.661417322834644" WIDTH="60.661417322834644" VPOS="817.511811023622" HPOS="810.7086614173228" CONTENT="tou" SUBS_TYPE="HypPart1" SUBS_CONTENT="toujours." ID="tl_30_11" STYLEREFS="FONT0"/>
            <HYP CONTENT="-"/>
          </TextLine>
          <TextLine ID="tl_31" BASELINE="3039" HEIGHT="24.661417322834644" WIDTH="771.5905511811023" VPOS="836.7874015748032" HPOS="100.62992125984252">
            <String HEIGHT="24.661417322834644" WIDTH="100.34645669291339" VPOS="836.7874015748032" HPOS="90.70866141732283" CONTENT="jours." SUBS_TYPE="HypPart2" SUBS_CONTENT="toujours." ID="tl_31_1" STYLEREFS="FONT0"/>
            <SP HEIGHT="24.661417322834644" WIDTH="9.921259842519685" VPOS="836.7874015748032" HPOS="190.77165354330708"/>
            <String HEIGHT="24.661417322834644" WIDTH="130.39370078740157" VPOS="836.7874015748032" HPOS="160.7244094488189" CONTENT="L’esprit," ID="tl_31_2" STYLEREFS="FONT0"/>
            <SP HEIGHT="24.661417322834644" WIDTH="9.921259842519685" VPOS="836.7874015748032" HPOS="291.11811023622045"/>
            <String HEIGHT="24.661417322834644" WIDTH="60.09448818897638" VPOS="836.7874015748032" HPOS="261.07086614173227" CONTENT="le" ID="tl_31_3" STYLEREFS="FONT0"/>
            <SP HEIGHT="24.661417322834644" WIDTH="9.921259842519685" VPOS="836.7874015748032" HPOS="321.1653543307087"/>
            <String HEIGHT="24.661417322834644" WIDTH="120.18897637795276" VPOS="836.7874015748032" HPOS="291.11811023622045" CONTENT="sçavoir," ID="tl_31_4" STYLEREFS="FONT0"/>
            <SP HEIGHT="24.661417322834644" WIDTH="9.921259842519685" VPOS="836.7874015748032" HPOS="411.3070866141732"/>
            <String HEIGHT="24.661417322834644" WIDTH="160.44094488188978" VPOS="836.7874015748032" HPOS="381.25984251968504" CONTENT="l’enjouement" ID="tl_31_5" STYLEREFS="FONT0"/>
            <SP HEIGHT="24.661417322834644" WIDTH="9.921259842519685" VPOS="836.7874015748032" HPOS="541.4173228346457"/>
            <String HEIGHT="24.661417322834644" WIDTH="60.09448818897638" VPOS="836.7874015748032" HPOS="511.37007874015745" CONTENT="et" ID="tl_31_6" STYLEREFS="FONT0"/>
            <SP HEIGHT="24.661417322834644" WIDTH="9.921259842519685" VPOS="836.7874015748032" HPOS="571.4645669291339"/>
            <String HEIGHT="24.661417322834644" WIDTH="60.09448818897638" VPOS="836.7874015748032" HPOS="541.4173228346457" CONTENT="la" ID="tl_31_7" STYLEREFS="FONT0"/>
            <SP HEIGHT="24.661417322834644" WIDTH="9.921259842519685" VPOS="836.7874015748032" HPOS="601.7952755905512"/>
            <String HEIGHT="24.661417322834644" WIDTH="100.34645669291339" VPOS="836.7874015748032" HPOS="571.4645669291339" CONTENT="gayeté" ID="tl_31_8" STYLEREFS="FONT0"/>
            <SP HEIGHT="24.661417322834644" WIDTH="9.921259842519685" VPOS="836.7874015748032" HPOS="671.8110236220473"/>
            <String HEIGHT="24.661417322834644" WIDTH="80.22047244094489" VPOS="836.7874015748032" HPOS="641.7637795275591" CONTENT="sont" ID="tl_31_9" STYLEREFS="FONT0"/>
            <SP HEIGHT="24.661417322834644" WIDTH="9.921259842519685" VPOS="836.7874015748032" HPOS="721.9842519685039"/>
            <String HEIGHT="24.661417322834644" WIDTH="70.01574803149606" VPOS="836.7874015748032" HPOS="691.9370078740158" CONTENT="des" ID="tl_31_10" STYLEREFS="FONT0"/>
            <SP HEIGHT="24.661417322834644" WIDTH="9.921259842519685" VPOS="836.7874015748032" HPOS="761.9527559055118"/>
            <String HEIGHT="24.661417322834644" WIDTH="80.22047244094489" VPOS="836.7874015748032" HPOS="731.9055118110236" CONTENT="dons" ID="tl_31_11" STYLEREFS="FONT0"/>
            <SP HEIGHT="24.661417322834644" WIDTH="9.921259842519685" VPOS="836.7874015748032" HPOS="812.1259842519685"/>
            <String HEIGHT="24.661417322834644" WIDTH="70.01574803149606" VPOS="836.7874015748032" HPOS="782.0787401574803" CONTENT="qui" ID="tl_31_12" STYLEREFS="FONT0"/>
            <SP HEIGHT="24.661417322834644" WIDTH="9.921259842519685" VPOS="836.7874015748032" HPOS="852.0944881889764"/>
            <String HEIGHT="24.661417322834644" WIDTH="60.09448818897638" VPOS="836.7874015748032" HPOS="812.1259842519685" CONTENT="vous" ID="tl_31_13" STYLEREFS="FONT0"/>
          </TextLine>
          <TextLine ID="tl_32" BASELINE="3107" HEIGHT="25.228346456692915" WIDTH="770.1732283464567" VPOS="855.496062992126" HPOS="102.89763779527559">
            <String HEIGHT="25.228346456692915" WIDTH="93.25984251968504" VPOS="855.496062992126" HPOS="91.2755905511811" CONTENT="sont" ID="tl_32_1" STYLEREFS="FONT0"/>
            <SP HEIGHT="25.228346456692915" WIDTH="11.622047244094489" VPOS="855.496062992126" HPOS="184.53543307086613"/>
            <String HEIGHT="25.228346456692915" WIDTH="70.01574803149606" VPOS="855.496062992126" HPOS="149.66929133858267" CONTENT="si" ID="tl_32_2" STYLEREFS="FONT0"/>
            <SP HEIGHT="25.228346456692915" WIDTH="11.622047244094489" VPOS="855.496062992126" HPOS="219.68503937007873"/>
            <String HEIGHT="25.228346456692915" WIDTH="140.03149606299212" VPOS="855.496062992126" HPOS="184.53543307086613" CONTENT="naturels" ID="tl_32_3" STYLEREFS="FONT0"/>
            <SP HEIGHT="25.228346456692915" WIDTH="11.622047244094489" VPOS="855.496062992126" HPOS="324.56692913385825"/>
            <String HEIGHT="25.228346456692915" WIDTH="116.78740157480316" VPOS="855.496062992126" HPOS="289.7007874015748" CONTENT="qu’ils" ID="tl_32_4" STYLEREFS="FONT0"/>
            <SP HEIGHT="25.228346456692915" WIDTH="11.622047244094489" VPOS="855.496062992126" HPOS="406.20472440944883"/>
            <String HEIGHT="25.228346456692915" WIDTH="70.01574803149606" VPOS="855.496062992126" HPOS="371.33858267716533" CONTENT="ne" ID="tl_32_5" STYLEREFS="FONT0"/>
            <SP HEIGHT="25.228346456692915" WIDTH="11.622047244094489" VPOS="855.496062992126" HPOS="441.3543307086614"/>
            <String HEIGHT="25.228346456692915" WIDTH="128.40944881889763" VPOS="855.496062992126" HPOS="406.20472440944883" CONTENT="peuvent" ID="tl_32_6" STYLEREFS="FONT0"/>
            <SP HEIGHT="25.228346456692915" WIDTH="11.622047244094489" VPOS="855.496062992126" HPOS="534.6141732283464"/>
            <String HEIGHT="25.228346456692915" WIDTH="81.63779527559055" VPOS="855.496062992126" HPOS="499.748031496063" CONTENT="que" ID="tl_32_7" STYLEREFS="FONT0"/>
            <SP HEIGHT="25.228346456692915" WIDTH="11.622047244094489" VPOS="855.496062992126" HPOS="581.3858267716536"/>
            <String HEIGHT="25.228346456692915" WIDTH="163.2755905511811" VPOS="855.496062992126" HPOS="546.2362204724409" CONTENT="contribués" ID="tl_32_8" STYLEREFS="FONT0"/>
            <SP HEIGHT="25.228346456692915" WIDTH="11.622047244094489" VPOS="855.496062992126" HPOS="709.7952755905512"/>
            <String HEIGHT="25.228346456692915" WIDTH="70.01574803149606" VPOS="855.496062992126" HPOS="674.6456692913385" CONTENT="au" ID="tl_32_9" STYLEREFS="FONT0"/>
            <SP HEIGHT="25.228346456692915" WIDTH="11.622047244094489" VPOS="855.496062992126" HPOS="744.6614173228346"/>
            <String HEIGHT="25.228346456692915" WIDTH="128.40944881889763" VPOS="855.496062992126" HPOS="709.7952755905512" CONTENT="charmes" ID="tl_32_10" STYLEREFS="FONT0"/>
            <SP HEIGHT="25.228346456692915" WIDTH="11.622047244094489" VPOS="855.496062992126" HPOS="838.2047244094488"/>
            <String HEIGHT="25.228346456692915" WIDTH="70.01574803149606" VPOS="855.496062992126" HPOS="803.0551181102362" CONTENT="de" ID="tl_32_11" STYLEREFS="FONT0"/>
            <SP HEIGHT="25.228346456692915" WIDTH="11.622047244094489" VPOS="855.496062992126" HPOS="873.0708661417323"/>
            <String HEIGHT="25.228346456692915" WIDTH="46.77165354330709" VPOS="855.496062992126" HPOS="826.2992125984252" CONTENT="la" ID="tl_32_12" STYLEREFS="FONT0"/>
          </TextLine>
          <TextLine ID="tl_33" BASELINE="3153" HEIGHT="16.724409448818896" WIDTH="105.73228346456693" VPOS="877.0393700787401" HPOS="102.89763779527559">
            <String HEIGHT="16.724409448818896" WIDTH="125.00787401574803" VPOS="877.0393700787401" HPOS="83.62204724409449" CONTENT="société...»" ID="tl_33_1" STYLEREFS="FONT0"/>
          </TextLine>
        </TextBlock>
        <TextBlock ID="r_2_10" HEIGHT="87.59055118110236" WIDTH="852.6614173228346" VPOS="911.0551181102362" HPOS="22.11023622047244">
          <TextLine ID="tl_34" BASELINE="3338" HEIGHT="34.86614173228347" WIDTH="852.0944881889764" VPOS="911.3385826771654" HPOS="22.393700787401574">
            <String HEIGHT="34.86614173228347" WIDTH="144.28346456692913" VPOS="911.3385826771654" HPOS="7.937007874015748" CONTENT="43488." ID="tl_34_1" STYLEREFS="FONT0"/>
            <SP HEIGHT="34.86614173228347" WIDTH="14.456692913385826" VPOS="911.3385826771654" HPOS="152.50393700787401"/>
            <String HEIGHT="34.86614173228347" WIDTH="158.74015748031496" VPOS="911.3385826771654" HPOS="109.13385826771653" CONTENT="CHARRAS" ID="tl_34_2" STYLEREFS="FONT0"/>
            <SP HEIGHT="34.86614173228347" WIDTH="14.456692913385826" VPOS="911.3385826771654" HPOS="267.87401574803147"/>
            <String HEIGHT="34.86614173228347" WIDTH="404.503937007874" VPOS="911.3385826771654" HPOS="224.50393700787401" CONTENT="(Jean-Baptiste-Adolphe)," ID="tl_34_3" STYLEREFS="FONT0"/>
            <SP HEIGHT="34.86614173228347" WIDTH="14.456692913385826" VPOS="911.3385826771654" HPOS="629.007874015748"/>
            <String HEIGHT="34.86614173228347" WIDTH="158.74015748031496" VPOS="911.3385826771654" HPOS="585.6377952755905" CONTENT="célèbre" ID="tl_34_4" STYLEREFS="FONT0"/>
            <SP HEIGHT="34.86614173228347" WIDTH="14.456692913385826" VPOS="911.3385826771654" HPOS="744.3779527559055"/>
            <String HEIGHT="34.86614173228347" WIDTH="130.11023622047244" VPOS="911.3385826771654" HPOS="701.2913385826772" CONTENT="homme" ID="tl_34_5" STYLEREFS="FONT0"/>
            <SP HEIGHT="34.86614173228347" WIDTH="14.456692913385826" VPOS="911.3385826771654" HPOS="831.1181102362204"/>
            <String HEIGHT="34.86614173228347" WIDTH="101.19685039370079" VPOS="911.3385826771654" HPOS="773.2913385826772" CONTENT="poli" SUBS_TYPE="HypPart1" SUBS_CONTENT="politique" ID="tl_34_6" STYLEREFS="FONT0"/>
            <HYP CONTENT="-"/>
          </TextLine>
          <TextLine ID="tl_35" BASELINE="3432" HEIGHT="34.01574803149607" WIDTH="746.9291338582677" VPOS="938.8346456692914" HPOS="127.2755905511811">
            <String HEIGHT="34.01574803149607" WIDTH="115.93700787401575" VPOS="938.8346456692914" HPOS="114.51968503937007" CONTENT="tique" SUBS_TYPE="HypPart2" SUBS_CONTENT="politique" ID="tl_35_1" STYLEREFS="FONT0"/>
            <SP HEIGHT="34.01574803149607" WIDTH="12.755905511811024" VPOS="938.8346456692914" HPOS="230.17322834645668"/>
            <String HEIGHT="34.01574803149607" WIDTH="193.03937007874015" VPOS="938.8346456692914" HPOS="191.6220472440945" CONTENT="républicain" ID="tl_35_2" STYLEREFS="FONT0"/>
            <SP HEIGHT="34.01574803149607" WIDTH="12.755905511811024" VPOS="938.8346456692914" HPOS="384.9448818897638"/>
            <String HEIGHT="34.01574803149607" WIDTH="77.38582677165354" VPOS="938.8346456692914" HPOS="346.1102362204724" CONTENT="et" ID="tl_35_3" STYLEREFS="FONT0"/>
            <SP HEIGHT="34.01574803149607" WIDTH="12.755905511811024" VPOS="938.8346456692914" HPOS="423.496062992126"/>
            <String HEIGHT="34.01574803149607" WIDTH="154.48818897637796" VPOS="938.8346456692914" HPOS="384.9448818897638" CONTENT="écrivain" ID="tl_35_4" STYLEREFS="FONT0"/>
            <SP HEIGHT="34.01574803149607" WIDTH="12.755905511811024" VPOS="938.8346456692914" HPOS="539.4330708661417"/>
            <String HEIGHT="34.01574803149607" WIDTH="180.28346456692913" VPOS="938.8346456692914" HPOS="500.59842519685037" CONTENT="militaire." ID="tl_35_5" STYLEREFS="FONT0"/>
            <SP HEIGHT="34.01574803149607" WIDTH="12.755905511811024" VPOS="938.8346456692914" HPOS="681.1653543307086"/>
            <String HEIGHT="34.01574803149607" WIDTH="64.34645669291339" VPOS="938.8346456692914" HPOS="642.3307086614174" CONTENT="—" ID="tl_35_6" STYLEREFS="FONT0"/>
            <SP HEIGHT="34.01574803149607" WIDTH="12.755905511811024" VPOS="938.8346456692914" HPOS="706.6771653543307"/>
            <String HEIGHT="34.01574803149607" WIDTH="77.38582677165354" VPOS="938.8346456692914" HPOS="668.1259842519685" CONTENT="L." ID="tl_35_7" STYLEREFS="FONT0"/>
            <SP HEIGHT="34.01574803149607" WIDTH="12.755905511811024" VPOS="938.8346456692914" HPOS="745.511811023622"/>
            <String HEIGHT="34.01574803149607" WIDTH="77.38582677165354" VPOS="938.8346456692914" HPOS="706.6771653543307" CONTENT="a." ID="tl_35_8" STYLEREFS="FONT0"/>
            <SP HEIGHT="34.01574803149607" WIDTH="12.755905511811024" VPOS="938.8346456692914" HPOS="784.0629921259842"/>
            <String HEIGHT="34.01574803149607" WIDTH="77.38582677165354" VPOS="938.8346456692914" HPOS="745.511811023622" CONTENT="s." ID="tl_35_9" STYLEREFS="FONT0"/>
            <SP HEIGHT="34.01574803149607" WIDTH="12.755905511811024" VPOS="938.8346456692914" HPOS="822.6141732283464"/>
            <String HEIGHT="34.01574803149607" WIDTH="90.14173228346456" VPOS="938.8346456692914" HPOS="784.0629921259842" CONTENT="CH." ID="tl_35_10" STYLEREFS="FONT0"/>
            <SP HEIGHT="34.01574803149607" WIDTH="12.755905511811024" VPOS="938.8346456692914" HPOS="874.2047244094488"/>
            <String HEIGHT="34.01574803149607" WIDTH="51.59055118110236" VPOS="938.8346456692914" HPOS="822.6141732283464" CONTENT="(à" ID="tl_35_11" STYLEREFS="FONT0"/>
          </TextLine>
          <TextLine ID="tl_36" BASELINE="3522" HEIGHT="33.44881889763779" WIDTH="745.7952755905512" VPOS="964.9133858267717" HPOS="127.2755905511811">
            <String HEIGHT="33.44881889763779" WIDTH="134.36220472440945" VPOS="964.9133858267717" HPOS="112.25196850393701" CONTENT="Jules" ID="tl_36_1" STYLEREFS="FONT0"/>
            <SP HEIGHT="33.44881889763779" WIDTH="15.023622047244094" VPOS="964.9133858267717" HPOS="246.61417322834646"/>
            <String HEIGHT="33.44881889763779" WIDTH="164.1259842519685" VPOS="964.9133858267717" HPOS="201.82677165354332" CONTENT="Barni);" ID="tl_36_2" STYLEREFS="FONT0"/>
            <SP HEIGHT="33.44881889763779" WIDTH="15.023622047244094" VPOS="964.9133858267717" HPOS="365.9527559055118"/>
            <String HEIGHT="33.44881889763779" WIDTH="134.36220472440945" VPOS="964.9133858267717" HPOS="321.1653543307087" CONTENT="Bâle," ID="tl_36_3" STYLEREFS="FONT0"/>
            <SP HEIGHT="33.44881889763779" WIDTH="15.023622047244094" VPOS="964.9133858267717" HPOS="455.5275590551181"/>
            <String HEIGHT="33.44881889763779" WIDTH="89.5748031496063" VPOS="964.9133858267717" HPOS="410.74015748031496" CONTENT="23" ID="tl_36_4" STYLEREFS="FONT0"/>
            <SP HEIGHT="33.44881889763779" WIDTH="15.023622047244094" VPOS="964.9133858267717" HPOS="500.31496062992125"/>
            <String HEIGHT="33.44881889763779" WIDTH="134.36220472440945" VPOS="964.9133858267717" HPOS="455.5275590551181" CONTENT="avril" ID="tl_36_5" STYLEREFS="FONT0"/>
            <SP HEIGHT="33.44881889763779" WIDTH="15.023622047244094" VPOS="964.9133858267717" HPOS="589.6062992125984"/>
            <String HEIGHT="33.44881889763779" WIDTH="134.36220472440945" VPOS="964.9133858267717" HPOS="544.8188976377953" CONTENT="1863," ID="tl_36_6" STYLEREFS="FONT0"/>
            <SP HEIGHT="33.44881889763779" WIDTH="15.023622047244094" VPOS="964.9133858267717" HPOS="679.1811023622047"/>
            <String HEIGHT="33.44881889763779" WIDTH="74.55118110236221" VPOS="964.9133858267717" HPOS="634.3937007874016" CONTENT="4" ID="tl_36_7" STYLEREFS="FONT0"/>
            <SP HEIGHT="33.44881889763779" WIDTH="15.023622047244094" VPOS="964.9133858267717" HPOS="708.9448818897638"/>
            <String HEIGHT="33.44881889763779" WIDTH="89.5748031496063" VPOS="964.9133858267717" HPOS="664.1574803149606" CONTENT="p." ID="tl_36_8" STYLEREFS="FONT0"/>
            <SP HEIGHT="33.44881889763779" WIDTH="15.023622047244094" VPOS="964.9133858267717" HPOS="753.7322834645669"/>
            <String HEIGHT="33.44881889763779" WIDTH="134.36220472440945" VPOS="964.9133858267717" HPOS="708.9448818897638" CONTENT="in-8." ID="tl_36_9" STYLEREFS="FONT0"/>
            <SP HEIGHT="33.44881889763779" WIDTH="15.023622047244094" VPOS="964.9133858267717" HPOS="843.3070866141733"/>
            <String HEIGHT="33.44881889763779" WIDTH="89.5748031496063" VPOS="964.9133858267717" HPOS="798.5196850393701" CONTENT="10" ID="tl_36_10" STYLEREFS="FONT0"/>
            <SP HEIGHT="33.44881889763779" WIDTH="15.023622047244094" VPOS="964.9133858267717" HPOS="888.0944881889764"/>
            <String HEIGHT="33.44881889763779" WIDTH="44.78740157480315" VPOS="964.9133858267717" HPOS="828.2834645669292" CONTENT="»" ID="tl_36_11" STYLEREFS="FONT0"/>
          </TextLine>
        </TextBlock>
        <TextBlock ID="r_2_11" HEIGHT="87.8740157480315" WIDTH="776.9763779527559" VPOS="1008.0" HPOS="97.79527559055119">
          <TextLine ID="tl_37" BASELINE="3659" HEIGHT="28.913385826771652" WIDTH="753.4488188976378" VPOS="1008.2834645669292" HPOS="121.03937007874016">
            <String HEIGHT="28.913385826771652" WIDTH="120.4724409448819" VPOS="1008.2834645669292" HPOS="111.11811023622047" CONTENT="CURIEUSE" ID="tl_37_1" STYLEREFS="FONT0"/>
            <SP HEIGHT="28.913385826771652" WIDTH="9.921259842519685" VPOS="1008.2834645669292" HPOS="231.59055118110237"/>
            <String HEIGHT="28.913385826771652" WIDTH="110.55118110236221" VPOS="1008.2834645669292" HPOS="201.54330708661416" CONTENT="LETTRE," ID="tl_37_2" STYLEREFS="FONT0"/>
            <SP HEIGHT="28.913385826771652" WIDTH="9.921259842519685" VPOS="1008.2834645669292" HPOS="311.81102362204723"/>
            <String HEIGHT="28.913385826771652" WIDTH="60.37795275590551" VPOS="1008.2834645669292" HPOS="281.76377952755905" CONTENT="Il" ID="tl_37_3" STYLEREFS="FONT0"/>
            <SP HEIGHT="28.913385826771652" WIDTH="9.921259842519685" VPOS="1008.2834645669292" HPOS="342.1417322834646"/>
            <String HEIGHT="28.913385826771652" WIDTH="160.7244094488189" VPOS="1008.2834645669292" HPOS="311.81102362204723" CONTENT="l’entretient" ID="tl_37_4" STYLEREFS="FONT0"/>
            <SP HEIGHT="28.913385826771652" WIDTH="9.921259842519685" VPOS="1008.2834645669292" HPOS="472.53543307086613"/>
            <String HEIGHT="28.913385826771652" WIDTH="60.37795275590551" VPOS="1008.2834645669292" HPOS="442.48818897637796" CONTENT="de" ID="tl_37_5" STYLEREFS="FONT0"/>
            <SP HEIGHT="28.913385826771652" WIDTH="9.921259842519685" VPOS="1008.2834645669292" HPOS="502.86614173228344"/>
            <String HEIGHT="28.913385826771652" WIDTH="70.2992125984252" VPOS="1008.2834645669292" HPOS="472.53543307086613" CONTENT="ses" ID="tl_37_6" STYLEREFS="FONT0"/>
            <SP HEIGHT="28.913385826771652" WIDTH="9.921259842519685" VPOS="1008.2834645669292" HPOS="542.8346456692914"/>
            <String HEIGHT="28.913385826771652" WIDTH="110.55118110236221" VPOS="1008.2834645669292" HPOS="512.7874015748032" CONTENT="travaux" ID="tl_37_7" STYLEREFS="FONT0"/>
            <SP HEIGHT="28.913385826771652" WIDTH="9.921259842519685" VPOS="1008.2834645669292" HPOS="623.3385826771654"/>
            <String HEIGHT="28.913385826771652" WIDTH="60.37795275590551" VPOS="1008.2834645669292" HPOS="593.2913385826772" CONTENT="et" ID="tl_37_8" STYLEREFS="FONT0"/>
            <SP HEIGHT="28.913385826771652" WIDTH="9.921259842519685" VPOS="1008.2834645669292" HPOS="653.3858267716536"/>
            <String HEIGHT="28.913385826771652" WIDTH="70.2992125984252" VPOS="1008.2834645669292" HPOS="623.3385826771654" CONTENT="lui" ID="tl_37_9" STYLEREFS="FONT0"/>
            <SP HEIGHT="28.913385826771652" WIDTH="9.921259842519685" VPOS="1008.2834645669292" HPOS="693.6377952755905"/>
            <String HEIGHT="28.913385826771652" WIDTH="110.55118110236221" VPOS="1008.2834645669292" HPOS="663.5905511811023" CONTENT="annonce" ID="tl_37_10" STYLEREFS="FONT0"/>
            <SP HEIGHT="28.913385826771652" WIDTH="9.921259842519685" VPOS="1008.2834645669292" HPOS="774.1417322834645"/>
            <String HEIGHT="28.913385826771652" WIDTH="90.4251968503937" VPOS="1008.2834645669292" HPOS="743.8110236220473" CONTENT="qu’il" ID="tl_37_11" STYLEREFS="FONT0"/>
            <SP HEIGHT="28.913385826771652" WIDTH="9.921259842519685" VPOS="1008.2834645669292" HPOS="834.2362204724409"/>
            <String HEIGHT="28.913385826771652" WIDTH="50.173228346456696" VPOS="1008.2834645669292" HPOS="804.1889763779527" CONTENT="a" ID="tl_37_12" STYLEREFS="FONT0"/>
            <SP HEIGHT="28.913385826771652" WIDTH="9.921259842519685" VPOS="1008.2834645669292" HPOS="854.3622047244095"/>
            <String HEIGHT="28.913385826771652" WIDTH="60.37795275590551" VPOS="1008.2834645669292" HPOS="814.1102362204724" CONTENT="fait" ID="tl_37_13" STYLEREFS="FONT0"/>
          </TextLine>
          <TextLine ID="tl_38" BASELINE="3729" HEIGHT="29.480314960629922" WIDTH="773.8582677165355" VPOS="1027.5590551181103" HPOS="100.34645669291339">
            <String HEIGHT="29.480314960629922" WIDTH="71.14960629921259" VPOS="1027.5590551181103" HPOS="90.14173228346456" CONTENT="une" ID="tl_38_1" STYLEREFS="FONT0"/>
            <SP HEIGHT="29.480314960629922" WIDTH="10.204724409448819" VPOS="1027.5590551181103" HPOS="161.5748031496063"/>
            <String HEIGHT="29.480314960629922" WIDTH="142.58267716535434" VPOS="1027.5590551181103" HPOS="130.96062992125985" CONTENT="réfutation" ID="tl_38_2" STYLEREFS="FONT0"/>
            <SP HEIGHT="29.480314960629922" WIDTH="10.204724409448819" VPOS="1027.5590551181103" HPOS="273.54330708661416"/>
            <String HEIGHT="29.480314960629922" WIDTH="61.22834645669291" VPOS="1027.5590551181103" HPOS="242.9291338582677" CONTENT="de" ID="tl_38_3" STYLEREFS="FONT0"/>
            <SP HEIGHT="29.480314960629922" WIDTH="10.204724409448819" VPOS="1027.5590551181103" HPOS="303.87401574803147"/>
            <String HEIGHT="29.480314960629922" WIDTH="71.14960629921259" VPOS="1027.5590551181103" HPOS="273.54330708661416" CONTENT="150" ID="tl_38_4" STYLEREFS="FONT0"/>
            <SP HEIGHT="29.480314960629922" WIDTH="10.204724409448819" VPOS="1027.5590551181103" HPOS="344.6929133858268"/>
            <String HEIGHT="29.480314960629922" WIDTH="91.55905511811024" VPOS="1027.5590551181103" HPOS="314.0787401574803" CONTENT="pages" ID="tl_38_5" STYLEREFS="FONT0"/>
            <SP HEIGHT="29.480314960629922" WIDTH="10.204724409448819" VPOS="1027.5590551181103" HPOS="405.9212598425197"/>
            <String HEIGHT="29.480314960629922" WIDTH="71.14960629921259" VPOS="1027.5590551181103" HPOS="375.3070866141732" CONTENT="sur" ID="tl_38_6" STYLEREFS="FONT0"/>
            <SP HEIGHT="29.480314960629922" WIDTH="10.204724409448819" VPOS="1027.5590551181103" HPOS="446.45669291338584"/>
            <String HEIGHT="29.480314960629922" WIDTH="101.76377952755905" VPOS="1027.5590551181103" HPOS="416.12598425196853" CONTENT="Thiers" ID="tl_38_7" STYLEREFS="FONT0"/>
            <SP HEIGHT="29.480314960629922" WIDTH="10.204724409448819" VPOS="1027.5590551181103" HPOS="517.8897637795276"/>
            <String HEIGHT="29.480314960629922" WIDTH="91.55905511811024" VPOS="1027.5590551181103" HPOS="487.2755905511811" CONTENT="qu’il" ID="tl_38_8" STYLEREFS="FONT0"/>
            <SP HEIGHT="29.480314960629922" WIDTH="10.204724409448819" VPOS="1027.5590551181103" HPOS="578.8346456692914"/>
            <String HEIGHT="29.480314960629922" WIDTH="81.35433070866142" VPOS="1027.5590551181103" HPOS="548.503937007874" CONTENT="veut" ID="tl_38_9" STYLEREFS="FONT0"/>
            <SP HEIGHT="29.480314960629922" WIDTH="10.204724409448819" VPOS="1027.5590551181103" HPOS="629.8582677165355"/>
            <String HEIGHT="29.480314960629922" WIDTH="101.76377952755905" VPOS="1027.5590551181103" HPOS="599.2440944881889" CONTENT="mettre" ID="tl_38_10" STYLEREFS="FONT0"/>
            <SP HEIGHT="29.480314960629922" WIDTH="10.204724409448819" VPOS="1027.5590551181103" HPOS="701.007874015748"/>
            <String HEIGHT="29.480314960629922" WIDTH="71.14960629921259" VPOS="1027.5590551181103" HPOS="670.6771653543307" CONTENT="«en" ID="tl_38_11" STYLEREFS="FONT0"/>
            <SP HEIGHT="29.480314960629922" WIDTH="10.204724409448819" VPOS="1027.5590551181103" HPOS="741.8267716535433"/>
            <String HEIGHT="29.480314960629922" WIDTH="101.76377952755905" VPOS="1027.5590551181103" HPOS="711.2125984251968" CONTENT="figure" ID="tl_38_12" STYLEREFS="FONT0"/>
            <SP HEIGHT="29.480314960629922" WIDTH="10.204724409448819" VPOS="1027.5590551181103" HPOS="812.9763779527559"/>
            <String HEIGHT="29.480314960629922" WIDTH="91.55905511811024" VPOS="1027.5590551181103" HPOS="782.6456692913385" CONTENT="d’âne" ID="tl_38_13" STYLEREFS="FONT0"/>
            <SP HEIGHT="29.480314960629922" WIDTH="10.204724409448819" VPOS="1027.5590551181103" HPOS="874.2047244094488"/>
            <String HEIGHT="29.480314960629922" WIDTH="40.818897637795274" VPOS="1027.5590551181103" HPOS="833.3858267716536" CONTENT="et" ID="tl_38_14" STYLEREFS="FONT0"/>
          </TextLine>
          <TextLine ID="tl_39" BASELINE="3799" HEIGHT="30.04724409448819" WIDTH="775.2755905511812" VPOS="1046.8346456692914" HPOS="98.07874015748031">
            <String HEIGHT="30.04724409448819" WIDTH="67.46456692913385" VPOS="1046.8346456692914" HPOS="86.74015748031496" CONTENT="de" ID="tl_39_1" STYLEREFS="FONT0"/>
            <SP HEIGHT="30.04724409448819" WIDTH="11.338582677165354" VPOS="1046.8346456692914" HPOS="154.20472440944883"/>
            <String HEIGHT="30.04724409448819" WIDTH="134.9291338582677" VPOS="1046.8346456692914" HPOS="120.4724409448819" CONTENT="menteur." ID="tl_39_2" STYLEREFS="FONT0"/>
            <SP HEIGHT="30.04724409448819" WIDTH="11.338582677165354" VPOS="1046.8346456692914" HPOS="255.4015748031496"/>
            <String HEIGHT="30.04724409448819" WIDTH="67.46456692913385" VPOS="1046.8346456692914" HPOS="221.66929133858267" CONTENT="On" ID="tl_39_3" STYLEREFS="FONT0"/>
            <SP HEIGHT="30.04724409448819" WIDTH="11.338582677165354" VPOS="1046.8346456692914" HPOS="289.13385826771656"/>
            <String HEIGHT="30.04724409448819" WIDTH="134.9291338582677" VPOS="1046.8346456692914" HPOS="255.4015748031496" CONTENT="regrette" ID="tl_39_4" STYLEREFS="FONT0"/>
            <SP HEIGHT="30.04724409448819" WIDTH="11.338582677165354" VPOS="1046.8346456692914" HPOS="390.3307086614173"/>
            <String HEIGHT="30.04724409448819" WIDTH="89.85826771653544" VPOS="1046.8346456692914" HPOS="356.59842519685037" CONTENT="bien" ID="tl_39_5" STYLEREFS="FONT0"/>
            <SP HEIGHT="30.04724409448819" WIDTH="11.338582677165354" VPOS="1046.8346456692914" HPOS="446.45669291338584"/>
            <String HEIGHT="30.04724409448819" WIDTH="67.46456692913385" VPOS="1046.8346456692914" HPOS="412.7244094488189" CONTENT="de" ID="tl_39_6" STYLEREFS="FONT0"/>
            <SP HEIGHT="30.04724409448819" WIDTH="11.338582677165354" VPOS="1046.8346456692914" HPOS="480.18897637795277"/>
            <String HEIGHT="30.04724409448819" WIDTH="123.59055118110236" VPOS="1046.8346456692914" HPOS="446.45669291338584" CONTENT="n’avoir" ID="tl_39_7" STYLEREFS="FONT0"/>
            <SP HEIGHT="30.04724409448819" WIDTH="11.338582677165354" VPOS="1046.8346456692914" HPOS="570.0472440944882"/>
            <String HEIGHT="30.04724409448819" WIDTH="67.46456692913385" VPOS="1046.8346456692914" HPOS="536.3149606299213" CONTENT="pu" ID="tl_39_8" STYLEREFS="FONT0"/>
            <SP HEIGHT="30.04724409448819" WIDTH="11.338582677165354" VPOS="1046.8346456692914" HPOS="603.7795275590552"/>
            <String HEIGHT="30.04724409448819" WIDTH="89.85826771653544" VPOS="1046.8346456692914" HPOS="570.0472440944882" CONTENT="vous" ID="tl_39_9" STYLEREFS="FONT0"/>
            <SP HEIGHT="30.04724409448819" WIDTH="11.338582677165354" VPOS="1046.8346456692914" HPOS="659.9055118110236"/>
            <String HEIGHT="30.04724409448819" WIDTH="145.98425196850394" VPOS="1046.8346456692914" HPOS="626.1732283464567" CONTENT="entendre," ID="tl_39_10" STYLEREFS="FONT0"/>
            <SP HEIGHT="30.04724409448819" WIDTH="11.338582677165354" VPOS="1046.8346456692914" HPOS="772.1574803149606"/>
            <String HEIGHT="30.04724409448819" WIDTH="78.51968503937007" VPOS="1046.8346456692914" HPOS="738.4251968503937" CONTENT="une" ID="tl_39_11" STYLEREFS="FONT0"/>
            <SP HEIGHT="30.04724409448819" WIDTH="11.338582677165354" VPOS="1046.8346456692914" HPOS="817.2283464566929"/>
            <String HEIGHT="30.04724409448819" WIDTH="89.85826771653544" VPOS="1046.8346456692914" HPOS="783.496062992126" CONTENT="fois" ID="tl_39_12" STYLEREFS="FONT0"/>
            <SP HEIGHT="30.04724409448819" WIDTH="11.338582677165354" VPOS="1046.8346456692914" HPOS="873.3543307086615"/>
            <String HEIGHT="30.04724409448819" WIDTH="45.07086614173228" VPOS="1046.8346456692914" HPOS="828.2834645669292" CONTENT="au" ID="tl_39_13" STYLEREFS="FONT0"/>
          </TextLine>
          <TextLine ID="tl_40" BASELINE="3865" HEIGHT="24.094488188976378" WIDTH="444.4724409448819" VPOS="1071.4960629921259" HPOS="100.06299212598425">
            <String HEIGHT="24.094488188976378" WIDTH="103.46456692913385" VPOS="1071.4960629921259" HPOS="89.85826771653544" CONTENT="moins," ID="tl_40_1" STYLEREFS="FONT0"/>
            <SP HEIGHT="24.094488188976378" WIDTH="10.204724409448819" VPOS="1071.4960629921259" HPOS="193.03937007874015"/>
            <String HEIGHT="24.094488188976378" WIDTH="72.28346456692914" VPOS="1071.4960629921259" HPOS="162.14173228346456" CONTENT="sur" ID="tl_40_2" STYLEREFS="FONT0"/>
            <SP HEIGHT="24.094488188976378" WIDTH="10.204724409448819" VPOS="1071.4960629921259" HPOS="234.4251968503937"/>
            <String HEIGHT="24.094488188976378" WIDTH="72.28346456692914" VPOS="1071.4960629921259" HPOS="203.5275590551181" CONTENT="cet" ID="tl_40_3" STYLEREFS="FONT0"/>
            <SP HEIGHT="24.094488188976378" WIDTH="10.204724409448819" VPOS="1071.4960629921259" HPOS="275.81102362204723"/>
            <String HEIGHT="24.094488188976378" WIDTH="113.66929133858268" VPOS="1071.4960629921259" HPOS="244.91338582677164" CONTENT="affreux" ID="tl_40_4" STYLEREFS="FONT0"/>
            <SP HEIGHT="24.094488188976378" WIDTH="10.204724409448819" VPOS="1071.4960629921259" HPOS="358.5826771653543"/>
            <String HEIGHT="24.094488188976378" WIDTH="92.97637795275591" VPOS="1071.4960629921259" HPOS="327.40157480314963" CONTENT="petit" ID="tl_40_5" STYLEREFS="FONT0"/>
            <SP HEIGHT="24.094488188976378" WIDTH="10.204724409448819" VPOS="1071.4960629921259" HPOS="420.37795275590554"/>
            <String HEIGHT="24.094488188976378" WIDTH="165.25984251968504" VPOS="1071.4960629921259" HPOS="379.2755905511811" CONTENT="bonapartiste.»" ID="tl_40_6" STYLEREFS="FONT0"/>
          </TextLine>
        </TextBlock>
        <TextBlock ID="r_2_12" HEIGHT="66.33070866141732" WIDTH="851.8110236220473" VPOS="1104.0944881889764" HPOS="20.409448818897637">
          <TextLine ID="tl_41" BASELINE="4034" HEIGHT="39.118110236220474" WIDTH="851.2440944881889" VPOS="1104.3779527559054" HPOS="20.69291338582677">
            <String HEIGHT="39.118110236220474" WIDTH="144.28346456692913" VPOS="1104.3779527559054" HPOS="6.2362204724409445" CONTENT="43489." ID="tl_41_1" STYLEREFS="FONT0"/>
            <SP HEIGHT="39.118110236220474" WIDTH="14.456692913385826" VPOS="1104.3779527559054" HPOS="150.51968503937007"/>
            <String HEIGHT="39.118110236220474" WIDTH="173.1968503937008" VPOS="1104.3779527559054" HPOS="107.14960629921259" CONTENT="CHARTRAN" ID="tl_41_2" STYLEREFS="FONT0"/>
            <SP HEIGHT="39.118110236220474" WIDTH="14.456692913385826" VPOS="1104.3779527559054" HPOS="280.34645669291336"/>
            <String HEIGHT="39.118110236220474" WIDTH="216.28346456692913" VPOS="1104.3779527559054" HPOS="236.9763779527559" CONTENT="(Théobald)," ID="tl_41_3" STYLEREFS="FONT0"/>
            <SP HEIGHT="39.118110236220474" WIDTH="14.456692913385826" VPOS="1104.3779527559054" HPOS="453.54330708661416"/>
            <String HEIGHT="39.118110236220474" WIDTH="158.74015748031496" VPOS="1104.3779527559054" HPOS="410.1732283464567" CONTENT="célèbre" ID="tl_41_4" STYLEREFS="FONT0"/>
            <SP HEIGHT="39.118110236220474" WIDTH="14.456692913385826" VPOS="1104.3779527559054" HPOS="568.9133858267717"/>
            <String HEIGHT="39.118110236220474" WIDTH="158.74015748031496" VPOS="1104.3779527559054" HPOS="525.5433070866142" CONTENT="peintre" ID="tl_41_5" STYLEREFS="FONT0"/>
            <SP HEIGHT="39.118110236220474" WIDTH="14.456692913385826" VPOS="1104.3779527559054" HPOS="684.2834645669292"/>
            <String HEIGHT="39.118110236220474" WIDTH="245.1968503937008" VPOS="1104.3779527559054" HPOS="641.1968503937007" CONTENT="contemporain." ID="tl_41_6" STYLEREFS="FONT0"/>
            <SP HEIGHT="39.118110236220474" WIDTH="14.456692913385826" VPOS="1104.3779527559054" HPOS="886.3937007874016"/>
            <String HEIGHT="39.118110236220474" WIDTH="43.37007874015748" VPOS="1104.3779527559054" HPOS="828.5669291338583" CONTENT="—" ID="tl_41_7" STYLEREFS="FONT0"/>
          </TextLine>
          <TextLine ID="tl_42" BASELINE="4128" HEIGHT="39.40157480314961" WIDTH="745.511811023622" VPOS="1130.740157480315" HPOS="126.4251968503937">
            <String HEIGHT="39.40157480314961" WIDTH="186.51968503937007" VPOS="1130.740157480315" HPOS="95.24409448818898" CONTENT="L." ID="tl_42_1" STYLEREFS="FONT0"/>
            <SP HEIGHT="39.40157480314961" WIDTH="31.181102362204726" VPOS="1130.740157480315" HPOS="281.76377952755905"/>
            <String HEIGHT="39.40157480314961" WIDTH="186.51968503937007" VPOS="1130.740157480315" HPOS="188.50393700787401" CONTENT="a." ID="tl_42_2" STYLEREFS="FONT0"/>
            <SP HEIGHT="39.40157480314961" WIDTH="31.181102362204726" VPOS="1130.740157480315" HPOS="375.0236220472441"/>
            <String HEIGHT="39.40157480314961" WIDTH="217.41732283464566" VPOS="1130.740157480315" HPOS="281.76377952755905" CONTENT="s.;" ID="tl_42_3" STYLEREFS="FONT0"/>
            <SP HEIGHT="39.40157480314961" WIDTH="31.181102362204726" VPOS="1130.740157480315" HPOS="499.18110236220474"/>
            <String HEIGHT="39.40157480314961" WIDTH="155.33858267716536" VPOS="1130.740157480315" HPOS="405.9212598425197" CONTENT="1" ID="tl_42_4" STYLEREFS="FONT0"/>
            <SP HEIGHT="39.40157480314961" WIDTH="31.181102362204726" VPOS="1130.740157480315" HPOS="561.2598425196851"/>
            <String HEIGHT="39.40157480314961" WIDTH="186.51968503937007" VPOS="1130.740157480315" HPOS="468.0" CONTENT="p." ID="tl_42_5" STYLEREFS="FONT0"/>
            <SP HEIGHT="39.40157480314961" WIDTH="31.181102362204726" VPOS="1130.740157480315" HPOS="654.5196850393701"/>
            <String HEIGHT="39.40157480314961" WIDTH="279.496062992126" VPOS="1130.740157480315" HPOS="561.2598425196851" CONTENT="in-4." ID="tl_42_6" STYLEREFS="FONT0"/>
            <SP HEIGHT="39.40157480314961" WIDTH="31.181102362204726" VPOS="1130.740157480315" HPOS="840.7559055118111"/>
            <String HEIGHT="39.40157480314961" WIDTH="155.33858267716536" VPOS="1130.740157480315" HPOS="747.7795275590552" CONTENT="5" ID="tl_42_7" STYLEREFS="FONT0"/>
            <SP HEIGHT="39.40157480314961" WIDTH="31.181102362204726" VPOS="1130.740157480315" HPOS="903.1181102362204"/>
            <String HEIGHT="39.40157480314961" WIDTH="93.25984251968504" VPOS="1130.740157480315" HPOS="778.6771653543307" CONTENT="»" ID="tl_42_8" STYLEREFS="FONT0"/>
          </TextLine>
        </TextBlock>
        <TextBlock ID="r_2_13" HEIGHT="115.93700787401575" WIDTH="854.6456692913385" VPOS="1174.1102362204724" HPOS="19.559055118110237">
          <TextLine ID="tl_43" BASELINE="4288" HEIGHT="41.10236220472441" WIDTH="854.0787401574803" VPOS="1174.3937007874015" HPOS="19.84251968503937">
            <String HEIGHT="41.10236220472441" WIDTH="137.76377952755905" VPOS="1174.3937007874015" HPOS="5.952755905511811" CONTENT="43490." ID="tl_43_1" STYLEREFS="FONT0"/>
            <SP HEIGHT="41.10236220472441" WIDTH="13.88976377952756" VPOS="1174.3937007874015" HPOS="143.71653543307087"/>
            <String HEIGHT="41.10236220472441" WIDTH="248.03149606299212" VPOS="1174.3937007874015" HPOS="102.61417322834646" CONTENT="CHAUDES-AIGUES" ID="tl_43_2" STYLEREFS="FONT0"/>
            <SP HEIGHT="41.10236220472441" WIDTH="13.88976377952756" VPOS="1174.3937007874015" HPOS="350.3622047244094"/>
            <String HEIGHT="41.10236220472441" WIDTH="192.75590551181102" VPOS="1174.3937007874015" HPOS="309.25984251968504" CONTENT="(Jacques)," ID="tl_43_3" STYLEREFS="FONT0"/>
            <SP HEIGHT="41.10236220472441" WIDTH="13.88976377952756" VPOS="1174.3937007874015" HPOS="502.01574803149606"/>
            <String HEIGHT="41.10236220472441" WIDTH="206.64566929133858" VPOS="1174.3937007874015" HPOS="460.62992125984255" CONTENT="littérateur" ID="tl_43_4" STYLEREFS="FONT0"/>
            <SP HEIGHT="41.10236220472441" WIDTH="13.88976377952756" VPOS="1174.3937007874015" HPOS="667.2755905511812"/>
            <String HEIGHT="41.10236220472441" WIDTH="82.77165354330708" VPOS="1174.3937007874015" HPOS="625.8897637795276" CONTENT="et" ID="tl_43_5" STYLEREFS="FONT0"/>
            <SP HEIGHT="41.10236220472441" WIDTH="13.88976377952756" VPOS="1174.3937007874015" HPOS="708.6614173228346"/>
            <String HEIGHT="41.10236220472441" WIDTH="179.1496062992126" VPOS="1174.3937007874015" HPOS="667.2755905511812" CONTENT="critique," ID="tl_43_6" STYLEREFS="FONT0"/>
            <SP HEIGHT="41.10236220472441" WIDTH="13.88976377952756" VPOS="1174.3937007874015" HPOS="846.4251968503937"/>
            <String HEIGHT="41.10236220472441" WIDTH="82.77165354330708" VPOS="1174.3937007874015" HPOS="791.1496062992126" CONTENT="dont" ID="tl_43_7" STYLEREFS="FONT0"/>
          </TextLine>
          <TextLine ID="tl_44" BASELINE="4382" HEIGHT="41.669291338582674" WIDTH="748.3464566929134" VPOS="1200.4724409448818" HPOS="125.00787401574803">
            <String HEIGHT="41.669291338582674" WIDTH="95.24409448818898" VPOS="1200.4724409448818" HPOS="111.4015748031496" CONTENT="les" ID="tl_44_1" STYLEREFS="FONT0"/>
            <SP HEIGHT="41.669291338582674" WIDTH="13.606299212598426" VPOS="1200.4724409448818" HPOS="206.64566929133858"/>
            <String HEIGHT="41.669291338582674" WIDTH="163.2755905511811" VPOS="1200.4724409448818" HPOS="165.82677165354332" CONTENT="ouvrages" ID="tl_44_2" STYLEREFS="FONT0"/>
            <SP HEIGHT="41.669291338582674" WIDTH="13.606299212598426" VPOS="1200.4724409448818" HPOS="329.1023622047244"/>
            <String HEIGHT="41.669291338582674" WIDTH="108.85039370078741" VPOS="1200.4724409448818" HPOS="288.2834645669291" CONTENT="sont" ID="tl_44_3" STYLEREFS="FONT0"/>
            <SP HEIGHT="41.669291338582674" WIDTH="13.606299212598426" VPOS="1200.4724409448818" HPOS="397.13385826771656"/>
            <String HEIGHT="41.669291338582674" WIDTH="190.48818897637796" VPOS="1200.4724409448818" HPOS="356.31496062992125" CONTENT="recherchés" ID="tl_44_4" STYLEREFS="FONT0"/>
            <SP HEIGHT="41.669291338582674" WIDTH="13.606299212598426" VPOS="1200.4724409448818" HPOS="546.8031496062993"/>
            <String HEIGHT="41.669291338582674" WIDTH="95.24409448818898" VPOS="1200.4724409448818" HPOS="505.98425196850394" CONTENT="par" ID="tl_44_5" STYLEREFS="FONT0"/>
            <SP HEIGHT="41.669291338582674" WIDTH="13.606299212598426" VPOS="1200.4724409448818" HPOS="601.2283464566929"/>
            <String HEIGHT="41.669291338582674" WIDTH="95.24409448818898" VPOS="1200.4724409448818" HPOS="560.4094488188977" CONTENT="les" ID="tl_44_6" STYLEREFS="FONT0"/>
            <SP HEIGHT="41.669291338582674" WIDTH="13.606299212598426" VPOS="1200.4724409448818" HPOS="655.6535433070866"/>
            <String HEIGHT="41.669291338582674" WIDTH="231.30708661417322" VPOS="1200.4724409448818" HPOS="614.8346456692914" CONTENT="bibliophiles," ID="tl_44_7" STYLEREFS="FONT0"/>
            <SP HEIGHT="41.669291338582674" WIDTH="13.606299212598426" VPOS="1200.4724409448818" HPOS="846.1417322834645"/>
            <String HEIGHT="41.669291338582674" WIDTH="81.63779527559055" VPOS="1200.4724409448818" HPOS="805.3228346456693" CONTENT="né" ID="tl_44_8" STYLEREFS="FONT0"/>
            <SP HEIGHT="41.669291338582674" WIDTH="13.606299212598426" VPOS="1200.4724409448818" HPOS="886.9606299212599"/>
            <String HEIGHT="41.669291338582674" WIDTH="40.818897637795274" VPOS="1200.4724409448818" HPOS="832.5354330708661" CONTENT="à" ID="tl_44_9" STYLEREFS="FONT0"/>
          </TextLine>
          <TextLine ID="tl_45" BASELINE="4478" HEIGHT="43.37007874015748" WIDTH="745.511811023622" VPOS="1225.984251968504" HPOS="126.70866141732283">
            <String HEIGHT="43.37007874015748" WIDTH="141.4488188976378" VPOS="1225.984251968504" HPOS="113.95275590551181" CONTENT="Sauthia" ID="tl_45_1" STYLEREFS="FONT0"/>
            <SP HEIGHT="43.37007874015748" WIDTH="12.755905511811024" VPOS="1225.984251968504" HPOS="255.11811023622047"/>
            <String HEIGHT="43.37007874015748" WIDTH="180.0" VPOS="1225.984251968504" HPOS="216.56692913385828" CONTENT="(Piémont)." ID="tl_45_2" STYLEREFS="FONT0"/>
            <SP HEIGHT="43.37007874015748" WIDTH="12.755905511811024" VPOS="1225.984251968504" HPOS="396.56692913385825"/>
            <String HEIGHT="43.37007874015748" WIDTH="64.34645669291339" VPOS="1225.984251968504" HPOS="358.01574803149606" CONTENT="—" ID="tl_45_3" STYLEREFS="FONT0"/>
            <SP HEIGHT="43.37007874015748" WIDTH="12.755905511811024" VPOS="1225.984251968504" HPOS="422.3622047244094"/>
            <String HEIGHT="43.37007874015748" WIDTH="77.10236220472441" VPOS="1225.984251968504" HPOS="383.81102362204723" CONTENT="L." ID="tl_45_4" STYLEREFS="FONT0"/>
            <SP HEIGHT="43.37007874015748" WIDTH="12.755905511811024" VPOS="1225.984251968504" HPOS="460.9133858267717"/>
            <String HEIGHT="43.37007874015748" WIDTH="77.10236220472441" VPOS="1225.984251968504" HPOS="422.3622047244094" CONTENT="a." ID="tl_45_5" STYLEREFS="FONT0"/>
            <SP HEIGHT="43.37007874015748" WIDTH="12.755905511811024" VPOS="1225.984251968504" HPOS="499.46456692913387"/>
            <String HEIGHT="43.37007874015748" WIDTH="77.10236220472441" VPOS="1225.984251968504" HPOS="460.9133858267717" CONTENT="s." ID="tl_45_6" STYLEREFS="FONT0"/>
            <SP HEIGHT="43.37007874015748" WIDTH="12.755905511811024" VPOS="1225.984251968504" HPOS="538.0157480314961"/>
            <String HEIGHT="43.37007874015748" WIDTH="64.34645669291339" VPOS="1225.984251968504" HPOS="499.46456692913387" CONTENT="à" ID="tl_45_7" STYLEREFS="FONT0"/>
            <SP HEIGHT="43.37007874015748" WIDTH="12.755905511811024" VPOS="1225.984251968504" HPOS="563.8110236220473"/>
            <String HEIGHT="43.37007874015748" WIDTH="77.10236220472441" VPOS="1225.984251968504" HPOS="525.2598425196851" CONTENT="M." ID="tl_45_8" STYLEREFS="FONT0"/>
            <SP HEIGHT="43.37007874015748" WIDTH="12.755905511811024" VPOS="1225.984251968504" HPOS="602.3622047244095"/>
            <String HEIGHT="43.37007874015748" WIDTH="77.10236220472441" VPOS="1225.984251968504" HPOS="563.8110236220473" CONTENT="de" ID="tl_45_9" STYLEREFS="FONT0"/>
            <SP HEIGHT="43.37007874015748" WIDTH="12.755905511811024" VPOS="1225.984251968504" HPOS="640.9133858267717"/>
            <String HEIGHT="43.37007874015748" WIDTH="154.20472440944883" VPOS="1225.984251968504" HPOS="602.3622047244095" CONTENT="Béthune," ID="tl_45_10" STYLEREFS="FONT0"/>
            <SP HEIGHT="43.37007874015748" WIDTH="12.755905511811024" VPOS="1225.984251968504" HPOS="756.5669291338583"/>
            <String HEIGHT="43.37007874015748" WIDTH="64.34645669291339" VPOS="1225.984251968504" HPOS="718.0157480314961" CONTENT="1" ID="tl_45_11" STYLEREFS="FONT0"/>
            <SP HEIGHT="43.37007874015748" WIDTH="12.755905511811024" VPOS="1225.984251968504" HPOS="782.3622047244095"/>
            <String HEIGHT="43.37007874015748" WIDTH="77.10236220472441" VPOS="1225.984251968504" HPOS="743.8110236220473" CONTENT="p." ID="tl_45_12" STYLEREFS="FONT0"/>
            <SP HEIGHT="43.37007874015748" WIDTH="12.755905511811024" VPOS="1225.984251968504" HPOS="820.9133858267717"/>
            <String HEIGHT="43.37007874015748" WIDTH="102.89763779527559" VPOS="1225.984251968504" HPOS="769.3228346456693" CONTENT="in" ID="tl_45_13" STYLEREFS="FONT0"/>
          </TextLine>
          <TextLine ID="tl_46" BASELINE="4550" HEIGHT="36.8503937007874" WIDTH="747.496062992126" VPOS="1252.9133858267717" HPOS="125.5748031496063">
            <String HEIGHT="36.8503937007874" WIDTH="747.496062992126" VPOS="1252.9133858267717" HPOS="78.80314960629921" CONTENT="Rare." ID="tl_46_1" STYLEREFS="FONT2"/>
            <SP HEIGHT="36.8503937007874" WIDTH="46.77165354330709" VPOS="1252.9133858267717" HPOS="826.2992125984252"/>
            <String HEIGHT="36.8503937007874" WIDTH="233.5748031496063" VPOS="1252.9133858267717" HPOS="686.2677165354331" CONTENT="5" ID="tl_46_2" STYLEREFS="FONT0"/>
            <SP HEIGHT="36.8503937007874" WIDTH="46.77165354330709" VPOS="1252.9133858267717" HPOS="919.8425196850394"/>
            <String HEIGHT="36.8503937007874" WIDTH="140.03149606299212" VPOS="1252.9133858267717" HPOS="733.0393700787401" CONTENT="»" ID="tl_46_3" STYLEREFS="FONT0"/>
          </TextLine>
        </TextBlock>
        <TextBlock ID="r_2_14" HEIGHT="103.18110236220473" WIDTH="856.6299212598425" VPOS="1293.4488188976377" HPOS="18.992125984251967">
          <TextLine ID="tl_47" BASELINE="4733" HEIGHT="47.90551181102362" WIDTH="855.7795275590552" VPOS="1293.732283464567" HPOS="19.275590551181104">
            <String HEIGHT="47.90551181102362" WIDTH="140.31496062992127" VPOS="1293.732283464567" HPOS="5.3858267716535435" CONTENT="43491." ID="tl_47_1" STYLEREFS="FONT0"/>
            <SP HEIGHT="47.90551181102362" WIDTH="13.88976377952756" VPOS="1293.732283464567" HPOS="145.41732283464566"/>
            <String HEIGHT="47.90551181102362" WIDTH="196.44094488188978" VPOS="1293.732283464567" HPOS="103.46456692913385" CONTENT="CHÊNEDOLLÉ" ID="tl_47_2" STYLEREFS="FONT0"/>
            <SP HEIGHT="47.90551181102362" WIDTH="13.88976377952756" VPOS="1293.732283464567" HPOS="299.90551181102364"/>
            <String HEIGHT="47.90551181102362" WIDTH="266.45669291338584" VPOS="1293.732283464567" HPOS="257.6692913385827" CONTENT="(Charles-Julien" ID="tl_47_3" STYLEREFS="FONT0"/>
            <SP HEIGHT="47.90551181102362" WIDTH="13.88976377952756" VPOS="1293.732283464567" HPOS="524.4094488188977"/>
            <String HEIGHT="47.90551181102362" WIDTH="126.14173228346456" VPOS="1293.732283464567" HPOS="482.1732283464567" CONTENT="LIOUT" ID="tl_47_4" STYLEREFS="FONT0"/>
            <SP HEIGHT="47.90551181102362" WIDTH="13.88976377952756" VPOS="1293.732283464567" HPOS="608.5984251968504"/>
            <String HEIGHT="47.90551181102362" WIDTH="112.25196850393701" VPOS="1293.732283464567" HPOS="566.3622047244095" CONTENT="de)," ID="tl_47_5" STYLEREFS="FONT0"/>
            <SP HEIGHT="47.90551181102362" WIDTH="13.88976377952756" VPOS="1293.732283464567" HPOS="678.6141732283464"/>
            <String HEIGHT="47.90551181102362" WIDTH="140.31496062992127" VPOS="1293.732283464567" HPOS="636.6614173228346" CONTENT="poète," ID="tl_47_6" STYLEREFS="FONT0"/>
            <SP HEIGHT="47.90551181102362" WIDTH="13.88976377952756" VPOS="1293.732283464567" HPOS="776.9763779527559"/>
            <String HEIGHT="47.90551181102362" WIDTH="140.31496062992127" VPOS="1293.732283464567" HPOS="734.7401574803149" CONTENT="auteur" ID="tl_47_7" STYLEREFS="FONT0"/>
            <SP HEIGHT="47.90551181102362" WIDTH="13.88976377952756" VPOS="1293.732283464567" HPOS="875.0551181102362"/>
            <String HEIGHT="47.90551181102362" WIDTH="56.125984251968504" VPOS="1293.732283464567" HPOS="818.9291338582677" CONTENT="du" ID="tl_47_8" STYLEREFS="FONT0"/>
          </TextLine>
          <TextLine ID="tl_48" BASELINE="4826" HEIGHT="43.37007874015748" WIDTH="748.9133858267717" VPOS="1324.6299212598426" HPOS="125.85826771653544">
            <String HEIGHT="43.37007874015748" WIDTH="140.31496062992127" VPOS="1324.6299212598426" HPOS="114.23622047244095" CONTENT="Génie" ID="tl_48_1" STYLEREFS="FONT2"/>
            <SP HEIGHT="43.37007874015748" WIDTH="11.622047244094489" VPOS="1324.6299212598426" HPOS="254.5511811023622"/>
            <String HEIGHT="43.37007874015748" WIDTH="70.2992125984252" VPOS="1324.6299212598426" HPOS="219.4015748031496" CONTENT="de" ID="tl_48_2" STYLEREFS="FONT2"/>
            <SP HEIGHT="43.37007874015748" WIDTH="11.622047244094489" VPOS="1324.6299212598426" HPOS="289.7007874015748"/>
            <String HEIGHT="43.37007874015748" WIDTH="187.37007874015748" VPOS="1324.6299212598426" HPOS="254.5511811023622" CONTENT="l’homme," ID="tl_48_3" STYLEREFS="FONT2"/>
            <SP HEIGHT="43.37007874015748" WIDTH="11.622047244094489" VPOS="1324.6299212598426" HPOS="441.9212598425197"/>
            <String HEIGHT="43.37007874015748" WIDTH="70.2992125984252" VPOS="1324.6299212598426" HPOS="406.7716535433071" CONTENT="né" ID="tl_48_4" STYLEREFS="FONT0"/>
            <SP HEIGHT="43.37007874015748" WIDTH="11.622047244094489" VPOS="1324.6299212598426" HPOS="476.78740157480314"/>
            <String HEIGHT="43.37007874015748" WIDTH="58.39370078740158" VPOS="1324.6299212598426" HPOS="441.9212598425197" CONTENT="à" ID="tl_48_5" STYLEREFS="FONT0"/>
            <SP HEIGHT="43.37007874015748" WIDTH="11.622047244094489" VPOS="1324.6299212598426" HPOS="500.31496062992125"/>
            <String HEIGHT="43.37007874015748" WIDTH="105.44881889763779" VPOS="1324.6299212598426" HPOS="465.1653543307087" CONTENT="Vire." ID="tl_48_6" STYLEREFS="FONT0"/>
            <SP HEIGHT="43.37007874015748" WIDTH="11.622047244094489" VPOS="1324.6299212598426" HPOS="570.6141732283464"/>
            <String HEIGHT="43.37007874015748" WIDTH="58.39370078740158" VPOS="1324.6299212598426" HPOS="535.4645669291339" CONTENT="—" ID="tl_48_7" STYLEREFS="FONT0"/>
            <SP HEIGHT="43.37007874015748" WIDTH="11.622047244094489" VPOS="1324.6299212598426" HPOS="593.8582677165355"/>
            <String HEIGHT="43.37007874015748" WIDTH="70.2992125984252" VPOS="1324.6299212598426" HPOS="558.7086614173228" CONTENT="L." ID="tl_48_8" STYLEREFS="FONT0"/>
            <SP HEIGHT="43.37007874015748" WIDTH="11.622047244094489" VPOS="1324.6299212598426" HPOS="629.007874015748"/>
            <String HEIGHT="43.37007874015748" WIDTH="70.2992125984252" VPOS="1324.6299212598426" HPOS="593.8582677165355" CONTENT="a." ID="tl_48_9" STYLEREFS="FONT0"/>
            <SP HEIGHT="43.37007874015748" WIDTH="11.622047244094489" VPOS="1324.6299212598426" HPOS="664.1574803149606"/>
            <String HEIGHT="43.37007874015748" WIDTH="70.2992125984252" VPOS="1324.6299212598426" HPOS="629.007874015748" CONTENT="s." ID="tl_48_10" STYLEREFS="FONT0"/>
            <SP HEIGHT="43.37007874015748" WIDTH="11.622047244094489" VPOS="1324.6299212598426" HPOS="699.3070866141733"/>
            <String HEIGHT="43.37007874015748" WIDTH="58.39370078740158" VPOS="1324.6299212598426" HPOS="664.1574803149606" CONTENT="à" ID="tl_48_11" STYLEREFS="FONT0"/>
            <SP HEIGHT="43.37007874015748" WIDTH="11.622047244094489" VPOS="1324.6299212598426" HPOS="722.5511811023622"/>
            <String HEIGHT="43.37007874015748" WIDTH="128.69291338582678" VPOS="1324.6299212598426" HPOS="687.6850393700787" CONTENT="Choron;" ID="tl_48_12" STYLEREFS="FONT0"/>
            <SP HEIGHT="43.37007874015748" WIDTH="11.622047244094489" VPOS="1324.6299212598426" HPOS="816.3779527559055"/>
            <String HEIGHT="43.37007874015748" WIDTH="105.44881889763779" VPOS="1324.6299212598426" HPOS="769.3228346456693" CONTENT="(Vire)," ID="tl_48_13" STYLEREFS="FONT0"/>
          </TextLine>
          <TextLine ID="tl_49" BASELINE="4926" HEIGHT="45.07086614173228" WIDTH="750.3307086614174" VPOS="1351.275590551181" HPOS="125.00787401574803">
            <String HEIGHT="45.07086614173228" WIDTH="117.35433070866142" VPOS="1351.275590551181" HPOS="101.48031496062993" CONTENT="3" ID="tl_49_1" STYLEREFS="FONT0"/>
            <SP HEIGHT="45.07086614173228" WIDTH="23.52755905511811" VPOS="1351.275590551181" HPOS="218.83464566929135"/>
            <String HEIGHT="45.07086614173228" WIDTH="281.4803149606299" VPOS="1351.275590551181" HPOS="148.53543307086613" CONTENT="novembre" ID="tl_49_2" STYLEREFS="FONT0"/>
            <SP HEIGHT="45.07086614173228" WIDTH="23.52755905511811" VPOS="1351.275590551181" HPOS="429.73228346456693"/>
            <String HEIGHT="45.07086614173228" WIDTH="210.89763779527559" VPOS="1351.275590551181" HPOS="359.43307086614175" CONTENT="1809," ID="tl_49_3" STYLEREFS="FONT0"/>
            <SP HEIGHT="45.07086614173228" WIDTH="23.52755905511811" VPOS="1351.275590551181" HPOS="570.6141732283464"/>
            <String HEIGHT="45.07086614173228" WIDTH="117.35433070866142" VPOS="1351.275590551181" HPOS="500.31496062992125" CONTENT="1" ID="tl_49_4" STYLEREFS="FONT0"/>
            <SP HEIGHT="45.07086614173228" WIDTH="23.52755905511811" VPOS="1351.275590551181" HPOS="617.3858267716536"/>
            <String HEIGHT="45.07086614173228" WIDTH="140.5984251968504" VPOS="1351.275590551181" HPOS="547.0866141732283" CONTENT="p." ID="tl_49_5" STYLEREFS="FONT0"/>
            <SP HEIGHT="45.07086614173228" WIDTH="23.52755905511811" VPOS="1351.275590551181" HPOS="687.6850393700787"/>
            <String HEIGHT="45.07086614173228" WIDTH="210.89763779527559" VPOS="1351.275590551181" HPOS="617.3858267716536" CONTENT="in-8." ID="tl_49_6" STYLEREFS="FONT0"/>
            <SP HEIGHT="45.07086614173228" WIDTH="23.52755905511811" VPOS="1351.275590551181" HPOS="828.5669291338583"/>
            <String HEIGHT="45.07086614173228" WIDTH="140.5984251968504" VPOS="1351.275590551181" HPOS="757.9842519685039" CONTENT="10" ID="tl_49_7" STYLEREFS="FONT0"/>
            <SP HEIGHT="45.07086614173228" WIDTH="23.52755905511811" VPOS="1351.275590551181" HPOS="898.8661417322835"/>
            <String HEIGHT="45.07086614173228" WIDTH="70.2992125984252" VPOS="1351.275590551181" HPOS="805.0393700787401" CONTENT="»" ID="tl_49_8" STYLEREFS="FONT0"/>
          </TextLine>
        </TextBlock>
        <TextBlock ID="r_2_15" HEIGHT="79.37007874015748" WIDTH="779.5275590551181" VPOS="1396.3464566929133" HPOS="97.79527559055119">
          <TextLine ID="tl_50" BASELINE="5071" HEIGHT="40.818897637795274" WIDTH="758.5511811023622" VPOS="1396.6299212598426" HPOS="118.48818897637796">
            <String HEIGHT="40.818897637795274" WIDTH="105.44881889763779" VPOS="1396.6299212598426" HPOS="108.0" CONTENT="Choron" ID="tl_50_1" STYLEREFS="FONT0"/>
            <SP HEIGHT="40.818897637795274" WIDTH="10.488188976377952" VPOS="1396.6299212598426" HPOS="213.16535433070865"/>
            <String HEIGHT="40.818897637795274" WIDTH="73.7007874015748" VPOS="1396.6299212598426" HPOS="181.70078740157481" CONTENT="lui" ID="tl_50_2" STYLEREFS="FONT0"/>
            <SP HEIGHT="40.818897637795274" WIDTH="10.488188976377952" VPOS="1396.6299212598426" HPOS="255.4015748031496"/>
            <String HEIGHT="40.818897637795274" WIDTH="94.96062992125984" VPOS="1396.6299212598426" HPOS="223.93700787401573" CONTENT="ayant" ID="tl_50_3" STYLEREFS="FONT0"/>
            <SP HEIGHT="40.818897637795274" WIDTH="10.488188976377952" VPOS="1396.6299212598426" HPOS="318.61417322834643"/>
            <String HEIGHT="40.818897637795274" WIDTH="84.18897637795276" VPOS="1396.6299212598426" HPOS="287.1496062992126" CONTENT="fait" ID="tl_50_4" STYLEREFS="FONT0"/>
            <SP HEIGHT="40.818897637795274" WIDTH="10.488188976377952" VPOS="1396.6299212598426" HPOS="371.33858267716533"/>
            <String HEIGHT="40.818897637795274" WIDTH="136.91338582677164" VPOS="1396.6299212598426" HPOS="339.87401574803147" CONTENT="présenter" ID="tl_50_5" STYLEREFS="FONT0"/>
            <SP HEIGHT="40.818897637795274" WIDTH="10.488188976377952" VPOS="1396.6299212598426" HPOS="476.78740157480314"/>
            <String HEIGHT="40.818897637795274" WIDTH="73.7007874015748" VPOS="1396.6299212598426" HPOS="445.03937007874015" CONTENT="une" ID="tl_50_6" STYLEREFS="FONT0"/>
            <SP HEIGHT="40.818897637795274" WIDTH="10.488188976377952" VPOS="1396.6299212598426" HPOS="518.7401574803149"/>
            <String HEIGHT="40.818897637795274" WIDTH="105.44881889763779" VPOS="1396.6299212598426" HPOS="487.2755905511811" CONTENT="lettre" ID="tl_50_7" STYLEREFS="FONT0"/>
            <SP HEIGHT="40.818897637795274" WIDTH="10.488188976377952" VPOS="1396.6299212598426" HPOS="592.7244094488188"/>
            <String HEIGHT="40.818897637795274" WIDTH="63.21259842519685" VPOS="1396.6299212598426" HPOS="560.9763779527559" CONTENT="de" ID="tl_50_8" STYLEREFS="FONT0"/>
            <SP HEIGHT="40.818897637795274" WIDTH="10.488188976377952" VPOS="1396.6299212598426" HPOS="624.1889763779527"/>
            <String HEIGHT="40.818897637795274" WIDTH="105.44881889763779" VPOS="1396.6299212598426" HPOS="592.7244094488188" CONTENT="change" ID="tl_50_9" STYLEREFS="FONT0"/>
            <SP HEIGHT="40.818897637795274" WIDTH="10.488188976377952" VPOS="1396.6299212598426" HPOS="697.8897637795276"/>
            <String HEIGHT="40.818897637795274" WIDTH="84.18897637795276" VPOS="1396.6299212598426" HPOS="666.4251968503937" CONTENT="pour" ID="tl_50_10" STYLEREFS="FONT0"/>
            <SP HEIGHT="40.818897637795274" WIDTH="10.488188976377952" VPOS="1396.6299212598426" HPOS="750.6141732283464"/>
            <String HEIGHT="40.818897637795274" WIDTH="63.21259842519685" VPOS="1396.6299212598426" HPOS="719.1496062992126" CONTENT="se" ID="tl_50_11" STYLEREFS="FONT0"/>
            <SP HEIGHT="40.818897637795274" WIDTH="10.488188976377952" VPOS="1396.6299212598426" HPOS="782.3622047244095"/>
            <String HEIGHT="40.818897637795274" WIDTH="94.96062992125984" VPOS="1396.6299212598426" HPOS="750.6141732283464" CONTENT="faire" ID="tl_50_12" STYLEREFS="FONT0"/>
            <SP HEIGHT="40.818897637795274" WIDTH="10.488188976377952" VPOS="1396.6299212598426" HPOS="845.5748031496063"/>
            <String HEIGHT="40.818897637795274" WIDTH="73.7007874015748" VPOS="1396.6299212598426" HPOS="803.3385826771654" CONTENT="payer" ID="tl_50_13" STYLEREFS="FONT0"/>
          </TextLine>
          <TextLine ID="tl_51" BASELINE="5142" HEIGHT="42.23622047244095" WIDTH="778.1102362204724" VPOS="1415.3385826771653" HPOS="98.64566929133858">
            <String HEIGHT="42.23622047244095" WIDTH="95.81102362204724" VPOS="1415.3385826771653" HPOS="87.8740157480315" CONTENT="d’une" ID="tl_51_1" STYLEREFS="FONT0"/>
            <SP HEIGHT="42.23622047244095" WIDTH="10.771653543307087" VPOS="1415.3385826771653" HPOS="183.96850393700788"/>
            <String HEIGHT="42.23622047244095" WIDTH="106.58267716535433" VPOS="1415.3385826771653" HPOS="151.93700787401573" CONTENT="dette," ID="tl_51_2" STYLEREFS="FONT0"/>
            <SP HEIGHT="42.23622047244095" WIDTH="10.771653543307087" VPOS="1415.3385826771653" HPOS="258.5196850393701"/>
            <String HEIGHT="42.23622047244095" WIDTH="149.10236220472441" VPOS="1415.3385826771653" HPOS="226.48818897637796" CONTENT="Chênedollé" ID="tl_51_3" STYLEREFS="FONT0"/>
            <SP HEIGHT="42.23622047244095" WIDTH="10.771653543307087" VPOS="1415.3385826771653" HPOS="375.87401574803147"/>
            <String HEIGHT="42.23622047244095" WIDTH="74.55118110236221" VPOS="1415.3385826771653" HPOS="343.84251968503935" CONTENT="lui" ID="tl_51_4" STYLEREFS="FONT0"/>
            <SP HEIGHT="42.23622047244095" WIDTH="10.771653543307087" VPOS="1415.3385826771653" HPOS="418.3937007874016"/>
            <String HEIGHT="42.23622047244095" WIDTH="127.84251968503936" VPOS="1415.3385826771653" HPOS="386.3622047244094" CONTENT="témoigne" ID="tl_51_5" STYLEREFS="FONT0"/>
            <SP HEIGHT="42.23622047244095" WIDTH="10.771653543307087" VPOS="1415.3385826771653" HPOS="514.488188976378"/>
            <String HEIGHT="42.23622047244095" WIDTH="74.55118110236221" VPOS="1415.3385826771653" HPOS="482.45669291338584" CONTENT="son" ID="tl_51_6" STYLEREFS="FONT0"/>
            <SP HEIGHT="42.23622047244095" WIDTH="10.771653543307087" VPOS="1415.3385826771653" HPOS="557.007874015748"/>
            <String HEIGHT="42.23622047244095" WIDTH="149.10236220472441" VPOS="1415.3385826771653" HPOS="524.9763779527559" CONTENT="étonnement" ID="tl_51_7" STYLEREFS="FONT0"/>
            <SP HEIGHT="42.23622047244095" WIDTH="10.771653543307087" VPOS="1415.3385826771653" HPOS="674.3622047244095"/>
            <String HEIGHT="42.23622047244095" WIDTH="64.06299212598425" VPOS="1415.3385826771653" HPOS="642.3307086614174" CONTENT="de" ID="tl_51_8" STYLEREFS="FONT0"/>
            <SP HEIGHT="42.23622047244095" WIDTH="10.771653543307087" VPOS="1415.3385826771653" HPOS="706.1102362204724"/>
            <String HEIGHT="42.23622047244095" WIDTH="64.06299212598425" VPOS="1415.3385826771653" HPOS="674.3622047244095" CONTENT="le" ID="tl_51_9" STYLEREFS="FONT0"/>
            <SP HEIGHT="42.23622047244095" WIDTH="10.771653543307087" VPOS="1415.3385826771653" HPOS="738.1417322834645"/>
            <String HEIGHT="42.23622047244095" WIDTH="85.32283464566929" VPOS="1415.3385826771653" HPOS="706.1102362204724" CONTENT="voir" ID="tl_51_10" STYLEREFS="FONT0"/>
            <SP HEIGHT="42.23622047244095" WIDTH="10.771653543307087" VPOS="1415.3385826771653" HPOS="791.4330708661417"/>
            <String HEIGHT="42.23622047244095" WIDTH="95.81102362204724" VPOS="1415.3385826771653" HPOS="759.4015748031496" CONTENT="user," ID="tl_51_11" STYLEREFS="FONT0"/>
            <SP HEIGHT="42.23622047244095" WIDTH="10.771653543307087" VPOS="1415.3385826771653" HPOS="855.496062992126"/>
            <String HEIGHT="42.23622047244095" WIDTH="64.06299212598425" VPOS="1415.3385826771653" HPOS="812.6929133858267" CONTENT="vis" SUBS_TYPE="HypPart1" SUBS_CONTENT="visà-vis" ID="tl_51_12" STYLEREFS="FONT0"/>
            <HYP CONTENT="-"/>
          </TextLine>
          <TextLine ID="tl_52" BASELINE="5205" HEIGHT="26.078740157480315" WIDTH="388.34645669291336" VPOS="1449.3543307086613" HPOS="98.07874015748031">
            <String HEIGHT="26.078740157480315" WIDTH="94.39370078740157" VPOS="1449.3543307086613" HPOS="87.59055118110236" CONTENT="à-vis" SUBS_TYPE="HypPart2" SUBS_CONTENT="visà-vis" ID="tl_52_1" STYLEREFS="FONT0"/>
            <SP HEIGHT="26.078740157480315" WIDTH="10.488188976377952" VPOS="1449.3543307086613" HPOS="181.98425196850394"/>
            <String HEIGHT="26.078740157480315" WIDTH="62.92913385826772" VPOS="1449.3543307086613" HPOS="150.51968503937007" CONTENT="de" ID="tl_52_2" STYLEREFS="FONT0"/>
            <SP HEIGHT="26.078740157480315" WIDTH="10.488188976377952" VPOS="1449.3543307086613" HPOS="213.4488188976378"/>
            <String HEIGHT="26.078740157480315" WIDTH="83.90551181102362" VPOS="1449.3543307086613" HPOS="181.98425196850394" CONTENT="lui," ID="tl_52_3" STYLEREFS="FONT0"/>
            <SP HEIGHT="26.078740157480315" WIDTH="10.488188976377952" VPOS="1449.3543307086613" HPOS="265.8897637795276"/>
            <String HEIGHT="26.078740157480315" WIDTH="83.90551181102362" VPOS="1449.3543307086613" HPOS="234.4251968503937" CONTENT="d’un" ID="tl_52_4" STYLEREFS="FONT0"/>
            <SP HEIGHT="26.078740157480315" WIDTH="10.488188976377952" VPOS="1449.3543307086613" HPOS="318.61417322834643"/>
            <String HEIGHT="26.078740157480315" WIDTH="136.3464566929134" VPOS="1449.3543307086613" HPOS="286.86614173228344" CONTENT="semblable" ID="tl_52_5" STYLEREFS="FONT0"/>
            <SP HEIGHT="26.078740157480315" WIDTH="10.488188976377952" VPOS="1449.3543307086613" HPOS="423.496062992126"/>
            <String HEIGHT="26.078740157480315" WIDTH="104.88188976377953" VPOS="1449.3543307086613" HPOS="381.54330708661416" CONTENT="procédé." ID="tl_52_6" STYLEREFS="FONT0"/>
          </TextLine>
        </TextBlock>
        <GraphicalElement ID="r_3" HEIGHT="15.023622047244094" WIDTH="917.2913385826772" VPOS="1510.2992125984251" HPOS="0.0"/>
      </PrintSpace>
    </Page>
  </Layout>
</alto>
