913.0393700787401 1516.251968503937
40.25196850393701 25.511811023622048 226.20472440944883 52.15748031496063 BULLETIN
221.10236220472441 25.511811023622048 90.4251968503937 52.15748031496063 DU
266.45669291338584 25.511811023622048 226.20472440944883 52.15748031496063 BIBLIOPHILE
447.3070866141732 25.511811023622048 90.4251968503937 52.15748031496063 ET
492.66141732283467 25.511811023622048 90.4251968503937 52.15748031496063 DU
522.7086614173228 25.511811023622048 301.6062992125984 52.15748031496063 BIBLIOTHÉCAIRE

323.43307086614175 94.39370078740157 118.20472440944881 23.52755905511811 Revue
402.23622047244095 94.39370078740157 147.68503937007873 23.52755905511811 mensuelle

222.8031496062992 146.26771653543307 217.41732283464566 24.944881889763778 DIRECTEUR:
393.73228346456693 146.26771653543307 170.9291338582677 24.944881889763778 GEORGES
502.5826771653543 146.26771653543307 139.748031496063 24.944881889763778 VICAIRE

79.37007874015748 234.14173228346456 157.60629921259843 30.330708661417322 ABONNEMENTS:
207.49606299212599 234.14173228346456 98.64566929133858 30.330708661417322 Paris,
276.37795275590554 234.14173228346456 128.1259842519685 30.330708661417322 12
375.0236220472441 234.14173228346456 68.88188976377953 30.330708661417322 fr.
414.4251968503937 234.14173228346456 68.88188976377953 30.330708661417322 par
453.8267716535433 234.14173228346456 68.88188976377953 30.330708661417322 an.
493.2283464566929 234.14173228346456 49.32283464566929 30.330708661417322 —
513.0708661417323 234.14173228346456 167.5275590551181 30.330708661417322 Départements,
650.8346456692914 234.14173228346456 128.1259842519685 30.330708661417322 14
739.5590551181102 234.14173228346456 49.32283464566929 30.330708661417322 fr.

341.8582677165354 270.4251968503937 102.89763779527559 26.64566929133858 Etranger,
420.9448818897638 270.4251968503937 102.89763779527559 26.64566929133858 16
492.09448818897636 270.4251968503937 39.68503937007874 26.64566929133858 fr.

16.15748031496063 321.73228346456693 106.2992125984252 28.62992125984252 A
82.77165354330708 321.73228346456693 79.93700787401575 28.62992125984252 la
122.45669291338582 321.73228346456693 172.91338582677164 28.62992125984252 Librairie
255.68503937007873 321.73228346456693 172.91338582677164 28.62992125984252 TECHENER,
388.62992125984255 321.73228346456693 106.2992125984252 28.62992125984252 219,
454.96062992125985 321.73228346456693 92.97637795275591 28.62992125984252 rue
508.251968503937 321.73228346456693 226.20472440944883 28.62992125984252 Saint-Honoré,
694.488188976378 321.73228346456693 79.93700787401575 28.62992125984252 et
721.1338582677165 321.73228346456693 132.9448818897638 28.62992125984252 dans

77.66929133858268 360.56692913385825 125.85826771653544 32.31496062992126 tous
168.9448818897638 360.56692913385825 79.93700787401575 32.31496062992126 les
214.86614173228347 360.56692913385825 125.85826771653544 32.31496062992126 bureaux
306.1417322834646 360.56692913385825 68.5984251968504 32.31496062992126 de
340.4409448818898 360.56692913385825 102.89763779527559 32.31496062992126 poste
409.03937007874015 360.56692913385825 68.5984251968504 32.31496062992126 de
443.33858267716533 360.56692913385825 68.5984251968504 32.31496062992126 la
477.6377952755906 360.56692913385825 114.23622047244095 32.31496062992126 France
557.8582677165355 360.56692913385825 68.5984251968504 32.31496062992126 et
592.1574803149606 360.56692913385825 68.5984251968504 32.31496062992126 de
614.8346456692914 360.56692913385825 194.45669291338584 32.31496062992126 l'Etranger.

254.83464566929135 478.7716535433071 187.6535433070866 45.63779527559055 LE
359.1496062992126 478.7716535433071 250.29921259842519 45.63779527559055 CARNET

94.67716535433071 543.1181102362204 374.74015748031496 39.68503937007874 HISTORIQUE
388.9133858267717 543.1181102362204 160.7244094488189 39.68503937007874 ET
442.48818897637796 543.1181102362204 321.1653543307087 39.68503937007874 LITTERAIRE

322.01574803149606 598.1102362204724 129.25984251968504 22.677165354330707 Revue
394.01574803149606 598.1102362204724 157.88976377952756 22.677165354330707 Mensuelle

154.20472440944883 636.3779527559055 307.2755905511811 29.480314960629922 RÉTROSPECTIVE
407.33858267716533 636.3779527559055 108.56692913385827 29.480314960629922 ET
443.62204724409446 636.3779527559055 271.2755905511811 29.480314960629922 CONTEMPORAINE

248.88188976377953 697.3228346456693 217.13385826771653 26.362204724409448 DIRECTEUR:
419.5275590551181 697.3228346456693 139.748031496063 26.362204724409448 COMTE
497.1968503937008 697.3228346456693 124.15748031496064 26.362204724409448 FLEURY

16.440944881889763 761.3858267716536 142.01574803149606 33.16535433070866 Paraît
115.93700787401575 761.3858267716536 85.32283464566929 33.16535433070866 le
158.45669291338584 761.3858267716536 85.32283464566929 33.16535433070866 15
200.9763779527559 761.3858267716536 85.32283464566929 33.16535433070866 de
243.7795275590551 761.3858267716536 142.01574803149606 33.16535433070866 chaque
343.2755905511811 761.3858267716536 113.66929133858268 33.16535433070866 mois
414.1417322834646 761.3858267716536 85.32283464566929 33.16535433070866 en
456.9448818897638 761.3858267716536 184.8188976377953 33.16535433070866 fascicule
598.9606299212599 761.3858267716536 85.32283464566929 33.16535433070866 de
641.4803149606299 761.3858267716536 85.32283464566929 33.16535433070866 80
684.2834645669292 761.3858267716536 127.84251968503936 33.16535433070866 pages
755.1496062992126 761.3858267716536 99.49606299212599 33.16535433070866 in

218.83464566929135 799.9370078740158 203.5275590551181 29.763779527559056 Abonnement
378.70866141732284 799.9370078740158 101.76377952755905 29.763779527559056 (un
436.81889763779526 799.9370078740158 116.22047244094489 29.763779527559056 an):
509.38582677165357 799.9370078740158 87.30708661417323 29.763779527559056 10
538.5826771653543 799.9370078740158 116.22047244094489 29.763779527559056 francs

17.5748031496063 852.6614173228346 128.9763779527559 32.31496062992126 Aux
107.71653543307086 852.6614173228346 141.73228346456693 32.31496062992126 bureaux
210.61417322834646 852.6614173228346 77.38582677165354 32.31496062992126 de
249.4488188976378 852.6614173228346 77.38582677165354 32.31496062992126 la
288.0 852.6614173228346 128.9763779527559 32.31496062992126 Revue:
378.1417322834646 852.6614173228346 90.14173228346456 32.31496062992126 59,
429.73228346456693 852.6614173228346 128.9763779527559 32.31496062992126 Avenue
519.8740157480315 852.6614173228346 77.38582677165354 32.31496062992126 de
558.7086614173228 852.6614173228346 167.5275590551181 32.31496062992126 Breteuil,
687.4015748031496 852.6614173228346 64.34645669291339 32.31496062992126 à
700.4409448818898 852.6614173228346 154.48818897637796 32.31496062992126 Paris.

17.858267716535433 968.3149606299213 797.9527559055118 66.04724409448819 ANTIQUITÄTEN

218.5511811023622 1052.7874015748032 165.25984251968504 22.677165354330707 Journal
348.66141732283467 1052.7874015748032 141.73228346456693 22.677165354330707 illustré
443.0551181102362 1052.7874015748032 212.5984251968504 22.677165354330707 hebdomadaire

138.61417322834646 1105.5118110236222 79.08661417322834 32.31496062992126 Le
178.29921259842519 1105.5118110236222 105.73228346456693 32.31496062992126 plus
244.3464566929134 1105.5118110236222 79.08661417322834 32.31496062992126 lu
284.0314960629921 1105.5118110236222 79.08661417322834 32.31496062992126 et
323.43307086614175 1105.5118110236222 79.08661417322834 32.31496062992126 le
363.11811023622045 1105.5118110236222 105.73228346456693 32.31496062992126 plus
429.1653543307087 1105.5118110236222 158.45669291338584 32.31496062992126 répandu,
547.9370078740158 1105.5118110236222 79.08661417322834 32.31496062992126 en
574.2992125984252 1105.5118110236222 158.45669291338584 32.31496062992126 Allemagne,

236.69291338582678 1144.6299212598426 102.61417322834646 25.228346456692915 dans
300.755905511811 1144.6299212598426 77.10236220472441 25.228346456692915 le
339.3070866141732 1144.6299212598426 115.65354330708661 25.228346456692915 monde
416.40944881889766 1144.6299212598426 77.10236220472441 25.228346456692915 de
454.96062992125985 1144.6299212598426 77.10236220472441 25.228346456692915 la
480.4724409448819 1144.6299212598426 154.20472440944883 25.228346456692915 curiosité.

9.921259842519685 1199.3385826771653 245.1968503937008 35.71653543307087 Tirage
198.70866141732284 1199.3385826771653 94.39370078740157 35.71653543307087 à
236.40944881889763 1199.3385826771653 169.79527559055117 35.71653543307087 5.000
349.51181102362204 1199.3385826771653 282.8976377952756 35.71653543307087 exemplaires
575.7165354330708 1199.3385826771653 94.39370078740157 35.71653543307087 —
613.4173228346457 1199.3385826771653 113.10236220472441 35.71653543307087 7e
651.1181102362204 1199.3385826771653 207.49606299212599 35.71653543307087 année

189.35433070866142 1255.1811023622047 153.92125984251967 31.181102362204726 Abonnement:
322.2992125984252 1255.1811023622047 83.90551181102362 31.181102362204726 3
385.51181102362204 1255.1811023622047 98.07874015748031 31.181102362204726 fr.
462.3307086614173 1255.1811023622047 90.99212598425197 31.181102362204726 75
532.3464566929134 1255.1811023622047 70.01574803149606 31.181102362204726 par
574.2992125984252 1255.1811023622047 111.96850393700787 31.181102362204726 trimestre.

41.10236220472441 1367.1496062992126 89.00787401574803 36.0 Un
85.60629921259843 1367.1496062992126 148.251968503937 36.0 numéro
189.35433070866142 1367.1496062992126 178.01574803149606 36.0 specimen
322.86614173228344 1367.1496062992126 103.74803149606299 36.0 est
382.1102362204724 1367.1496062992126 148.251968503937 36.0 envoyé
485.8582677165354 1367.1496062992126 148.251968503937 36.0 gratis
589.6062992125984 1367.1496062992126 103.74803149606299 36.0 aux
649.1338582677165 1367.1496062992126 192.75590551181102 36.0 personnes
782.3622047244095 1367.1496062992126 74.26771653543307 36.0 qui

10.488188976377952 1404.8503937007874 240.3779527559055 35.1496062992126 adresseront
202.96062992125985 1404.8503937007874 128.1259842519685 35.1496062992126 leur
283.18110236220474 1404.8503937007874 176.31496062992127 35.1496062992126 demande
411.3070866141732 1404.8503937007874 80.22047244094489 35.1496062992126 à
443.33858267716533 1404.8503937007874 96.09448818897638 35.1496062992126 M.
491.5275590551181 1404.8503937007874 160.15748031496062 35.1496062992126 JOSEPH
603.496062992126 1404.8503937007874 144.28346456692913 35.1496062992126 LAUT,
699.8740157480315 1404.8503937007874 176.31496062992127 35.1496062992126 éditeur
811.8425196850394 1404.8503937007874 48.188976377952756 35.1496062992126 à

14.740157480314961 1443.9685039370079 173.48031496062993 35.43307086614173 Stuttgart
148.251968503937 1443.9685039370079 227.0551181102362 35.43307086614173 (Wurtemberg),
335.0551181102362 1443.9685039370079 267.0236220472441 35.43307086614173 Tübingerstrasse,
548.7874015748032 1443.9685039370079 66.61417322834646 35.43307086614173 16.
