3147 5230
1321 91 316 90 —
1447 91 379 90 17
1574 91 190 90 —

49 283 474 110 43589.
381 283 569 110 ROUSSEAU
807 283 711 110 (Théodore),
1376 283 522 110 célèbre
1756 283 522 110 peintre
2135 283 711 110 paysagiste,
2704 283 332 110 ami
2846 283 190 110 de

413 375 465 108 Millet.
751 375 212 108 —
836 375 254 108 L.
963 375 254 108 a.
1090 375 254 108 s.
1217 375 296 108 TH.
1386 375 254 108 R.
1513 375 212 108 à
1597 375 338 108 Jean
1809 375 465 108 Millet;
2147 375 550 108 vendredi,
2571 375 212 108 2
2655 375 254 108 p.
2740 375 296 108 in

369 463 945 88 <i>Rare
1056 463 515 88 et
1314 463 1546 88 recherché</i>.
2603 463 515 88 20
2774 463 258 88 »

396 610 307 82 Belle
601 610 341 82 lettre
839 610 409 82 relative
1147 610 171 82 à
1215 610 205 82 la
1317 610 375 82 gravure
1590 610 307 82 d’une
1761 610 341 82 planche.

45 746 517 108 43590.
407 746 879 108 ROUX-FAZILLAC
1131 746 672 108 (Pierre),
1649 746 517 108 député
2011 746 310 108 de
2166 746 310 108 la
2321 746 621 108 Dordogne
2786 746 259 108 à
2838 746 207 108 la

413 836 679 103 Convention.
956 836 226 103 —
1047 836 272 103 L.
1182 836 317 103 s.;
1364 836 634 103 Périgueux,
1862 836 272 103 25
1998 836 679 103 vendémiaire
2541 836 272 103 an
2677 836 272 103 V,
2813 836 226 103 1
2858 836 181 103 p.

257 926 2587 81 in-folio.
2247 926 995 81 4
2446 926 597 81 »

396 1061 346 86 Belle
626 1061 384 86 pièce,
895 1061 384 86 signée
1164 1061 346 86 comme
1394 1061 691 86 administrateur
1970 1061 230 86 du
2085 1061 576 86 départemant
2546 1061 230 86 de
2661 1061 230 86 la
2738 1061 307 86 Dordo

295 1147 213 57 gne.

48 1263 517 106 43591.
410 1263 827 106 SAINT-ARNAUD
1082 1263 982 106 (Armand-Jacques
1909 1263 465 106 LEROY
2219 1263 362 106 de)
2426 1263 620 106 maréchal
2839 1263 207 106 de

415 1354 507 106 France,
784 1354 323 106 qui
968 1354 369 106 prit
1198 1354 323 106 une
1383 1354 461 106 grande
1705 1354 369 106 part
1936 1354 277 106 au
2074 1354 369 106 coup
2305 1354 461 106 d’Etat
2627 1354 277 106 du
2765 1354 230 106 2
2812 1354 230 106 dé-

411 1442 478 104 cembre
746 1442 287 104 et
890 1442 335 104 qui
1081 1442 574 104 commença
1511 1442 287 104 la
1655 1442 478 104 guerre
1990 1442 287 104 de
2133 1442 526 104 Crimée.
2516 1442 239 104 —
2612 1442 287 104 L.
2755 1442 287 104 s.
2851 1442 191 104 au

412 1534 498 98 colonel
774 1534 543 98 Soumain;
1181 1534 452 98 Paris,
1498 1534 271 98 13
1633 1534 543 98 décembre
2041 1534 407 98 1852,
2312 1534 226 98 1
2403 1534 271 98 p.
2538 1534 407 98 in-8.
2810 1534 271 98 10
2900 1534 136 98 »

399 1688 196 80 Il
497 1688 196 80 le
595 1688 392 80 remercie
889 1688 228 80 des
1019 1688 555 80 félicitations
1476 1688 294 80 qu’il
1672 1688 228 80 lui
1802 1688 163 80 a
1868 1688 392 80 envoyées
2161 1688 163 80 à
2226 1688 457 80 l’occasion
2585 1688 196 80 de
2683 1688 228 80 son
2781 1688 261 80 éléva-

326 1757 297 78 tion
512 1757 223 78 au
623 1757 558 78 maréchalat.
1069 1757 372 78 «C’est
1330 1757 409 78 surtout
1627 1757 595 78 lorsqu’elles
2110 1757 223 78 me
2222 1757 446 78 viennent
2557 1757 260 78 des
2705 1757 335 78 rangs
2891 1757 149 78 de

330 1827 391 75 l’armée
615 1827 249 75 que
757 1827 249 75 les
899 1827 604 75 félicitations
1396 1827 213 75 me
1503 1827 284 75 sont
1645 1827 497 75 précieuses.»

50 1957 498 103 43592.
399 1957 897 103 SAINT-MARCEAUX
1146 1957 448 103 (René
1445 1957 299 103 de
1594 1957 399 103 PAUL
1843 1957 399 103 de),
2093 1957 548 103 célèbre
2441 1957 598 103 sculpteur,

418 2049 266 100 né
551 2049 222 100 à
640 2049 444 100 Reims.
950 2049 222 100 —
1039 2049 266 100 L.
1172 2049 266 100 a.
1306 2049 311 100 s.;
1483 2049 577 100 Florence,
1927 2049 266 100 26
2060 2049 622 100 septembre,
2549 2049 222 100 4
2637 2049 266 100 p.
2726 2049 311 100 in

2806 2144 287 66 6
2863 2144 172 66 »

395 2270 303 79 Très
584 2270 340 79 jolie
811 2270 378 79 lettre
1076 2270 227 79 où
1190 2270 227 79 il
1303 2270 416 79 exprime
1606 2270 227 79 sa
1719 2270 303 79 joie
1908 2270 227 79 de
2022 2270 416 79 pouvoir
2324 2270 416 79 admirer
2627 2270 265 79 les
2740 2270 303 79 chefs-

328 2346 413 55 d’œuvre
629 2346 225 55 de
704 2346 413 55 Florence.

51 2471 499 103 43593.
401 2471 749 103 SAINT-SIMON
1000 2471 799 103 (Claude-Anne
1649 2471 300 103 de
1799 2471 699 103 MONTBLERU,
2349 2471 599 103 marquis,
2748 2471 300 103 puis

412 2565 329 99 duc
600 2565 376 99 de),
835 2565 564 99 officier
1259 2565 329 99 qui
1447 2565 376 99 prit
1682 2565 376 99 part
1917 2565 329 99 aux
2105 2565 517 99 guerres
2435 2565 611 99 d’Amérique,

409 2654 481 100 député
745 2654 288 100 du
890 2654 625 100 bailliage
1370 2654 721 100 d’Angoulême
1947 2654 336 100 aux
2139 2654 913 100 Etats-Généraux,
2860 2654 192 100 et

414 2746 402 96 enfin
683 2746 492 96 général
1040 2746 268 96 au
1174 2746 492 96 service
1532 2746 268 96 de
1666 2746 626 96 l’Espagne,
2158 2746 268 96 né
2292 2746 268 96 au
2426 2746 492 96 château
2784 2746 268 96 de
2873 2746 179 96 La

407 2836 385 97 Faye
647 2836 721 97 (Charente).
1224 2836 240 97 —
1320 2836 288 97 L.
1465 2836 288 97 a.
1609 2836 288 97 s.
1753 2836 240 97 à
1849 2836 817 97 l’ambassadeur
2522 2836 288 97 de
2618 2836 433 97 France;

395 2924 648 99 Madrid,
866 2924 353 99 23
1043 2924 648 99 février
1514 2924 530 99 1807,
1867 2924 294 99 2
1985 2924 353 99 p.
2162 2924 766 99 in-folio.
2751 2924 353 99 10
2868 2924 177 99 »

400 3066 400 81 Superbe
690 3066 327 81 pièce
908 3066 218 81 où
1017 3066 218 81 il
1126 3066 400 81 demande
1417 3066 327 81 qu’on
1635 3066 254 81 lui
1780 3066 436 81 restitue
2107 3066 254 81 les
2252 3066 327 81 biens
2470 3066 327 81 qu’il
2651 3066 400 81 possédait

332 3140 211 59 en
437 3140 352 59 France
684 3140 317 59 avant
895 3140 211 59 la
1000 3140 528 59 Révolution.
1423 3140 563 59 Intéressants
1845 3140 352 59 détails.

55 3265 514 106 4359.4.
429 3265 747 106 SAINTE-BEUVE
1036 3265 1074 106 (Charles-Augustin),
1971 3265 280 106 le
2111 3265 514 106 célèbre
2484 3265 607 106 critique.
2905 3265 140 106 —

405 3361 269 99 L.
540 3361 269 99 a.
674 3361 269 99 s.
808 3361 224 99 à
898 3361 403 99 HENRI
1166 3361 448 99 HEINE;
1479 3361 448 99 Paris,
1793 3361 269 99 25
1927 3361 492 99 février
2285 3361 403 99 1855,
2554 3361 224 99 1
2643 3361 269 99 p.
2733 3361 313 99 in

282 3451 2416 103 enveloppe.
2181 3451 1036 103 10
2526 3451 518 103 »

397 3583 291 70 Jolie
591 3583 324 70 lettre
817 3583 194 70 où
914 3583 194 70 il
1011 3583 194 70 le
1109 3583 388 70 remercie
1400 3583 194 70 de
1497 3583 356 70 l’envoi
1756 3583 194 70 de
1853 3583 227 70 ses
1982 3583 259 70 deux
2144 3583 356 70 volumes
2403 3583 194 70 de
2468 3583 582 70 l’<i>Allema

334 3651 509 96 <i>gne,</i>
741 3651 204 96 et
843 3651 238 96 lui
979 3651 407 96 rappelle
1285 3651 306 96 qu’il
1488 3651 170 96 a
1556 3651 238 96 été
1692 3651 204 96 un
1794 3651 238 96 des
1930 3651 407 96 premiers
2235 3651 170 96 à
2303 3651 339 96 parler
2541 3651 204 96 de
2643 3651 238 96 lui
2778 3651 272 96 dans
2914 3651 136 96 la

329 3731 351 72 presse
539 3731 421 72 française.

55 3855 453 106 43595.
372 3855 362 106 SAND
598 3855 589 106 (George),
1051 3855 272 106 la
1187 3855 453 106 grande
1504 3855 679 106 romancière.
2048 3855 226 106 —
2138 3855 272 106 1°
2274 3855 453 106 Billet
2591 3855 362 106 aut.
2772 3855 272 106 sig.

406 3942 236 110 à
500 3942 284 110 M.
642 3942 520 110 Dubois,
1020 3942 236 110 1
1115 3942 284 110 p.
1257 3942 473 110 in-16.
1588 3942 236 110 —
1683 3942 284 110 2°
1824 3942 426 110 Pièce
2108 3942 567 110 imprimée
2534 3942 378 110 avec
2723 3942 331 110 quel-

409 4034 364 106 ques
637 4034 456 106 lignes
956 4034 410 106 aut.;
1230 4034 501 106 Nohant,
1594 4034 273 106 29
1731 4034 547 106 juillet,
2141 4034 228 106 1
2232 4034 273 106 p.
2369 4034 410 106 in-8.
2642 4034 319 106 Les
2779 4034 273 106 deux

234 4126 2382 104 pièces.
1967 4126 1300 104 10
2400 4126 650 104 »

392 4258 426 89 Curieuse
711 4258 355 89 pièce.
959 4258 319 89 C’est
1172 4258 248 89 une
1314 4258 532 89 invitation,
1740 4258 284 89 avec
1917 4258 390 89 en-tête
2201 4258 426 89 imprimé,
2520 4258 177 89 à
2591 4258 319 89 venir
2768 4258 284 89 passer

324 4336 216 66 la
432 4336 360 66 soirée
684 4336 216 66 au
792 4336 396 66 théâtre
1079 4336 216 66 de
1151 4336 324 66 Nohant.

49 4462 470 110 43596.
378 4462 564 110 SARRAZIN
801 4462 517 110 (Jean),
1176 4462 564 110 général,
1599 4462 564 110 condamné
2022 4462 235 110 à
2116 4462 423 110 mort,
2397 4462 282 110 en
2538 4462 423 110 1810,
2773 4462 282 110 pour

401 4556 638 104 désertion
892 4556 295 104 et
1039 4556 295 104 en
1187 4556 393 104 1819
1432 4556 246 104 à
1530 4556 344 104 dix
1727 4556 344 104 ans
1923 4556 295 104 de
2071 4556 540 104 travaux
2464 4556 491 104 forcés
2758 4556 295 104 pour

396 4643 652 107 trigamie.
897 4643 251 107 —
997 4643 301 107 L.
1148 4643 301 107 a.
1298 4643 301 107 s.
1449 4643 251 107 à
1549 4643 551 107 KLEBER;
1950 4643 652 107 Gladbach,
2451 4643 251 107 3
2502 4643 551 107 thermidor

337 4735 677 119 an
676 4735 903 119 III,
1240 4735 565 119 4
1466 4735 677 119 p.
1805 4735 1016 119 in-4.
2482 4735 677 119 15
2708 4735 339 119 »

389 4876 438 93 Curieuse
718 4876 365 93 lettre
974 4876 219 93 où
1084 4876 219 93 il
1193 4876 219 93 se
1303 4876 438 93 disculpe
1631 4876 256 93 des
1778 4876 475 93 reproches
2143 4876 256 93 que
2289 4876 256 93 lui
2435 4876 402 93 avaient
2691 4876 365 93 adressés

324 4948 359 93 Kleber
575 4948 215 93 au
683 4948 323 93 sujet
899 4948 215 93 de
1006 4948 215 93 la
1114 4948 431 93 mauvaise
1437 4948 467 93 exécution
1796 4948 251 93 des
1940 4948 359 93 ordres
2191 4948 323 93 qu’il
2407 4948 323 93 avait
2622 4948 323 93 reçus
2838 4948 215 93 de
2909 4948 144 93 ce

290 5030 343 74 général.
