915.0236220472441 1517.3858267716535
388.9133858267717 30.89763779527559 88.44094488188976 21.826771653543307 —
424.06299212598424 30.89763779527559 106.01574803149606 21.826771653543307 22
459.496062992126 30.89763779527559 53.00787401574803 21.826771653543307 —

21.25984251968504 77.10236220472441 149.95275590551182 45.92125984251968 43626.
126.14173228346456 77.10236220472441 149.95275590551182 45.92125984251968 MUSÉUM
231.30708661417322 77.10236220472441 210.04724409448818 45.92125984251968 D’HISTOIRE
396.0 77.10236220472441 210.04724409448818 45.92125984251968 NATURELLE.
560.9763779527559 77.10236220472441 74.83464566929133 45.92125984251968 —
591.0236220472441 77.10236220472441 89.85826771653544 45.92125984251968 L.
636.0944881889764 77.10236220472441 89.85826771653544 45.92125984251968 a.
680.8818897637796 77.10236220472441 89.85826771653544 45.92125984251968 s.
725.9527559055118 77.10236220472441 89.85826771653544 45.92125984251968 de
756.0 77.10236220472441 119.90551181102362 45.92125984251968 Faujas

125.85826771653544 106.58267716535433 73.7007874015748 43.653543307086615 de
162.70866141732284 106.58267716535433 183.96850393700788 43.653543307086615 Saint-Fond;
309.8267716535433 106.58267716535433 122.74015748031496 43.653543307086615 Jardin
395.7165354330709 106.58267716535433 73.7007874015748 43.653543307086615 du
432.56692913385825 106.58267716535433 98.07874015748031 43.653543307086615 Roi,
493.79527559055117 106.58267716535433 73.7007874015748 43.653543307086615 le
530.6456692913385 106.58267716535433 73.7007874015748 43.653543307086615 15
567.496062992126 106.58267716535433 134.9291338582677 43.653543307086615 juillet
665.5748031496063 106.58267716535433 110.55118110236221 43.653543307086615 1788,
739.2755905511812 106.58267716535433 61.22834645669291 43.653543307086615 2
763.6535433070866 106.58267716535433 73.7007874015748 43.653543307086615 p.
788.3149606299213 106.58267716535433 85.88976377952756 43.653543307086615 in

811.2755905511812 146.83464566929135 78.51968503937007 22.393700787401574 4
826.8661417322835 146.83464566929135 47.05511811023622 22.393700787401574 »

119.90551181102362 167.81102362204723 66.61417322834646 34.2992125984252 Il
153.0708661417323 167.81102362204723 133.22834645669292 34.2992125984252 demande,
253.13385826771653 167.81102362204723 133.22834645669292 34.2992125984252 d’accord
352.9133858267717 167.81102362204723 88.7244094488189 34.2992125984252 avec
408.4724409448819 167.81102362204723 66.61417322834646 34.2992125984252 M.
441.9212598425197 167.81102362204723 122.1732283464567 34.2992125984252 Thouïn,
530.6456692913385 167.81102362204723 99.77952755905511 34.2992125984252 qu’on
597.2598425196851 167.81102362204723 155.33858267716536 34.2992125984252 maintienne
719.4330708661417 167.81102362204723 66.61417322834646 34.2992125984252 au
752.5984251968504 167.81102362204723 111.11811023622047 34.2992125984252 Jardin
819.2125984251968 167.81102362204723 55.55905511811024 34.2992125984252 des

101.48031496062993 187.37007874015748 113.66929133858268 26.078740157480315 plantes
183.96850393700788 187.37007874015748 61.79527559055118 26.078740157480315 le
214.86614173228347 187.37007874015748 134.07874015748033 26.078740157480315 réglement
318.0472440944882 187.37007874015748 113.66929133858268 26.078740157480315 élaboré
400.81889763779526 187.37007874015748 72.28346456692914 26.078740157480315 par
441.9212598425197 187.37007874015748 61.79527559055118 26.078740157480315 M.
472.81889763779526 187.37007874015748 61.79527559055118 26.078740157480315 de
493.51181102362204 187.37007874015748 92.97637795275591 26.078740157480315 Buffon.

21.25984251968504 219.96850393700788 125.5748031496063 39.68503937007874 43627.
109.13385826771653 219.96850393700788 125.5748031496063 39.68503937007874 PARIS.
197.00787401574803 219.96850393700788 62.645669291338585 39.68503937007874 —
221.95275590551182 219.96850393700788 75.4015748031496 39.68503937007874 P.
259.65354330708664 219.96850393700788 87.8740157480315 39.68503937007874 s.,
310.1102362204724 219.96850393700788 87.8740157480315 39.68503937007874 sur
360.2834645669291 219.96850393700788 125.5748031496063 39.68503937007874 vélin,
448.15748031496065 219.96850393700788 87.8740157480315 39.68503937007874 par
498.3307086614173 219.96850393700788 125.5748031496063 39.68503937007874 Pierre
586.2047244094488 219.96850393700788 150.8031496062992 39.68503937007874 Thévenot
699.3070866141733 219.96850393700788 75.4015748031496 39.68503937007874 et
737.007874015748 219.96850393700788 75.4015748031496 39.68503937007874 P.
761.9527559055118 219.96850393700788 113.10236220472441 39.68503937007874 Lemais-

123.02362204724409 247.748031496063 103.46456692913385 37.7007874015748 tre,
187.93700787401573 247.748031496063 219.96850393700788 37.7007874015748 entrepreneurs
369.07086614173227 247.748031496063 90.70866141732283 37.7007874015748 des
420.9448818897638 247.748031496063 168.3779527559055 37.7007874015748 bâtiments
550.2047244094488 247.748031496063 77.66929133858268 37.7007874015748 du
589.0393700787401 247.748031496063 103.46456692913385 37.7007874015748 roi;
653.9527559055118 247.748031496063 129.54330708661416 37.7007874015748 Paris,
744.3779527559055 247.748031496063 64.62992125984252 37.7007874015748 4
757.4173228346457 247.748031496063 116.50393700787401 37.7007874015748 septem-

105.73228346456693 272.12598425196853 214.86614173228347 39.118110236220474 bre
228.4724409448819 272.12598425196853 276.37795275590554 39.118110236220474 1671,
412.7244094488189 272.12598425196853 153.35433070866142 39.118110236220474 1
473.9527559055118 272.12598425196853 184.251968503937 39.118110236220474 p.
566.0787401574803 272.12598425196853 276.37795275590554 39.118110236220474 in-4.
750.3307086614174 272.12598425196853 153.35433070866142 39.118110236220474 4
780.9448818897638 272.12598425196853 92.1259842519685 39.118110236220474 »

119.05511811023622 307.84251968503935 86.1732283464567 34.2992125984252 Reçu
172.91338582677164 307.84251968503935 64.62992125984252 34.2992125984252 de
205.22834645669292 307.84251968503935 64.62992125984252 34.2992125984252 la
237.54330708661416 307.84251968503935 96.94488188976378 34.2992125984252 somme
302.1732283464567 307.84251968503935 64.62992125984252 34.2992125984252 de
334.7716535433071 307.84251968503935 86.1732283464567 34.2992125984252 1000
388.62992125984255 307.84251968503935 107.71653543307086 34.2992125984252 livres
464.0314960629921 307.84251968503935 129.25984251968504 34.2992125984252 à-compte
560.9763779527559 307.84251968503935 75.4015748031496 34.2992125984252 sur
604.0629921259842 307.84251968503935 75.4015748031496 34.2992125984252 les
647.1496062992126 307.84251968503935 129.25984251968504 34.2992125984252 ouvrages
744.3779527559055 307.84251968503935 64.62992125984252 34.2992125984252 de
765.9212598425197 307.84251968503935 107.71653543307086 34.2992125984252 maçonne-

99.21259842519684 326.8346456692913 69.73228346456693 28.62992125984252 rie
139.1811023622047 326.8346456692913 99.77952755905511 28.62992125984252 qu'ils
208.91338582677164 326.8346456692913 79.93700787401575 28.62992125984252 font
258.8031496062992 326.8346456692913 79.93700787401575 28.62992125984252 pour
308.6929133858268 326.8346456692913 59.811023622047244 28.62992125984252 la
338.74015748031496 326.8346456692913 159.59055118110237 28.62992125984252 construction
468.56692913385825 326.8346456692913 59.811023622047244 28.62992125984252 du
498.3307086614173 326.8346456692913 79.93700787401575 28.62992125984252 quai
548.2204724409448 326.8346456692913 59.811023622047244 28.62992125984252 le
578.2677165354331 326.8346456692913 79.93700787401575 28.62992125984252 long
628.1574803149606 326.8346456692913 59.811023622047244 28.62992125984252 du
658.2047244094488 326.8346456692913 89.85826771653544 28.62992125984252 Cours
718.0157480314961 326.8346456692913 59.811023622047244 28.62992125984252 la
737.8582677165355 326.8346456692913 79.93700787401575 28.62992125984252 Reine.

19.275590551181104 358.86614173228344 135.7795275590551 38.267716535433074 43628.
114.23622047244095 358.86614173228344 203.81102362204723 38.267716535433074 TERRE-NEUVE
277.2283464566929 358.86614173228344 108.56692913385827 38.267716535433074 (île
345.25984251968504 358.86614173228344 108.56692913385827 38.267716535433074 de).
413.00787401574803 358.86614173228344 68.03149606299213 38.267716535433074 —
440.2204724409449 358.86614173228344 81.35433070866142 38.267716535433074 P.
481.03937007874015 358.86614173228344 81.35433070866142 38.267716535433074 s.
521.8582677165355 358.86614173228344 94.96062992125984 38.267716535433074 par
576.0 358.86614173228344 122.1732283464567 38.267716535433074 Louis
657.6377952755905 358.86614173228344 94.96062992125984 38.267716535433074 XIV
698.1732283464567 358.86614173228344 176.5984251968504 38.267716535433074 (secrétaire

121.88976377952756 386.0787401574803 79.08661417322834 36.0 de
161.5748031496063 386.0787401574803 79.08661417322834 36.0 la
201.25984251968504 386.0787401574803 132.09448818897638 36.0 main);
293.6692913385827 386.0787401574803 197.85826771653544 36.0 Versailles,
451.84251968503935 386.0787401574803 79.08661417322834 36.0 15
491.5275590551181 386.0787401574803 105.44881889763779 36.0 mars
557.5748031496063 386.0787401574803 118.77165354330708 36.0 1696,
636.6614173228346 386.0787401574803 66.04724409448819 36.0 1
663.0236220472441 386.0787401574803 79.08661417322834 36.0 p.
702.7086614173228 386.0787401574803 105.44881889763779 36.0 in-4
755.4330708661417 386.0787401574803 118.77165354330708 36.0 oblong.

799.0866141732283 420.37795275590554 89.29133858267717 22.11023622047244 10
828.8503937007874 420.37795275590554 44.78740157480315 22.11023622047244 »

118.20472440944881 446.45669291338584 100.91338582677166 30.04724409448819 Brevet
188.78740157480314 446.45669291338584 110.83464566929133 30.04724409448819 accordé
269.5748031496063 446.45669291338584 60.37795275590551 30.04724409448819 au
299.90551181102364 446.45669291338584 90.70866141732283 30.04724409448819 sieur
360.2834645669291 446.45669291338584 60.37795275590551 30.04724409448819 de
390.61417322834643 446.45669291338584 121.03937007874016 30.04724409448819 Belorme,
481.3228346456693 446.45669291338584 121.03937007874016 30.04724409448819 habitant
572.3149606299213 446.45669291338584 60.37795275590551 30.04724409448819 de
602.3622047244095 446.45669291338584 60.37795275590551 30.04724409448819 la
632.6929133858267 446.45669291338584 100.91338582677166 30.04724409448819 petite
703.2755905511812 446.45669291338584 90.70866141732283 30.04724409448819 Grave
763.9370078740158 446.45669291338584 80.78740157480316 30.04724409448819 dans
804.1889763779527 446.45669291338584 70.58267716535433 30.04724409448819 l’île

98.92913385826772 466.2992125984252 62.07874015748032 28.913385826771652 de
129.82677165354332 466.2992125984252 155.33858267716536 28.913385826771652 Terre-Neuve
253.98425196850394 466.2992125984252 82.77165354330708 28.913385826771652 pour
305.8582677165354 466.2992125984252 72.56692913385827 28.913385826771652 lui
347.244094488189 466.2992125984252 134.64566929133858 28.913385826771652 conserver
450.70866141732284 466.2992125984252 62.07874015748032 28.913385826771652 la
481.6062992125984 466.2992125984252 144.8503937007874 28.913385826771652 jouissance
595.5590551181102 466.2992125984252 82.77165354330708 28.913385826771652 d’un
647.1496062992126 466.2992125984252 113.95275590551181 28.913385826771652 terrain
729.9212598425197 466.2992125984252 72.56692913385827 28.913385826771652 sur
771.3070866141733 466.2992125984252 103.46456692913385 28.913385826771652 lequel
833.3858267716536 466.2992125984252 41.38582677165354 28.913385826771652 il

99.49606299212599 485.00787401574803 49.32283464566929 19.275590551181104 a
119.33858267716535 485.00787401574803 78.80314960629921 19.275590551181104 fait
168.3779527559055 485.00787401574803 88.44094488188976 19.275590551181104 bâtir
227.6220472440945 485.00787401574803 78.80314960629921 19.275590551181104 dans
276.66141732283467 485.00787401574803 58.960629921259844 19.275590551181104 le
306.1417322834646 485.00787401574803 78.80314960629921 19.275590551181104 fort
355.46456692913387 485.00787401574803 88.44094488188976 19.275590551181104 Louis
414.4251968503937 485.00787401574803 58.960629921259844 19.275590551181104 de
433.98425196850394 485.00787401574803 118.20472440944881 19.275590551181104 Plaisance.

18.4251968503937 511.93700787401576 138.04724409448818 40.818897637795274 43629.
115.08661417322834 511.93700787401576 138.04724409448818 40.818897637795274 VENDÉE
211.748031496063 511.93700787401576 220.8188976377953 40.818897637795274 (Département
391.18110236220474 511.93700787401576 82.77165354330708 40.818897637795274 de
432.56692913385825 511.93700787401576 110.55118110236221 40.818897637795274 la).
501.4488188976378 511.93700787401576 68.88188976377953 40.818897637795274 —
529.2283464566929 511.93700787401576 82.77165354330708 40.818897637795274 1°
570.6141732283464 511.93700787401576 82.77165354330708 40.818897637795274 L.
612.0 511.93700787401576 82.77165354330708 40.818897637795274 a.
653.3858267716536 511.93700787401576 82.77165354330708 40.818897637795274 s.
694.7716535433071 511.93700787401576 82.77165354330708 40.818897637795274 de
736.1574803149606 511.93700787401576 124.15748031496064 40.818897637795274 P.-R.
805.3228346456693 511.93700787401576 68.88188976377953 40.818897637795274 M.,

118.48818897637796 542.8346456692914 138.89763779527559 33.44881889763779 COMTE
210.89763779527559 542.8346456692914 92.69291338582677 33.44881889763779 DE
257.38582677165357 542.8346456692914 216.28346456692913 33.44881889763779 VAUGIRAUD,
427.18110236220474 542.8346456692914 169.79527559055117 33.44881889763779 célèbre
550.7716535433071 542.8346456692914 154.48818897637796 33.44881889763779 marin,
658.7716535433071 542.8346456692914 92.69291338582677 33.44881889763779 né
705.2598425196851 542.8346456692914 108.0 33.44881889763779 aux
751.4645669291339 542.8346456692914 123.59055118110236 33.44881889763779 Sables

122.45669291338582 569.7637795275591 184.8188976377953 33.732283464566926 d’Olonnes;
267.87401574803147 569.7637795275591 92.40944881889764 33.732283464566926 les
320.59842519685037 569.7637795275591 145.13385826771653 33.732283464566926 Sables,
426.3307086614173 569.7637795275591 79.08661417322834 33.732283464566926 21
465.73228346456693 569.7637795275591 145.13385826771653 33.732283464566926 octobre
571.4645669291339 569.7637795275591 118.77165354330708 33.732283464566926 1790,
650.5511811023622 569.7637795275591 66.04724409448819 33.732283464566926 4
676.9133858267717 569.7637795275591 79.08661417322834 33.732283464566926 p.
716.5984251968504 569.7637795275591 118.77165354330708 33.732283464566926 in-4.
782.6456692913385 569.7637795275591 92.40944881889764 33.732283464566926 Belle

120.4724409448819 595.2755905511812 140.5984251968504 34.01574803149607 lettre.
222.8031496062992 595.2755905511812 64.06299212598425 34.01574803149607 —
248.31496062992127 595.2755905511812 76.81889763779527 34.01574803149607 2°
286.5826771653543 595.2755905511812 127.84251968503936 34.01574803149607 Brevet
376.15748031496065 595.2755905511812 115.08661417322834 34.01574803149607 d’une
452.9763779527559 595.2755905511812 140.5984251968504 34.01574803149607 pension
555.0236220472441 595.2755905511812 76.81889763779527 34.01574803149607 de
593.5748031496063 595.2755905511812 115.08661417322834 34.01574803149607 1.200
670.1102362204724 595.2755905511812 127.84251968503936 34.01574803149607 livres
746.9291338582677 595.2755905511812 127.84251968503936 34.01574803149607 accordée

121.03937007874016 621.3543307086615 89.29133858267717 33.16535433070866 par
172.06299212598427 621.3543307086615 114.80314960629921 33.16535433070866 Louis
248.5984251968504 621.3543307086615 89.29133858267717 33.16535433070866 XVI
299.90551181102364 621.3543307086615 63.77952755905512 33.16535433070866 à
325.4173228346457 621.3543307086615 178.86614173228347 33.16535433070866 Vaugiraud,
465.73228346456693 621.3543307086615 114.80314960629921 33.16535433070866 pièce
542.5511811023622 621.3543307086615 140.5984251968504 33.16535433070866 signée,
644.5984251968504 621.3543307086615 89.29133858267717 33.16535433070866 sur
695.6220472440945 621.3543307086615 127.84251968503936 33.16535433070866 vélin,
785.1968503937007 621.3543307086615 89.29133858267717 33.16535433070866 par
823.4645669291339 621.3543307086615 51.023622047244096 33.16535433070866 le

121.03937007874016 647.4330708661417 173.1968503937008 32.31496062992126 secrétaire
257.1023622047244 647.4330708661417 74.26771653543307 32.31496062992126 de
294.23622047244095 647.4330708661417 74.26771653543307 32.31496062992126 la
331.37007874015745 647.4330708661417 111.4015748031496 32.31496062992126 main;
405.6377952755906 647.4330708661417 185.66929133858267 32.31496062992126 Versailles,
554.1732283464567 647.4330708661417 74.26771653543307 32.31496062992126 27
591.0236220472441 647.4330708661417 136.06299212598427 32.31496062992126 février
690.2362204724409 647.4330708661417 111.4015748031496 32.31496062992126 1786,
764.2204724409448 647.4330708661417 61.79527559055118 32.31496062992126 1
789.1653543307086 647.4330708661417 74.26771653543307 32.31496062992126 p.
813.8267716535433 647.4330708661417 61.79527559055118 32.31496062992126 in-

92.40944881889764 673.511811023622 370.48818897637796 32.031496062992126 folio
339.3070866141732 673.511811023622 452.6929133858268 32.031496062992126 oblong.
668.4094488188977 673.511811023622 246.89763779527559 32.031496062992126 10
750.8976377952756 673.511811023622 123.59055118110236 32.031496062992126 »

116.22047244094489 707.5275590551181 65.19685039370079 26.362204724409448 Ce
148.8188976377953 707.5275590551181 130.39370078740157 26.362204724409448 document
246.33070866141733 707.5275590551181 130.39370078740157 26.362204724409448 constate
344.12598425196853 707.5275590551181 75.96850393700787 26.362204724409448 que
387.496062992126 707.5275590551181 227.90551181102362 26.362204724409448 Pierre-René-Marie
583.0866141732283 707.5275590551181 65.19685039370079 26.362204724409448 de
615.6850393700787 707.5275590551181 141.16535433070865 26.362204724409448 Vaugiraud
724.2519685039371 707.5275590551181 65.19685039370079 26.362204724409448 de
756.8503937007874 707.5275590551181 108.56692913385827 26.362204724409448 Rosnay
821.7637795275591 707.5275590551181 54.425196850393704 26.362204724409448 est

96.94488188976378 726.2362204724409 63.21259842519685 26.929133858267715 né
128.40944881889763 726.2362204724409 73.7007874015748 26.929133858267715 aux
170.64566929133858 726.2362204724409 105.16535433070867 26.929133858267715 Sables
244.3464566929134 726.2362204724409 126.14173228346456 26.929133858267715 d’Olonne
339.0236220472441 726.2362204724409 63.21259842519685 26.929133858267715 le
370.48818897637796 726.2362204724409 63.21259842519685 26.929133858267715 27
401.9527559055118 726.2362204724409 126.14173228346456 26.929133858267715 décembre
496.9133858267717 726.2362204724409 84.18897637795276 26.929133858267715 1741
549.3543307086615 726.2362204724409 63.21259842519685 26.929133858267715 et
581.1023622047244 726.2362204724409 52.724409448818896 26.929133858267715 a
602.0787401574803 726.2362204724409 73.7007874015748 26.929133858267715 été
644.0314960629921 726.2362204724409 115.65354330708661 26.929133858267715 baptisé
728.2204724409448 726.2362204724409 63.21259842519685 26.929133858267715 le
759.9685039370079 726.2362204724409 63.21259842519685 26.929133858267715 30
791.4330708661417 726.2362204724409 63.21259842519685 26.929133858267715 du
812.4094488188977 726.2362204724409 63.21259842519685 26.929133858267715 même

86.74015748031496 747.2125984251968 75.68503937007874 15.874015748031496 mois.

17.291338582677167 774.1417322834645 138.61417322834646 40.25196850393701 43630.
114.23622047244095 774.1417322834645 152.2204724409449 40.25196850393701 VENDÉE.
225.0708661417323 774.1417322834645 69.16535433070867 40.25196850393701 —
252.8503937007874 774.1417322834645 83.05511811023622 40.25196850393701 P.
294.23622047244095 774.1417322834645 83.05511811023622 40.25196850393701 s.
335.90551181102364 774.1417322834645 96.94488188976378 40.25196850393701 par
391.18110236220474 774.1417322834645 96.94488188976378 40.25196850393701 les
446.74015748031496 774.1417322834645 235.2755905511811 40.25196850393701 représentants
640.6299212598425 774.1417322834645 83.05511811023622 40.25196850393701 BO
682.0157480314961 774.1417322834645 83.05511811023622 40.25196850393701 et
709.7952755905512 774.1417322834645 166.11023622047244 40.25196850393701 BOURBOTTE;

121.32283464566929 804.4724409448819 140.88188976377953 32.59842519685039 Nantes,
223.6535433070866 804.4724409448819 76.81889763779527 32.59842519685039 17
262.20472440944883 804.4724409448819 153.63779527559055 32.59842519685039 prairial
377.29133858267716 804.4724409448819 76.81889763779527 32.59842519685039 an
415.84251968503935 804.4724409448819 89.5748031496063 32.59842519685039 II,
466.86614173228344 804.4724409448819 64.06299212598425 32.59842519685039 3
492.66141732283467 804.4724409448819 76.81889763779527 32.59842519685039 p.
530.9291338582677 804.4724409448819 89.5748031496063 32.59842519685039 1/2
582.2362204724409 804.4724409448819 115.37007874015748 32.59842519685039 in-4,
659.0551181102362 804.4724409448819 102.33070866141732 32.59842519685039 tête
723.1181102362204 804.4724409448819 76.81889763779527 32.59842519685039 et
748.6299212598425 804.4724409448819 128.1259842519685 32.59842519685039 vignette

101.76377952755905 830.5511811023622 451.84251968503935 32.881889763779526 imprimées,
456.9448818897638 830.5511811023622 355.18110236220474 32.881889763779526 cachet.
715.1811023622047 830.5511811023622 193.60629921259843 32.881889763779526 15
779.5275590551181 830.5511811023622 96.94488188976378 32.881889763779526 »

117.92125984251969 865.4173228346457 149.95275590551182 26.362204724409448 Intéressant
237.82677165354332 865.4173228346457 129.82677165354332 26.362204724409448 document,
337.6062992125984 865.4173228346457 70.01574803149606 26.362204724409448 qui
377.5748031496063 865.4173228346457 119.90551181102362 26.362204724409448 organise
467.7165354330709 865.4173228346457 60.09448818897638 26.362204724409448 la
497.4803149606299 865.4173228346457 109.98425196850394 26.362204724409448 justice
577.4173228346457 865.4173228346457 129.82677165354332 26.362204724409448 militaire
677.4803149606299 865.4173228346457 70.01574803149606 26.362204724409448 sur
717.4488188976378 865.4173228346457 70.01574803149606 26.362204724409448 les
747.496062992126 865.4173228346457 129.82677165354332 26.362204724409448 territoires

96.66141732283465 884.4094488188977 121.03937007874016 28.062992125984252 occupés
184.8188976377953 884.4094488188977 77.10236220472441 28.062992125984252 par
228.75590551181102 884.4094488188977 121.03937007874016 28.062992125984252 l’armée
316.62992125984255 884.4094488188977 66.04724409448819 28.062992125984252 de
349.79527559055117 884.4094488188977 132.09448818897638 28.062992125984252 l’Ouest.
448.7244094488189 884.4094488188977 66.04724409448819 28.062992125984252 Le
481.8897637795276 884.4094488188977 132.09448818897638 28.062992125984252 document
580.8188976377953 884.4094488188977 121.03937007874016 28.062992125984252 indique
668.9763779527559 884.4094488188977 77.10236220472441 28.062992125984252 les
712.9133858267717 884.4094488188977 143.1496062992126 28.062992125984252 divisions
811.8425196850394 884.4094488188977 66.04724409448819 28.062992125984252 sou-

97.22834645669292 905.3858267716536 93.54330708661418 23.811023622047244 mises
159.59055118110237 905.3858267716536 51.874015748031496 23.811023622047244 à
180.28346456692913 905.3858267716536 103.74803149606299 23.811023622047244 chaque
253.13385826771653 905.3858267716536 124.7244094488189 23.811023622047244 tribunal
346.6771653543307 905.3858267716536 62.36220472440945 23.811023622047244 et
377.8582677165354 905.3858267716536 62.36220472440945 23.811023622047244 le
408.755905511811 905.3858267716536 72.56692913385827 23.811023622047244 nom
450.4251968503937 905.3858267716536 72.56692913385827 23.811023622047244 des
481.6062992125984 905.3858267716536 83.05511811023622 23.811023622047244 juges.

18.141732283464567 935.1496062992126 134.36220472440945 39.68503937007874 43631.
111.96850393700787 935.1496062992126 147.68503937007873 39.68503937007874 VENDÉE.
219.68503937007873 935.1496062992126 67.18110236220473 39.68503937007874 —
246.33070866141733 935.1496062992126 80.50393700787401 39.68503937007874 P.
286.86614173228344 935.1496062992126 80.50393700787401 39.68503937007874 s.
327.11811023622045 935.1496062992126 94.11023622047244 39.68503937007874 par
380.6929133858268 935.1496062992126 80.50393700787401 39.68503937007874 le
421.2283464566929 935.1496062992126 147.68503937007873 39.68503937007874 général
528.6614173228346 935.1496062992126 161.29133858267716 39.68503937007874 Beaupuy;
649.4173228346457 935.1496062992126 161.29133858267716 39.68503937007874 quartier
756.8503937007874 935.1496062992126 121.03937007874016 39.68503937007874 général

120.75590551181102 965.4803149606299 83.90551181102362 33.44881889763779 de
162.70866141732284 965.4803149606299 140.03149606299212 33.44881889763779 Valet,
260.503937007874 965.4803149606299 83.90551181102362 33.44881889763779 12
302.74015748031496 965.4803149606299 168.09448818897638 33.44881889763779 germinal
428.59842519685037 965.4803149606299 83.90551181102362 33.44881889763779 an
470.5511811023622 965.4803149606299 111.96850393700787 33.44881889763779 III,
540.5669291338583 965.4803149606299 70.01574803149606 33.44881889763779 1
568.6299212598425 965.4803149606299 83.90551181102362 33.44881889763779 p.
610.5826771653543 965.4803149606299 98.07874015748031 33.44881889763779 1/2
666.4251968503937 965.4803149606299 181.98425196850394 33.44881889763779 in-folio.
806.4566929133858 965.4803149606299 83.90551181102362 33.44881889763779 12
834.5196850393701 965.4803149606299 41.95275590551181 33.44881889763779 »

115.65354330708661 1000.0629921259842 97.79527559055119 27.77952755905512 Ordre
180.8503937007874 1000.0629921259842 65.19685039370079 27.77952755905512 de
213.4488188976378 1000.0629921259842 108.85039370078741 27.77952755905512 marche
289.4173228346457 1000.0629921259842 119.62204724409449 27.77952755905512 adressé
376.4409448818898 1000.0629921259842 54.425196850393704 27.77952755905512 à
398.26771653543307 1000.0629921259842 119.62204724409449 27.77952755905512 Savary.
485.29133858267716 1000.0629921259842 119.62204724409449 27.77952755905512 L’armée
572.3149606299213 1000.0629921259842 130.39370078740157 27.77952755905512 marchera
670.1102362204724 1000.0629921259842 76.25196850393701 27.77952755905512 sur
713.7637795275591 1000.0629921259842 87.02362204724409 27.77952755905512 deux
757.1338582677165 1000.0629921259842 119.62204724409449 27.77952755905512 colonnes,

94.67716535433071 1019.0551181102362 85.88976377952756 29.19685039370079 dont
148.251968503937 1019.0551181102362 107.14960629921259 29.19685039370079 l'une,
223.37007874015748 1019.0551181102362 139.46456692913387 29.19685039370079 commandée
330.5196850393701 1019.0551181102362 75.11811023622047 29.19685039370079 par
373.3228346456693 1019.0551181102362 107.14960629921259 29.19685039370079 Savary
448.4409448818898 1019.0551181102362 64.34645669291339 29.19685039370079 se
480.755905511811 1019.0551181102362 128.69291338582678 29.19685039370079 portera,
577.1338582677165 1019.0551181102362 75.11811023622047 29.19685039370079 par
619.9370078740158 1019.0551181102362 107.14960629921259 29.19685039370079 Jetté,
695.0551181102362 1019.0551181102362 75.11811023622047 29.19685039370079 sur
737.8582677165355 1019.0551181102362 64.34645669291339 29.19685039370079 la
759.4015748031496 1019.0551181102362 117.92125984251969 29.19685039370079 Chapelle-

95.5275590551181 1038.3307086614172 145.13385826771653 29.19685039370079 du-Genet;
207.21259842519686 1038.3307086614172 123.02362204724409 29.19685039370079 l’autre
296.503937007874 1038.3307086614172 145.13385826771653 29.19685039370079 commandée
408.18897637795277 1038.3307086614172 78.23622047244095 29.19685039370079 par
452.9763779527559 1038.3307086614172 123.02362204724409 29.19685039370079 Beaupuy
542.2677165354331 1038.3307086614172 67.18110236220473 29.19685039370079 se
576.0 1038.3307086614172 123.02362204724409 29.19685039370079 portera
665.2913385826772 1038.3307086614172 55.84251968503937 29.19685039370079 à
687.6850393700787 1038.3307086614172 178.86614173228347 29.19685039370079 Saint-Mecker
821.7637795275591 1038.3307086614172 55.84251968503937 29.19685039370079 par

73.13385826771653 1062.708661417323 124.7244094488189 19.84251968503937 Montigny.

15.307086614173228 1090.7716535433071 151.37007874015748 30.89763779527559 43632.
121.32283464566929 1090.7716535433071 181.70078740157481 30.89763779527559 VOLTAIRE
257.6692913385827 1090.7716535433071 197.00787401574803 30.89763779527559 (document
409.03937007874015 1090.7716535433071 136.3464566929134 30.89763779527559 sur).
500.0314960629921 1090.7716535433071 75.68503937007874 30.89763779527559 —
530.3622047244095 1090.7716535433071 90.99212598425197 30.89763779527559 L.
575.7165354330708 1090.7716535433071 90.99212598425197 30.89763779527559 s.
621.0708661417323 1090.7716535433071 90.99212598425197 30.89763779527559 de
666.7086614173228 1090.7716535433071 90.99212598425197 30.89763779527559 E.
712.0629921259842 1090.7716535433071 166.6771653543307 30.89763779527559 LEGOUVÉ
818.0787401574803 1090.7716535433071 60.661417322834644 30.89763779527559 et

118.77165354330708 1116.5669291338584 89.29133858267717 33.44881889763779 E.
163.55905511811022 1116.5669291338584 134.07874015748033 33.44881889763779 HAVIN
252.8503937007874 1116.5669291338584 89.29133858267717 33.44881889763779 au
297.6377952755906 1116.5669291338584 178.58267716535434 33.44881889763779 MARÉCHAL
431.43307086614175 1116.5669291338584 193.60629921259843 33.44881889763779 VAILLANT,
580.5354330708661 1116.5669291338584 178.58267716535434 33.44881889763779 ministre
714.3307086614174 1116.5669291338584 104.31496062992126 33.44881889763779 des
759.1181102362204 1116.5669291338584 119.05511811023622 33.44881889763779 Beaux-

121.03937007874016 1142.6456692913387 121.60629921259843 35.1496062992126 Arts;
202.11023622047244 1142.6456692913387 135.21259842519686 35.1496062992126 Paris,
296.78740157480314 1142.6456692913387 81.07086614173228 35.1496062992126 27
337.3228346456693 1142.6456692913387 162.14173228346456 35.1496062992126 décembre
458.92913385826773 1142.6456692913387 121.60629921259843 35.1496062992126 1867,
540.0 1142.6456692913387 67.46456692913385 35.1496062992126 1
567.2125984251968 1142.6456692913387 81.07086614173228 35.1496062992126 p.
607.7480314960629 1142.6456692913387 94.67716535433071 35.1496062992126 1/2
661.6062992125984 1142.6456692913387 121.60629921259843 35.1496062992126 in-4.
742.6771653543307 1142.6456692913387 67.46456692913385 35.1496062992126 —
769.8897637795276 1142.6456692913387 81.07086614173228 35.1496062992126 2°
796.8188976377953 1142.6456692913387 81.07086614173228 35.1496062992126 Note

119.33858267716535 1168.4409448818897 189.63779527559055 34.86614173228347 manuscrite
268.4409448818898 1168.4409448818897 149.10236220472441 34.86614173228347 émanant
376.7244094488189 1168.4409448818897 81.35433070866142 34.86614173228347 du
417.54330708661416 1168.4409448818897 176.03149606299212 34.86614173228347 ministère
553.0393700787401 1168.4409448818897 94.96062992125984 34.86614173228347 des
607.1811023622047 1168.4409448818897 203.24409448818898 34.86614173228347 Beaux-Arts;
769.8897637795276 1168.4409448818897 81.35433070866142 34.86614173228347 14
796.8188976377953 1168.4409448818897 81.35433070866142 34.86614173228347 jan-

111.96850393700787 1193.1023622047244 174.89763779527559 37.98425196850393 vier
221.10236220472441 1193.1023622047244 196.7244094488189 37.98425196850393 1868,
352.34645669291336 1193.1023622047244 109.41732283464567 37.98425196850393 2
396.0 1193.1023622047244 131.24409448818898 37.98425196850393 p.
461.76377952755905 1193.1023622047244 153.0708661417323 37.98425196850393 1/2
549.0708661417323 1193.1023622047244 284.31496062992125 37.98425196850393 in-folio.
767.6220472440945 1193.1023622047244 131.24409448818898 37.98425196850393 20
811.5590551181102 1193.1023622047244 65.48031496062993 37.98425196850393 »

115.37007874015748 1228.8188976377953 125.29133858267717 30.89763779527559 CURIEUX
206.36220472440945 1228.8188976377953 159.30708661417322 30.89763779527559 DOCUMENTS.
331.65354330708664 1228.8188976377953 79.65354330708661 30.89763779527559 MM.
377.00787401574803 1228.8188976377953 102.33070866141732 30.89763779527559 Havin
445.3228346456693 1228.8188976377953 68.31496062992126 30.89763779527559 et
479.62204724409446 1228.8188976377953 125.29133858267717 30.89763779527559 Legouvé
570.6141732283464 1228.8188976377953 159.30708661417322 30.89763779527559 demandent,
695.9055118110236 1228.8188976377953 90.99212598425197 30.89763779527559 pour
752.5984251968504 1228.8188976377953 113.95275590551181 30.89763779527559 ériger
820.9133858267717 1228.8188976377953 56.976377952755904 30.89763779527559 une

96.37795275590551 1248.0944881889764 98.92913385826772 31.748031496062993 statue
165.82677165354332 1248.0944881889764 59.52755905511811 31.748031496062993 de
195.30708661417322 1248.0944881889764 128.69291338582678 31.748031496062993 Voltaire,
294.5196850393701 1248.0944881889764 118.77165354330708 31.748031496062993 l’espace
383.5275590551181 1248.0944881889764 108.85039370078741 31.748031496062993 compris
462.61417322834643 1248.0944881889764 89.00787401574803 31.748031496062993 entre
522.1417322834645 1248.0944881889764 59.52755905511811 31.748031496062993 le
551.9055118110236 1248.0944881889764 79.08661417322834 31.748031496062993 pont
601.2283464566929 1248.0944881889764 69.16535433070867 31.748031496062993 des
640.9133858267717 1248.0944881889764 79.08661417322834 31.748031496062993 Arts
690.2362204724409 1248.0944881889764 59.52755905511811 31.748031496062993 et
720.0 1248.0944881889764 148.53543307086613 31.748031496062993 l’Institut.
828.8503937007874 1248.0944881889764 49.60629921259842 31.748031496062993 Les

94.67716535433071 1267.6535433070867 94.11023622047244 31.46456692913386 fonds
157.3228346456693 1267.6535433070867 83.62204724409449 31.46456692913386 pour
209.76377952755905 1267.6535433070867 146.26771653543307 31.46456692913386 l’érection
324.56692913385825 1267.6535433070867 62.645669291338585 31.46456692913386 de
356.0314960629921 1267.6535433070867 94.11023622047244 31.46456692913386 cette
418.6771653543307 1267.6535433070867 104.5984251968504 31.46456692913386 statue
491.81102362204723 1267.6535433070867 115.08661417322834 31.46456692913386 avaient
575.4330708661417 1267.6535433070867 73.13385826771653 31.46456692913386 été
617.1023622047244 1267.6535433070867 104.5984251968504 31.46456692913386 réunis
690.2362204724409 1267.6535433070867 73.13385826771653 31.46456692913386 par
732.1889763779527 1267.6535433070867 73.13385826771653 31.46456692913386 une
763.3700787401575 1267.6535433070867 115.08661417322834 31.46456692913386 souscrip-

97.22834645669292 1286.9291338582677 72.0 31.46456692913386 tion
142.29921259842519 1286.9291338582677 45.07086614173228 31.46456692913386 à
160.15748031496062 1286.9291338582677 72.0 31.46456692913386 0.25
205.22834645669292 1286.9291338582677 116.78740157480316 31.46456692913386 organisée
295.0866141732283 1286.9291338582677 62.92913385826772 31.46456692913386 par
331.0866141732283 1286.9291338582677 53.85826771653543 31.46456692913386 le
358.01574803149606 1286.9291338582677 98.92913385826772 31.46456692913386 journal
430.01574803149606 1286.9291338582677 53.85826771653543 31.46456692913386 le
456.9448818897638 1286.9291338582677 161.85826771653544 31.46456692913386 Siècle,
591.5905511811023 1286.9291338582677 53.85826771653543 31.46456692913386 et
618.5196850393701 1286.9291338582677 45.07086614173228 31.46456692913386 à
636.6614173228346 1286.9291338582677 108.0 31.46456692913386 laquelle
717.4488188976378 1286.9291338582677 98.92913385826772 31.46456692913386 202.500
780.3779527559055 1286.9291338582677 98.92913385826772 31.46456692913386 personnes

94.96062992125984 1306.2047244094488 119.90551181102362 31.46456692913386 avaient
181.98425196850394 1306.2047244094488 119.90551181102362 31.46456692913386 adhéré.
269.29133858267716 1306.2047244094488 54.425196850393704 31.46456692913386 —
290.8346456692913 1306.2047244094488 65.48031496062993 31.46456692913386 La
323.7165354330709 1306.2047244094488 87.02362204724409 31.46456692913386 note
378.1417322834646 1306.2047244094488 65.48031496062993 31.46456692913386 du
410.74015748031496 1306.2047244094488 141.73228346456693 31.46456692913386 ministère
519.8740157480315 1306.2047244094488 76.25196850393701 31.46456692913386 des
563.2440944881889 1306.2047244094488 152.50393700787401 31.46456692913386 Beaux-Arts
683.1496062992126 1306.2047244094488 108.85039370078741 31.46456692913386 combat
759.4015748031496 1306.2047244094488 65.48031496062993 31.46456692913386 le
781.2283464566929 1306.2047244094488 98.07874015748031 31.46456692913386 projet,

94.96062992125984 1325.4803149606298 87.30708661417323 32.59842519685039 pour
149.38582677165354 1325.4803149606298 141.73228346456693 32.59842519685039 plusieurs
258.5196850393701 1325.4803149606298 130.96062992125985 32.59842519685039 raisons.
356.59842519685037 1325.4803149606298 76.25196850393701 32.59842519685039 Les
400.251968503937 1325.4803149606298 109.13385826771653 32.59842519685039 places
476.503937007874 1325.4803149606298 141.73228346456693 32.59842519685039 publiques
585.3543307086615 1325.4803149606298 119.90551181102362 32.59842519685039 doivent
672.6614173228346 1325.4803149606298 87.30708661417323 32.59842519685039 être
727.0866141732283 1325.4803149606298 141.73228346456693 32.59842519685039 réservées
825.4488188976378 1325.4803149606298 54.425196850393704 32.59842519685039 aux

95.5275590551181 1344.1889763779527 139.748031496063 31.748031496062993 monuments
202.96062992125985 1344.1889763779527 107.43307086614173 31.748031496062993 dédiés
278.3622047244094 1344.1889763779527 53.85826771653543 31.748031496062993 à
299.90551181102364 1344.1889763779527 75.11811023622047 31.748031496062993 des
342.70866141732284 1344.1889763779527 161.29133858267716 31.748031496062993 souverains,
471.68503937007875 1344.1889763779527 85.88976377952756 31.748031496062993 mais
525.5433070866142 1344.1889763779527 64.62992125984252 31.748031496062993 si
557.5748031496063 1344.1889763779527 85.88976377952756 31.748031496062993 l’on
611.4330708661417 1344.1889763779527 85.88976377952756 31.748031496062993 veut
665.2913385826772 1344.1889763779527 118.20472440944881 31.748031496062993 traiter
751.1811023622047 1344.1889763779527 128.9763779527559 31.748031496062993 Voltaire
837.0708661417323 1344.1889763779527 43.08661417322835 31.748031496062993 en

97.22834645669292 1363.748031496063 136.91338582677164 31.748031496062993 souverain,
204.9448818897638 1363.748031496063 107.71653543307086 31.748031496062993 puisque
283.18110236220474 1363.748031496063 78.23622047244095 31.748031496062993 dans
332.2204724409449 1363.748031496063 58.67716535433071 31.748031496062993 un
361.4173228346457 1363.748031496063 107.71653543307086 31.748031496062993 certain
439.65354330708664 1363.748031496063 88.15748031496064 31.748031496062993 monde
498.3307086614173 1363.748031496063 58.67716535433071 31.748031496062993 on
527.8110236220473 1363.748031496063 68.5984251968504 31.748031496062993 lui
566.9291338582677 1363.748031496063 49.039370078740156 31.748031496062993 a
586.488188976378 1363.748031496063 88.15748031496064 31.748031496062993 donné
645.1653543307086 1363.748031496063 58.67716535433071 31.748031496062993 le
674.3622047244095 1363.748031496063 88.15748031496064 31.748031496062993 titre
733.0393700787401 1363.748031496063 58.67716535433071 31.748031496062993 de
752.5984251968504 1363.748031496063 127.2755905511811 31.748031496062993 Roi,

96.09448818897638 1382.740157480315 196.15748031496062 32.59842519685039 l'emplacement
257.6692913385827 1382.740157480315 126.99212598425197 32.59842519685039 demandé
350.0787401574803 1382.740157480315 115.37007874015748 32.59842519685039 est-il
430.86614173228344 1382.740157480315 92.40944881889764 32.59842519685039 bien
488.6929133858268 1382.740157480315 126.99212598425197 32.59842519685039 choisi.
580.8188976377953 1382.740157480315 161.5748031496063 32.59842519685039 L’érection
707.8110236220473 1382.740157480315 92.40944881889764 32.59842519685039 d’un
754.0157480314961 1382.740157480315 126.99212598425197 32.59842519685039 semblable

96.94488188976378 1402.2992125984251 126.99212598425197 35.1496062992126 monument
192.18897637795277 1402.2992125984251 126.99212598425197 35.1496062992126 pourrait
287.43307086614175 1402.2992125984251 126.99212598425197 35.1496062992126 froisser
382.6771653543307 1402.2992125984251 158.74015748031496 35.1496062992126 l'Institut.
509.9527559055118 1402.2992125984251 137.76377952755905 35.1496062992126 «Voltaire
615.6850393700787 1402.2992125984251 95.24409448818898 35.1496062992126 n’est
679.1811023622047 1402.2992125984251 73.98425196850394 35.1496062992126 pas
721.7007874015748 1402.2992125984251 63.496062992125985 35.1496062992126 un
753.4488188976378 1402.2992125984251 63.496062992125985 35.1496062992126 de
785.1968503937007 1402.2992125984251 73.98425196850394 35.1496062992126 ces
816.9448818897638 1402.2992125984251 63.496062992125985 35.1496062992126 hom-

96.09448818897638 1420.724409448819 71.43307086614173 37.13385826771653 mes
136.91338582677164 1420.724409448819 101.76377952755905 37.13385826771653 devant
208.06299212598427 1420.724409448819 122.1732283464567 37.13385826771653 lesquels
299.90551181102364 1420.724409448819 81.63779527559055 37.13385826771653 tous
350.92913385826773 1420.724409448819 71.43307086614173 37.13385826771653 les
391.748031496063 1420.724409448819 122.1732283464567 37.13385826771653 citoyens
483.3070866141732 1420.724409448819 152.78740157480314 37.13385826771653 s'inclinent
605.4803149606299 1420.724409448819 81.63779527559055 37.13385826771653 avec
656.503937007874 1420.724409448819 173.1968503937008 37.13385826771653 respect.....;
799.0866141732283 1420.724409448819 71.43307086614173 37.13385826771653 son
829.7007874015748 1420.724409448819 51.023622047244096 37.13385826771653 nom

97.79527559055119 1439.716535433071 111.96850393700787 38.267716535433074 appelle
179.1496062992126 1439.716535433071 60.94488188976378 38.267716535433074 la
209.76377952755905 1439.716535433071 122.1732283464567 38.267716535433074 dispute;
301.3228346456693 1439.716535433071 71.14960629921259 38.267716535433074 ses
342.1417322834646 1439.716535433071 132.3779527559055 38.267716535433074 doctrines
443.90551181102364 1439.716535433071 60.94488188976378 38.267716535433074 et
474.5196850393701 1439.716535433071 71.14960629921259 38.267716535433074 ses
515.0551181102362 1439.716535433071 132.3779527559055 38.267716535433074 principes
616.8188976377953 1439.716535433071 81.35433070866142 38.267716535433074 sont
667.8425196850394 1439.716535433071 60.94488188976378 38.267716535433074 le
698.4566929133858 1439.716535433071 91.55905511811024 38.267716535433074 sujet
759.4015748031496 1439.716535433071 71.14960629921259 38.267716535433074 des
790.0157480314961 1439.716535433071 91.55905511811024 38.267716535433074 contro-

96.94488188976378 1464.6614173228347 104.5984251968504 29.763779527559056 verses
170.07874015748033 1464.6614173228347 73.13385826771653 29.763779527559056 les
212.03149606299212 1464.6614173228347 83.62204724409449 29.763779527559056 plus
264.18897637795277 1464.6614173228347 188.2204724409449 29.763779527559056 douloureuses.»
421.2283464566929 1464.6614173228347 125.5748031496063 29.763779527559056 Piquants
504.8503937007874 1464.6614173228347 104.5984251968504 29.763779527559056 détails.
