910.2047244094488 1504.0629921259842
378.4251968503937 35.43307086614173 96.94488188976378 21.826771653543307 —
416.9763779527559 35.43307086614173 116.22047244094489 21.826771653543307 12
455.81102362204723 35.43307086614173 58.110236220472444 21.826771653543307 —

87.8740157480315 86.45669291338582 155.33858267716536 31.46456692913386 invention.
209.76377952755905 86.45669291338582 88.7244094488189 31.46456692913386 Dans
265.3228346456693 86.45669291338582 66.61417322834646 31.46456692913386 la
298.7716535433071 86.45669291338582 122.1732283464567 31.46456692913386 seconde
387.496062992126 86.45669291338582 66.61417322834646 31.46456692913386 il
420.66141732283467 86.45669291338582 99.77952755905511 31.46456692913386 offre
487.2755905511811 86.45669291338582 77.66929133858268 31.46456692913386 ses
531.496062992126 86.45669291338582 133.22834645669292 31.46456692913386 services
631.5590551181102 86.45669291338582 55.55905511811024 31.46456692913386 à
653.6692913385826 86.45669291338582 66.61417322834646 31.46456692913386 M.
686.8346456692914 86.45669291338582 66.61417322834646 31.46456692913386 de
720.2834645669292 86.45669291338582 122.1732283464567 31.46456692913386 Lesseps
797.9527559055118 86.45669291338582 88.7244094488189 31.46456692913386 «C’est

90.70866141732283 106.2992125984252 121.60629921259843 36.8503937007874 presque
179.1496062992126 106.2992125984252 66.33070866141732 36.8503937007874 la
212.31496062992127 106.2992125984252 77.38582677165354 36.8503937007874 vie
256.251968503937 106.2992125984252 77.38582677165354 36.8503937007874 que
300.4724409448819 106.2992125984252 88.44094488188976 36.8503937007874 vous
355.748031496063 106.2992125984252 66.33070866141732 36.8503937007874 me
388.9133858267717 106.2992125984252 121.60629921259843 36.8503937007874 rendrez
477.3543307086614 106.2992125984252 66.33070866141732 36.8503937007874 en
510.23622047244095 106.2992125984252 132.3779527559055 36.8503937007874 m’aidant
609.7322834645669 106.2992125984252 55.275590551181104 36.8503937007874 à
631.8425196850394 106.2992125984252 110.55118110236221 36.8503937007874 sortir
709.2283464566929 106.2992125984252 66.33070866141732 36.8503937007874 de
742.3937007874016 106.2992125984252 143.43307086614172 36.8503937007874 l’impasse
841.6062992125984 106.2992125984252 44.22047244094488 36.8503937007874 où

88.7244094488189 129.54330708661416 64.62992125984252 29.480314960629922 je
121.03937007874016 129.54330708661416 64.62992125984252 29.480314960629922 me
153.35433070866142 129.54330708661416 129.25984251968504 29.480314960629922 consume,
250.29921259842519 129.54330708661416 129.25984251968504 29.480314960629922 inutile,
347.244094488189 129.54330708661416 107.71653543307086 29.480314960629922 depuis
422.6456692913386 129.54330708661416 86.1732283464567 29.480314960629922 huit
465.73228346456693 129.54330708661416 107.71653543307086 29.480314960629922 années.»

11.622047244094489 177.16535433070865 143.1496062992126 38.267716535433074 43543.
111.68503937007874 177.16535433070865 128.9763779527559 38.267716535433074 LOBAU
197.5748031496063 177.16535433070865 171.7795275590551 38.267716535433074 (Georges
326.5511811023622 177.16535433070865 157.60629921259843 38.267716535433074 MOUTON,
441.07086614173227 177.16535433070865 128.9763779527559 38.267716535433074 comte
526.9606299212599 177.16535433070865 114.51968503937007 38.267716535433074 de),
598.3937007874016 177.16535433070865 171.7795275590551 38.267716535433074 maréchal
727.3700787401575 177.16535433070865 85.88976377952756 38.267716535433074 de
756.0 177.16535433070865 128.9763779527559 38.267716535433074 France,

114.80314960629921 203.81102362204723 82.48818897637796 37.13385826771653 un
156.18897637795277 203.81102362204723 96.37795275590551 37.13385826771653 des
211.1811023622047 203.81102362204723 123.8740157480315 37.13385826771653 héros
293.6692913385827 203.81102362204723 96.37795275590551 37.13385826771653 des
348.66141732283467 203.81102362204723 151.37007874015748 37.13385826771653 guerres
458.6456692913386 203.81102362204723 82.48818897637796 37.13385826771653 de
500.0314960629921 203.81102362204723 178.86614173228347 37.13385826771653 l’Empire.
637.511811023622 203.81102362204723 68.88188976377953 37.13385826771653 —
665.007874015748 203.81102362204723 82.48818897637796 37.13385826771653 L.
706.1102362204724 203.81102362204723 82.48818897637796 37.13385826771653 s.
747.496062992126 203.81102362204723 68.88188976377953 37.13385826771653 à
761.1023622047244 203.81102362204723 123.8740157480315 37.13385826771653 Davout;

93.54330708661418 231.0236220472441 377.8582677165354 36.0 (1815),
368.2204724409449 231.0236220472441 171.7795275590551 36.0 1
437.1023622047244 231.0236220472441 206.07874015748033 36.0 p.
540.0 231.0236220472441 309.25984251968504 36.0 in-4.
746.0787401574803 231.0236220472441 171.7795275590551 36.0 5
780.3779527559055 231.0236220472441 103.18110236220473 36.0 »

11.622047244094489 287.1496062992126 134.36220472440945 37.98425196850393 43544.
105.44881889763779 287.1496062992126 120.75590551181102 37.98425196850393 LOUIS
185.95275590551182 287.1496062992126 107.43307086614173 37.98425196850393 XIV,
253.13385826771653 287.1496062992126 94.11023622047244 37.98425196850393 roi
306.99212598425197 287.1496062992126 80.50393700787401 37.98425196850393 de
347.244094488189 287.1496062992126 147.68503937007873 37.98425196850393 France.
454.6771653543307 287.1496062992126 67.18110236220473 37.98425196850393 —
481.3228346456693 287.1496062992126 67.18110236220473 37.98425196850393 L
508.251968503937 287.1496062992126 80.50393700787401 37.98425196850393 s.
548.503937007874 287.1496062992126 107.43307086614173 37.98425196850393 (par
615.6850393700787 287.1496062992126 80.50393700787401 37.98425196850393 le
655.9370078740158 287.1496062992126 187.93700787401573 37.98425196850393 secrétaire
803.6220472440945 287.1496062992126 80.50393700787401 37.98425196850393 de
830.5511811023622 287.1496062992126 53.574803149606296 37.98425196850393 la

115.65354330708661 314.0787401574803 125.85826771653544 36.0 main),
203.5275590551181 314.0787401574803 75.4015748031496 36.0 au
241.22834645669292 314.0787401574803 150.8031496062992 36.0 maréchal
354.61417322834643 314.0787401574803 75.4015748031496 36.0 de
392.31496062992125 314.0787401574803 163.55905511811022 36.0 Villeroy;
517.8897637795276 314.0787401574803 188.78740157480314 36.0 Versailles,
668.9763779527559 314.0787401574803 75.4015748031496 36.0 28
706.6771653543307 314.0787401574803 138.33070866141733 36.0 février
794.5511811023622 314.0787401574803 88.15748031496064 36.0 1712,

86.74015748031496 340.7244094488189 214.58267716535434 35.1496062992126 1
172.3464566929134 340.7244094488189 257.38582677165357 35.1496062992126 p.
301.03937007874015 340.7244094488189 557.8582677165355 35.1496062992126 in-folio.
687.4015748031496 340.7244094488189 171.49606299212599 35.1496062992126 10

113.38582677165354 389.76377952755905 63.21259842519685 28.913385826771652 Il
144.8503937007874 389.76377952755905 137.1968503937008 28.913385826771652 l'informe
250.58267716535434 389.76377952755905 63.21259842519685 28.913385826771652 de
282.0472440944882 389.76377952755905 63.21259842519685 28.913385826771652 la
313.79527559055117 389.76377952755905 84.4724409448819 28.913385826771652 mort
366.5196850393701 389.76377952755905 63.21259842519685 28.913385826771652 du
397.98425196850394 389.76377952755905 126.70866141732283 28.913385826771652 dauphin,
492.9448818897638 389.76377952755905 73.7007874015748 28.913385826771652 son
535.1811023622047 389.76377952755905 147.68503937007873 28.913385826771652 petit-fils
651.1181102362204 389.76377952755905 63.21259842519685 28.913385826771652 et
682.8661417322835 389.76377952755905 63.21259842519685 28.913385826771652 de
714.6141732283464 389.76377952755905 63.21259842519685 28.913385826771652 la
746.0787401574803 389.76377952755905 137.1968503937008 28.913385826771652 dauphine,
841.0393700787401 389.76377952755905 42.23622047244095 28.913385826771652 sa

94.67716535433071 409.8897637795276 159.59055118110237 29.19685039370079 petite-fille.
226.20472440944883 409.8897637795276 56.40944881889764 29.19685039370079 Il
254.26771653543307 409.8897637795276 65.76377952755905 29.19685039370079 lui
291.68503937007875 409.8897637795276 112.53543307086615 29.19685039370079 prescrit
376.15748031496065 409.8897637795276 131.5275590551181 29.19685039370079 d'assister
479.62204724409446 409.8897637795276 65.76377952755905 29.19685039370079 aux
517.0393700787401 409.8897637795276 103.18110236220473 29.19685039370079 prières
592.1574803149606 409.8897637795276 65.76377952755905 29.19685039370079 qui
629.8582677165355 409.8897637795276 93.8267716535433 29.19685039370079 seront
695.6220472440945 409.8897637795276 84.4724409448819 29.19685039370079 dites
751.7480314960629 409.8897637795276 47.05511811023622 29.19685039370079 à
770.7401574803149 409.8897637795276 84.4724409448819 29.19685039370079 cette
817.511811023622 409.8897637795276 65.76377952755905 29.19685039370079 occa

86.74015748031496 437.9527559055118 66.61417322834646 15.874015748031496 sion.

18.4251968503937 479.33858267716533 113.95275590551181 36.28346456692913 43545.
98.07874015748031 479.33858267716533 102.61417322834646 36.28346456692913 LOUIS
166.39370078740157 479.33858267716533 68.31496062992126 36.28346456692913 V,
200.69291338582678 479.33858267716533 79.65354330708661 36.28346456692913 dit
246.33070866141733 479.33858267716533 68.31496062992126 36.28346456692913 le
280.34645669291336 479.33858267716533 239.24409448818898 36.28346456692913 Pacifique,
485.29133858267716 479.33858267716533 102.61417322834646 36.28346456692913 comte
553.8897637795276 479.33858267716533 125.29133858267717 36.28346456692913 palatin
644.8818897637796 479.33858267716533 68.31496062992126 36.28346456692913 du
679.1811023622047 479.33858267716533 102.61417322834646 36.28346456692913 Rhin,
747.496062992126 479.33858267716533 79.65354330708661 36.28346456692913 qui
781.511811023622 479.33858267716533 102.61417322834646 36.28346456692913 contri-

119.90551181102362 505.7007874015748 93.8267716535433 34.01574803149607 bua
173.48031496062993 505.7007874015748 200.9763779527559 34.01574803149607 puissamment
334.20472440944883 505.7007874015748 66.89763779527559 34.01574803149607 à
361.13385826771656 505.7007874015748 187.6535433070866 34.01574803149607 l’élection
508.53543307086613 505.7007874015748 80.50393700787401 34.01574803149607 de
548.7874015748032 505.7007874015748 227.90551181102362 34.01574803149607 Charles-Quint
736.4409448818898 505.7007874015748 66.89763779527559 34.01574803149607 à
749.7637795275591 505.7007874015748 134.07874015748033 34.01574803149607 l’Empire

120.18897637795276 531.7795275590552 73.98425196850394 34.01574803149607 et
157.03937007874015 531.7795275590552 86.1732283464567 34.01574803149607 qui
206.36220472440945 531.7795275590552 110.83464566929133 34.01574803149607 défit
280.06299212598424 531.7795275590552 110.83464566929133 34.01574803149607 Franz
354.0472440944882 531.7795275590552 73.98425196850394 34.01574803149607 de
390.8976377952756 531.7795275590552 172.3464566929134 34.01574803149607 Sickingen.
526.3937007874016 531.7795275590552 61.511811023622045 34.01574803149607 —
551.0551181102362 531.7795275590552 73.98425196850394 34.01574803149607 L.
587.9055118110236 531.7795275590552 86.1732283464567 34.01574803149607 s.,
637.2283464566929 531.7795275590552 73.98425196850394 34.01574803149607 en
674.0787401574803 531.7795275590552 147.68503937007873 34.01574803149607 italien,
784.9133858267717 531.7795275590552 98.64566929133858 34.01574803149607 avec
834.2362204724409 531.7795275590552 49.32283464566929 34.01574803149607 la

120.18897637795276 558.4251968503937 217.98425196850394 33.732283464566926 souscription
297.07086614173227 558.4251968503937 122.45669291338582 33.732283464566926 aut.,
378.99212598425197 558.4251968503937 68.03149606299213 33.732283464566926 à
406.20472440944883 558.4251968503937 149.66929133858267 33.732283464566926 Antonio
515.0551181102362 558.4251968503937 176.88188976377953 33.732283464566926 Bagaroto;
651.1181102362204 558.4251968503937 176.88188976377953 33.732283464566926 Landshut,
787.4645669291339 558.4251968503937 81.63779527559055 33.732283464566926 23
814.6771653543307 558.4251968503937 68.03149606299213 33.732283464566926 mai

112.81889763779527 584.503937007874 192.18897637795277 33.16535433070866 1537,
240.9448818897638 584.503937007874 149.38582677165354 33.16535433070866 1/2
326.26771653543307 584.503937007874 128.1259842519685 33.16535433070866 p.
390.3307086614173 584.503937007874 277.51181102362204 33.16535433070866 in-folio,
604.0629921259842 584.503937007874 234.99212598425197 33.16535433070866 cachet.
774.7086614173228 584.503937007874 128.1259842519685 33.16535433070866 20
817.511811023622 584.503937007874 64.06299212598425 33.16535433070866 »

16.440944881889763 639.2125984251968 133.51181102362204 36.0 43546.
109.98425196850394 639.2125984251968 120.18897637795276 36.0 LULLY
189.92125984251967 639.2125984251968 267.0236220472441 36.0 (Jean-Baptiste),
416.9763779527559 639.2125984251968 146.83464566929135 36.0 célèbre
523.8425196850394 639.2125984251968 200.40944881889763 36.0 compositeur
684.0 639.2125984251968 80.22047244094489 36.0 de
724.2519685039371 639.2125984251968 160.15748031496062 36.0 musique.
831.1181102362204 639.2125984251968 39.968503937007874 36.0 —

121.03937007874016 665.2913385826772 77.38582677165354 34.2992125984252 P.
159.59055118110237 665.2913385826772 77.38582677165354 34.2992125984252 s.
198.14173228346456 665.2913385826772 90.14173228346456 34.2992125984252 sur
249.73228346456693 665.2913385826772 128.9763779527559 34.2992125984252 vélin;
340.15748031496065 665.2913385826772 128.9763779527559 34.2992125984252 Paris,
430.2992125984252 665.2913385826772 77.38582677165354 34.2992125984252 15
469.13385826771656 665.2913385826772 141.73228346456693 34.2992125984252 juillet
572.0314960629921 665.2913385826772 115.93700787401575 34.2992125984252 1696,
649.4173228346457 665.2913385826772 64.34645669291339 34.2992125984252 1
675.2125984251968 665.2913385826772 77.38582677165354 34.2992125984252 p.
714.0472440944882 665.2913385826772 103.18110236220473 34.2992125984252 in-4
765.6377952755905 665.2913385826772 115.93700787401575 34.2992125984252 oblong.

93.25984251968504 691.6535433070866 669.8267716535433 27.77952755905512 Rare.
637.511811023622 691.6535433070866 251.1496062992126 27.77952755905512 40
721.1338582677165 691.6535433070866 167.5275590551181 27.77952755905512 ».

117.35433070866142 736.7244094488188 84.75590551181102 28.062992125984252 Reçu
170.07874015748033 736.7244094488188 63.496062992125985 28.062992125984252 de
201.82677165354332 736.7244094488188 73.98425196850394 28.062992125984252 ses
244.3464566929134 736.7244094488188 95.24409448818898 28.062992125984252 gages
307.84251968503935 736.7244094488188 84.75590551181102 28.062992125984252 pour
360.56692913385825 736.7244094488188 63.496062992125985 28.062992125984252 la
392.31496062992125 736.7244094488188 105.73228346456693 28.062992125984252 charge
466.5826771653543 736.7244094488188 63.496062992125985 28.062992125984252 de
498.3307086614173 736.7244094488188 169.22834645669292 28.062992125984252 surintendant
635.8110236220473 736.7244094488188 63.496062992125985 28.062992125984252 de
667.5590551181102 736.7244094488188 63.496062992125985 28.062992125984252 la
699.3070866141733 736.7244094488188 116.50393700787401 28.062992125984252 musique
783.7795275590552 736.7244094488188 63.496062992125985 28.062992125984252 du
805.0393700787401 736.7244094488188 63.496062992125985 28.062992125984252 roi.

18.992125984251967 785.4803149606299 139.46456692913387 35.43307086614173 43547.
116.50393700787401 785.4803149606299 167.24409448818898 35.43307086614173 MAINDRON
242.07874015748033 785.4803149606299 334.7716535433071 35.43307086614173 (Etienne-Hippolyte),
534.8976377952756 785.4803149606299 195.30708661417322 35.43307086614173 sculpteur,
688.2519685039371 785.4803149606299 83.62204724409449 35.43307086614173 né
730.2047244094488 785.4803149606299 69.73228346456693 35.43307086614173 à
744.0944881889764 785.4803149606299 139.46456692913387 35.43307086614173 Champto-

124.15748031496064 810.1417322834645 111.96850393700787 34.2992125984252 ceaux
198.99212598425197 810.1417322834645 261.3543307086614 34.2992125984252 (Maine-et-Loire).
422.92913385826773 810.1417322834645 62.36220472440945 34.2992125984252 —
447.87401574803147 810.1417322834645 74.55118110236221 34.2992125984252 L.
485.00787401574803 810.1417322834645 74.55118110236221 34.2992125984252 a.
522.4251968503937 810.1417322834645 87.02362204724409 34.2992125984252 s.;
572.3149606299213 810.1417322834645 124.44094488188976 34.2992125984252 Paris,
659.3385826771654 810.1417322834645 87.02362204724409 34.2992125984252 1er
708.9448818897638 810.1417322834645 136.91338582677164 34.2992125984252 juillet
796.2519685039371 810.1417322834645 87.02362204724409 34.2992125984252 1859,

94.96062992125984 837.3543307086615 207.49606299212599 34.01574803149607 3
177.73228346456693 837.3543307086615 248.88188976377953 34.01574803149607 p.
302.1732283464567 837.3543307086615 290.26771653543307 34.01574803149607 1/2
468.2834645669291 837.3543307086615 373.3228346456693 34.01574803149607 in-8.
717.1653543307086 837.3543307086615 207.49606299212599 34.01574803149607 5
758.5511811023622 837.3543307086615 124.44094488188976 34.01574803149607 »

120.75590551181102 884.1259842519685 156.75590551181102 27.77952755905512 Intéressante
248.31496062992127 884.1259842519685 97.79527559055119 27.77952755905512 lettre
316.62992125984255 884.1259842519685 58.67716535433071 27.77952755905512 où
346.1102362204724 884.1259842519685 58.67716535433071 27.77952755905512 il
375.59055118110234 884.1259842519685 127.2755905511811 27.77952755905512 transcrit
473.38582677165357 884.1259842519685 58.67716535433071 27.77952755905512 un
502.86614173228344 884.1259842519685 107.71653543307086 27.77952755905512 article
581.1023622047244 884.1259842519685 117.63779527559055 27.77952755905512 élogieux
669.2598425196851 884.1259842519685 58.67716535433071 27.77952755905512 de
698.7401574803149 884.1259842519685 88.15748031496064 27.77952755905512 Jules
757.4173228346457 884.1259842519685 88.15748031496064 27.77952755905512 Janin
816.0944881889764 884.1259842519685 68.5984251968504 27.77952755905512 sur
845.5748031496063 884.1259842519685 39.118110236220474 27.77952755905512 sa

100.06299212598425 903.6850393700787 107.43307086614173 28.062992125984252 statue
175.46456692913387 903.6850393700787 64.62992125984252 28.062992125984252 de
207.49606299212599 903.6850393700787 107.43307086614173 28.062992125984252 sainte
282.8976377952756 903.6850393700787 150.51968503937007 28.062992125984252 Geneviève.
401.1023622047244 903.6850393700787 64.62992125984252 28.062992125984252 Il
433.4173228346457 903.6850393700787 96.66141732283465 28.062992125984252 donne
497.76377952755905 903.6850393700787 96.66141732283465 28.062992125984252 aussi
562.3937007874016 903.6850393700787 64.62992125984252 28.062992125984252 la
594.4251968503937 903.6850393700787 161.29133858267716 28.062992125984252 description
723.4015748031496 903.6850393700787 85.88976377952756 28.062992125984252 d’un
777.2598425196851 903.6850393700787 96.66141732283465 28.062992125984252 autre
830.8346456692914 903.6850393700787 53.85826771653543 28.062992125984252 ou-

100.91338582677166 922.9606299212599 94.11023622047244 29.19685039370079 vrage
163.55905511811022 922.9606299212599 73.13385826771653 29.19685039370079 qui
205.51181102362204 922.9606299212599 83.62204724409449 29.19685039370079 doit
257.6692913385827 922.9606299212599 73.13385826771653 29.19685039370079 lui
299.62204724409446 922.9606299212599 94.11023622047244 29.19685039370079 faire
362.26771653543307 922.9606299212599 125.29133858267717 29.19685039370079 pendant,
456.37795275590554 922.9606299212599 62.645669291338585 29.19685039370079 et
487.5590551181102 922.9606299212599 73.13385826771653 29.19685039370079 qui
529.511811023622 922.9606299212599 167.24409448818898 29.19685039370079 représentera
665.2913385826772 922.9606299212599 62.645669291338585 29.19685039370079 le
696.4724409448819 922.9606299212599 115.08661417322834 29.19685039370079 baptême
780.0944881889764 922.9606299212599 62.645669291338585 29.19685039370079 de
801.0708661417323 922.9606299212599 83.62204724409449 29.19685039370079 Clovis

99.21259842519684 949.6062992125984 77.38582677165354 22.393700787401574 par
143.43307086614172 949.6062992125984 99.21259842519684 22.393700787401574 saint
198.4251968503937 949.6062992125984 77.38582677165354 22.393700787401574 Rémy.

23.244094488188978 990.4251968503937 123.30708661417323 35.43307086614173 43548.
109.41732283464567 990.4251968503937 135.49606299212599 35.43307086614173 MAISTRE
208.06299212598427 990.4251968503937 135.49606299212599 35.43307086614173 (Xavier
306.70866141732284 990.4251968503937 98.64566929133858 35.43307086614173 de),
368.2204724409449 990.4251968503937 73.98425196850394 35.43307086614173 le
405.3543307086614 990.4251968503937 135.49606299212599 35.43307086614173 célèbre
504.0 990.4251968503937 123.30708661417323 35.43307086614173 auteur
590.1732283464567 990.4251968503937 73.98425196850394 35.43307086614173 du
627.3070866141733 990.4251968503937 160.15748031496062 35.43307086614173 Voyage
738.1417322834645 990.4251968503937 147.96850393700788 35.43307086614173 autour

126.99212598425197 1016.2204724409448 108.0 34.86614173228347 de
198.99212598425197 1016.2204724409448 72.0 34.86614173228347 ma
234.99212598425197 1016.2204724409448 192.18897637795277 34.86614173228347 chambre.
391.18110236220474 1016.2204724409448 60.09448818897638 34.86614173228347 —
415.2755905511811 1016.2204724409448 72.0 34.86614173228347 L.
451.2755905511811 1016.2204724409448 72.0 34.86614173228347 a.
487.2755905511811 1016.2204724409448 72.0 34.86614173228347 s.
523.2755905511812 1016.2204724409448 72.0 34.86614173228347 X.
559.5590551181102 1016.2204724409448 72.0 34.86614173228347 M.
595.5590551181102 1016.2204724409448 60.09448818897638 34.86614173228347 à
619.3700787401575 1016.2204724409448 72.0 34.86614173228347 la
655.6535433070866 1016.2204724409448 144.28346456692913 34.86614173228347 marquise
763.6535433070866 1016.2204724409448 72.0 34.86614173228347 de
787.7480314960629 1016.2204724409448 96.09448818897638 34.86614173228347 Barol,

113.38582677165354 1042.8661417322835 128.1259842519685 35.43307086614173 1
164.40944881889763 1042.8661417322835 153.92125984251967 35.43307086614173 p.
241.51181102362204 1042.8661417322835 256.251968503937 35.43307086614173 in-16.
420.9448818897638 1042.8661417322835 410.1732283464567 35.43307086614173 Rare.
754.2992125984252 1042.8661417322835 153.92125984251967 35.43307086614173 20
805.6062992125984 1042.8661417322835 76.81889763779527 35.43307086614173 »

23.52755905511811 1091.3385826771653 143.71653543307087 41.669291338582674 43549.
124.15748031496064 1091.3385826771653 157.88976377952756 41.669291338582674 MARASSÉ
238.96062992125985 1091.3385826771653 330.23622047244095 41.669291338582674 (Jean-René-Blandine
526.1102362204724 1091.3385826771653 114.80314960629921 41.669291338582674 de),
598.1102362204724 1091.3385826771653 157.88976377952756 41.669291338582674 général
712.9133858267717 1091.3385826771653 86.1732283464567 41.669291338582674 de
756.0 1091.3385826771653 86.1732283464567 41.669291338582674 la
784.6299212598425 1091.3385826771653 100.62992125984252 41.669291338582674 Répu-

127.2755905511811 1119.9685039370079 157.3228346456693 37.7007874015748 blique,
241.51181102362204 1119.9685039370079 200.40944881889763 37.7007874015748 commandant
399.11811023622045 1119.9685039370079 85.88976377952756 37.7007874015748 en
441.9212598425197 1119.9685039370079 114.51968503937007 37.7007874015748 chef
513.6377952755905 1119.9685039370079 71.43307086614173 37.7007874015748 à
541.9842519685039 1119.9685039370079 143.1496062992126 37.7007874015748 Anvers
642.3307086614174 1119.9685039370079 85.88976377952756 37.7007874015748 en
685.1338582677165 1119.9685039370079 128.69291338582678 37.7007874015748 1793,
771.0236220472441 1119.9685039370079 85.88976377952756 37.7007874015748 né
814.1102362204724 1119.9685039370079 71.43307086614173 37.7007874015748 à
828.2834645669292 1119.9685039370079 57.25984251968504 37.7007874015748 La

128.1259842519685 1146.8976377952756 175.748031496063 35.71653543307087 Rochelle.
263.33858267716533 1146.8976377952756 67.46456692913385 35.71653543307087 —
290.26771653543307 1146.8976377952756 81.07086614173228 35.71653543307087 P.
330.8031496062992 1146.8976377952756 94.67716535433071 35.71653543307087 s.,
384.9448818897638 1146.8976377952756 108.0 35.71653543307087 avec
452.40944881889766 1146.8976377952756 94.67716535433071 35.71653543307087 une
506.5511811023622 1146.8976377952756 121.60629921259843 35.71653543307087 ligne
587.6220472440945 1146.8976377952756 121.60629921259843 35.71653543307087 aut.;
668.6929133858267 1146.8976377952756 148.53543307086613 35.71653543307087 Anvers,
776.9763779527559 1146.8976377952756 81.07086614173228 35.71653543307087 27
803.9055118110236 1146.8976377952756 81.07086614173228 35.71653543307087 mars

107.71653543307086 1172.976377952756 303.59055118110234 35.71653543307087 1793,
310.1102362204724 1172.976377952756 236.1259842519685 35.71653543307087 1/2
445.03937007874015 1172.976377952756 202.39370078740157 35.71653543307087 p.
546.2362204724409 1172.976377952756 303.59055118110234 35.71653543307087 in-4.
748.6299212598425 1172.976377952756 168.66141732283464 35.71653543307087 4
782.3622047244095 1172.976377952756 101.19685039370079 35.71653543307087 »

26.078740157480315 1226.267716535433 145.41732283464566 37.13385826771653 43550.
127.84251968503936 1226.267716535433 130.96062992125985 37.13385826771653 MARET
215.1496062992126 1226.267716535433 189.0708661417323 37.13385826771653 (Hugues),
360.8503937007874 1226.267716535433 101.76377952755905 37.13385826771653 duc
418.96062992125985 1226.267716535433 87.30708661417323 37.13385826771653 de
462.61417322834643 1226.267716535433 174.61417322834646 37.13385826771653 Bassano,
593.5748031496063 1226.267716535433 160.15748031496062 37.13385826771653 célèbre
710.0787401574803 1226.267716535433 174.61417322834646 37.13385826771653 ministre
826.5826771653543 1226.267716535433 58.110236220472444 37.13385826771653 de

128.9763779527559 1251.2125984251968 174.33070866141733 37.98425196850393 Napoléon
259.65354330708664 1251.2125984251968 116.22047244094489 37.98425196850393 Ier.
332.2204724409449 1251.2125984251968 72.56692913385827 37.98425196850393 —
361.4173228346457 1251.2125984251968 87.30708661417323 37.98425196850393 L.
405.07086614173227 1251.2125984251968 87.30708661417323 37.98425196850393 s.
448.4409448818898 1251.2125984251968 87.30708661417323 37.98425196850393 au
492.09448818897636 1251.2125984251968 130.6771653543307 37.98425196850393 comte
579.4015748031496 1251.2125984251968 87.30708661417323 37.98425196850393 de
622.7716535433071 1251.2125984251968 203.5275590551181 37.98425196850393 Montholon;
768.1889763779527 1251.2125984251968 116.22047244094489 37.98425196850393 Wilna,

121.88976377952756 1277.007874015748 130.6771653543307 36.56692913385827 21
187.37007874015748 1277.007874015748 239.5275590551181 36.56692913385827 juillet
361.4173228346457 1277.007874015748 195.8740157480315 36.56692913385827 1812,
492.09448818897636 1277.007874015748 108.85039370078741 36.56692913385827 2
535.4645669291339 1277.007874015748 130.6771653543307 36.56692913385827 p.
600.9448818897638 1277.007874015748 239.5275590551181 36.56692913385827 in-fol.
774.992125984252 1277.007874015748 130.6771653543307 36.56692913385827 40
818.6456692913385 1277.007874015748 65.19685039370079 36.56692913385827 »

126.99212598425197 1319.8110236220473 100.34645669291339 32.881889763779526 PIÈCE
193.88976377952756 1319.8110236220473 156.18897637795277 32.881889763779526 HISTORIQUE
316.62992125984255 1319.8110236220473 78.23622047244095 32.881889763779526 sur
361.4173228346457 1319.8110236220473 66.89763779527559 32.881889763779526 la
394.86614173228344 1319.8110236220473 134.07874015748033 32.881889763779526 campagne
495.21259842519686 1319.8110236220473 66.89763779527559 32.881889763779526 de
528.9448818897638 1319.8110236220473 122.74015748031496 32.881889763779526 Russie.
618.2362204724409 1319.8110236220473 66.89763779527559 32.881889763779526 Il
651.6850393700787 1319.8110236220473 100.34645669291339 32.881889763779526 mande
718.5826771653543 1319.8110236220473 78.23622047244095 32.881889763779526 que
752.0314960629921 1319.8110236220473 134.07874015748033 32.881889763779526 l’empereur

108.28346456692914 1337.3858267716535 76.53543307086615 34.58267716535433 est
152.2204724409449 1337.3858267716535 54.70866141732284 34.58267716535433 à
174.04724409448818 1337.3858267716535 109.13385826771653 34.58267716535433 Wilna,
250.58267716535434 1337.3858267716535 98.36220472440945 34.58267716535433 qu’on
316.06299212598424 1337.3858267716535 54.70866141732284 34.58267716535433 a
337.8897637795276 1337.3858267716535 87.30708661417323 34.58267716535433 fait
392.59842519685037 1337.3858267716535 131.24409448818898 34.58267716535433 beaucoup
490.6771653543307 1337.3858267716535 65.48031496062993 34.58267716535433 de
523.5590551181102 1337.3858267716535 163.84251968503938 34.58267716535433 prisonniers
654.8031496062993 1337.3858267716535 109.13385826771653 34.58267716535433 russes
731.0551181102362 1337.3858267716535 54.70866141732284 34.58267716535433 à
742.1102362204724 1337.3858267716535 142.01574803149606 34.58267716535433 Star

108.85039370078741 1357.5118110236222 191.0551181102362 36.0 L’avant-garde
266.45669291338584 1357.5118110236222 67.46456692913385 36.0 de
300.18897637795277 1357.5118110236222 123.59055118110236 36.0 l’armée
390.0472440944882 1357.5118110236222 78.80314960629921 36.0 est
435.11811023622045 1357.5118110236222 112.53543307086615 36.0 entrée
513.6377952755905 1357.5118110236222 89.85826771653544 36.0 dans
569.7637795275591 1357.5118110236222 67.46456692913385 36.0 la
603.496062992126 1357.5118110236222 112.53543307086615 36.0 Russie
682.2992125984252 1357.5118110236222 123.59055118110236 36.0 blanche
772.1574803149606 1357.5118110236222 67.46456692913385 36.0 et
794.8346456692914 1357.5118110236222 89.85826771653544 36.0 occupe

109.7007874015748 1376.2204724409448 141.16535433070865 34.01574803149607 Mohilow.
215.43307086614172 1376.2204724409448 70.58267716535433 34.01574803149607 Le
250.58267716535434 1376.2204724409448 117.63779527559055 34.01574803149607 prince
332.78740157480314 1376.2204724409448 152.78740157480314 34.01574803149607 d’Eckmuhl
450.4251968503937 1376.2204724409448 141.16535433070865 34.01574803149607 continue
556.1574803149606 1376.2204724409448 70.58267716535433 34.01574803149607 de
591.3070866141733 1376.2204724409448 152.78740157480314 34.01574803149607 manœuvrer
708.9448818897638 1376.2204724409448 82.20472440944881 34.01574803149607 sur
756.0 1376.2204724409448 129.25984251968504 34.01574803149607 l’armée
838.2047244094488 1376.2204724409448 47.05511811023622 34.01574803149607 du

110.55118110236221 1394.6456692913387 106.01574803149606 34.86614173228347 prince
184.53543307086613 1394.6456692913387 148.53543307086613 34.86614173228347 Bagration.
301.3228346456693 1394.6456692913387 116.78740157480316 34.86614173228347 L’armée
386.0787401574803 1394.6456692913387 63.77952755905512 34.86614173228347 du
418.1102362204724 1394.6456692913387 74.26771653543307 34.86614173228347 roi
460.34645669291336 1394.6456692913387 63.77952755905512 34.86614173228347 de
492.37795275590554 1394.6456692913387 148.53543307086613 34.86614173228347 Westphalie
608.8818897637796 1394.6456692913387 63.77952755905512 34.86614173228347 et
640.6299212598425 1394.6456692913387 95.5275590551181 34.86614173228347 celle
704.4094488188977 1394.6456692913387 63.77952755905512 34.86614173228347 du
736.1574803149606 1394.6456692913387 106.01574803149606 34.86614173228347 prince
799.9370078740158 1394.6456692913387 84.75590551181102 34.86614173228347 Ponia-

111.11811023622047 1413.3543307086613 106.01574803149606 35.43307086614173 towski
185.38582677165354 1413.3543307086613 74.26771653543307 35.43307086614173 ont
227.6220472440945 1413.3543307086613 84.75590551181102 35.43307086614173 fait
280.62992125984255 1413.3543307086613 84.75590551181102 35.43307086614173 leur
333.9212598425197 1413.3543307086613 127.2755905511811 35.43307086614173 jonction
429.1653543307087 1413.3543307086613 84.75590551181102 35.43307086614173 avec
482.45669291338584 1413.3543307086613 95.5275590551181 35.43307086614173 celle
545.9527559055118 1413.3543307086613 63.77952755905512 35.43307086614173 du
577.9842519685039 1413.3543307086613 106.01574803149606 35.43307086614173 prince
652.2519685039371 1413.3543307086613 148.53543307086613 35.43307086614173 d’Eckmuhl.
758.2677165354331 1413.3543307086613 127.2755905511811 35.43307086614173 L’Empereur

109.13385826771653 1431.7795275590552 94.39370078740157 34.86614173228347 jouit
172.06299212598427 1431.7795275590552 62.92913385826772 34.86614173228347 de
203.5275590551181 1431.7795275590552 62.92913385826772 34.86614173228347 la
234.99212598425197 1431.7795275590552 125.85826771653544 34.86614173228347 meilleur
329.1023622047244 1431.7795275590552 104.88188976377953 34.86614173228347 santé.
402.5196850393701 1431.7795275590552 52.44094488188976 34.86614173228347 —
423.496062992126 1431.7795275590552 94.39370078740157 34.86614173228347 (Deux
486.4251968503937 1431.7795275590552 94.39370078740157 34.86614173228347 jours
549.0708661417323 1431.7795275590552 94.39370078740157 34.86614173228347 après
612.0 1431.7795275590552 104.88188976377953 34.86614173228347 Davout
685.4173228346457 1431.7795275590552 104.88188976377953 34.86614173228347 battit
758.5511811023622 1431.7795275590552 136.06299212598427 34.86614173228347 Bagration
852.9448818897638 1431.7795275590552 31.46456692913386 34.86614173228347 à

102.04724409448819 1459.5590551181103 117.92125984251969 19.84251968503937 Mohilow).
