918.4251968503937 1501.2283464566929
392.31496062992125 34.01574803149607 95.81102362204724 22.96062992125984 —
430.86614173228344 34.01574803149607 115.08661417322834 22.96062992125984 21
469.13385826771656 34.01574803149607 57.54330708661417 22.96062992125984 —

24.094488188976378 81.92125984251969 161.00787401574803 39.68503937007874 43620.
136.91338582677164 81.92125984251969 177.16535433070865 39.68503937007874 COMMUNE
265.6062992125984 81.92125984251969 96.66141732283465 39.68503937007874 DE
313.79527559055117 81.92125984251969 144.8503937007874 39.68503937007874 1871.
410.45669291338584 81.92125984251969 80.50393700787401 39.68503937007874 —
442.7716535433071 81.92125984251969 96.66141732283465 39.68503937007874 P.
490.96062992125985 81.92125984251969 96.66141732283465 39.68503937007874 s.
539.4330708661417 81.92125984251969 112.81889763779527 39.68503937007874 par
603.7795275590552 81.92125984251969 161.00787401574803 39.68503937007874 PINDY,
716.3149606299213 81.92125984251969 96.66141732283465 39.68503937007874 A.
748.6299212598425 81.92125984251969 144.8503937007874 39.68503937007874 THEISZ,

128.40944881889763 109.98425196850394 107.14960629921259 37.98425196850393 LÉO
189.63779527559055 109.98425196850394 183.68503937007873 37.98425196850393 FRANKEL;
327.40157480314963 109.98425196850394 153.0708661417323 37.98425196850393 Paris,
434.5511811023622 109.98425196850394 91.84251968503936 37.98425196850393 26
480.4724409448819 109.98425196850394 137.76377952755905 37.98425196850393 avril
572.3149606299213 109.98425196850394 137.76377952755905 37.98425196850393 1871,
664.1574803149606 109.98425196850394 76.53543307086615 37.98425196850393 1
694.7716535433071 109.98425196850394 91.84251968503936 37.98425196850393 p.
740.6929133858267 109.98425196850394 137.76377952755905 37.98425196850393 in-4.
832.5354330708661 109.98425196850394 76.53543307086615 37.98425196850393 8
847.8425196850394 109.98425196850394 45.92125984251968 37.98425196850393 »

126.14173228346456 159.0236220472441 69.73228346456693 30.89763779527559 Ils
165.82677165354332 159.0236220472441 159.30708661417322 30.89763779527559 recommandent
295.37007874015745 159.0236220472441 59.811023622047244 30.89763779527559 le
325.13385826771656 159.0236220472441 119.33858267716535 30.89763779527559 «père
414.70866141732284 159.0236220472441 159.30708661417322 30.89763779527559 Prévost»
544.2519685039371 159.0236220472441 69.73228346456693 30.89763779527559 qui
583.9370078740158 159.0236220472441 89.5748031496063 30.89763779527559 s’est
643.7480314960629 159.0236220472441 99.49606299212599 30.89763779527559 montré
713.4803149606299 159.0236220472441 99.49606299212599 30.89763779527559 dévoué
783.2125984251968 159.0236220472441 99.49606299212599 30.89763779527559 envers
842.7401574803149 159.0236220472441 49.889763779527556 30.89763779527559 les

106.86614173228347 178.86614173228347 121.60629921259843 30.330708661417322 citoyens
198.14173228346456 178.86614173228347 70.86614173228347 30.330708661417322 qui
238.6771653543307 178.86614173228347 172.06299212598427 30.330708661417322 fréquentaient
380.40944881889766 178.86614173228347 60.661417322834644 30.330708661417322 la
410.74015748031496 178.86614173228347 111.4015748031496 30.330708661417322 chambre
491.81102362204723 178.86614173228347 121.60629921259843 30.330708661417322 fédérale
582.8031496062993 178.86614173228347 60.661417322834644 30.330708661417322 et
602.9291338582677 178.86614173228347 192.4724409448819 30.330708661417322 l’Internationale.

25.511811023622048 227.33858267716536 146.5511811023622 40.25196850393701 43621.
128.1259842519685 227.33858267716536 161.29133858267716 40.25196850393701 COMMUNE
245.48031496062993 227.33858267716536 87.8740157480315 40.25196850393701 DE
289.4173228346457 227.33858267716536 132.09448818897638 40.25196850393701 PARIS
377.5748031496063 227.33858267716536 87.8740157480315 40.25196850393701 DE
421.51181102362204 227.33858267716536 132.09448818897638 40.25196850393701 1871.
509.38582677165357 227.33858267716536 73.41732283464567 40.25196850393701 —
538.8661417322835 227.33858267716536 87.8740157480315 40.25196850393701 P.
582.8031496062993 227.33858267716536 87.8740157480315 40.25196850393701 s.
626.7401574803149 227.33858267716536 87.8740157480315 40.25196850393701 du
670.6771653543307 227.33858267716536 161.29133858267716 40.25196850393701 général
773.2913385826772 227.33858267716536 117.35433070866142 40.25196850393701 Eudes;

125.00787401574803 255.11811023622047 145.98425196850394 36.28346456692913 (mai
216.28346456692913 255.11811023622047 200.69291338582678 36.28346456692913 1871?),
362.26771653543307 255.11811023622047 91.2755905511811 36.28346456692913 1
398.5511811023622 255.11811023622047 109.41732283464567 36.28346456692913 p.
453.54330708661416 255.11811023622047 127.84251968503936 36.28346456692913 1/2
526.3937007874016 255.11811023622047 164.40944881889763 36.28346456692913 in-8,
636.0944881889764 255.11811023622047 219.11811023622047 36.28346456692913 cachets.
800.2204724409448 255.11811023622047 109.41732283464567 36.28346456692913 15
836.7874015748032 255.11811023622047 54.70866141732284 36.28346456692913 »

125.5748031496063 300.755905511811 133.22834645669292 31.181102362204726 DOCUMENT
225.35433070866142 300.755905511811 166.39370078740157 31.181102362204726 HISTORIQUE.
358.5826771653543 300.755905511811 66.61417322834646 31.181102362204726 Il
392.0314960629921 300.755905511811 99.77952755905511 31.181102362204726 donne
458.6456692913386 300.755905511811 88.7244094488189 31.181102362204726 avis
514.2047244094488 300.755905511811 111.11811023622047 31.181102362204726 qu’une
591.8740157480315 300.755905511811 122.1732283464567 31.181102362204726 attaque
680.5984251968504 300.755905511811 66.61417322834646 31.181102362204726 de
713.7637795275591 300.755905511811 122.1732283464567 31.181102362204726 l’armée
802.7716535433071 300.755905511811 66.61417322834646 31.181102362204726 de
824.8818897637796 300.755905511811 66.61417322834646 31.181102362204726 Ver-

107.43307086614173 319.748031496063 117.92125984251969 31.46456692913386 sailles
193.3228346456693 319.748031496063 85.88976377952756 31.46456692913386 doit
246.89763779527559 319.748031496063 64.34645669291339 31.46456692913386 se
279.21259842519686 319.748031496063 128.69291338582678 31.46456692913386 produire
375.59055118110234 319.748031496063 64.34645669291339 31.46456692913386 du
407.90551181102364 319.748031496063 85.88976377952756 31.46456692913386 côté
461.4803149606299 319.748031496063 64.34645669291339 31.46456692913386 de
493.79527559055117 319.748031496063 128.69291338582678 31.46456692913386 Neuilly,
590.1732283464567 319.748031496063 96.66141732283465 31.46456692913386 qu’on
654.5196850393701 319.748031496063 75.11811023622047 31.46456692913386 bat
697.6062992125984 319.748031496063 64.34645669291339 31.46456692913386 le
729.6377952755905 319.748031496063 107.14960629921259 31.46456692913386 rappel
804.7559055118111 319.748031496063 85.88976377952756 31.46456692913386 dans
847.8425196850394 319.748031496063 42.803149606299215 31.46456692913386 le

106.58267716535433 339.87401574803147 91.55905511811024 29.763779527559056 XVIIe
167.5275590551181 339.87401574803147 183.11811023622047 29.763779527559056 arrondissement
320.31496062992125 339.87401574803147 60.94488188976378 29.763779527559056 et
350.92913385826773 339.87401574803147 71.14960629921259 29.763779527559056 que
391.46456692913387 339.87401574803147 101.76377952755905 29.763779527559056 Tirard
462.61417322834643 339.87401574803147 71.14960629921259 29.763779527559056 est
503.43307086614175 339.87401574803147 50.74015748031496 29.763779527559056 à
523.8425196850394 339.87401574803147 60.94488188976378 29.763779527559056 la
554.1732283464567 339.87401574803147 81.35433070866142 29.763779527559056 tête
605.1968503937007 339.87401574803147 60.94488188976378 29.763779527559056 de
635.8110236220473 339.87401574803147 60.94488188976378 29.763779527559056 10
666.1417322834645 339.87401574803147 142.58267716535434 29.763779527559056 bataillons
767.9055118110236 339.87401574803147 122.1732283464567 29.763779527559056 rassemblés

106.01574803149606 359.1496062992126 53.00787401574803 30.614173228346456 à
126.99212598425197 359.1496062992126 63.496062992125985 30.614173228346456 la
159.0236220472441 359.1496062992126 106.01574803149606 30.614173228346456 Bourse
233.00787401574803 359.1496062992126 63.496062992125985 30.614173228346456 et
265.03937007874015 359.1496062992126 95.5275590551181 30.614173228346456 place
328.53543307086613 359.1496062992126 74.26771653543307 30.614173228346456 des
371.0551181102362 359.1496062992126 180.28346456692913 30.614173228346456 Petits-Pères.
519.3070866141733 359.1496062992126 148.53543307086613 30.614173228346456 «Veillons,
635.8110236220473 359.1496062992126 84.75590551181102 30.614173228346456 mais
688.8188976377953 359.1496062992126 63.496062992125985 30.614173228346456 ne
720.8503937007874 359.1496062992126 137.76377952755905 30.614173228346456 fatiguons
816.0944881889764 359.1496062992126 74.26771653543307 30.614173228346456 point

104.88188976377953 378.70866141732284 79.65354330708661 31.46456692913386 nos
150.23622047244095 378.70866141732284 159.30708661417322 31.46456692913386 bataillons
275.5275590551181 378.70866141732284 79.65354330708661 31.46456692913386 par
320.88188976377955 378.70866141732284 68.31496062992126 31.46456692913386 de
354.8976377952756 378.70866141732284 125.00787401574803 31.46456692913386 fausses
445.8897637795276 378.70866141732284 147.96850393700788 31.46456692913386 paniques.
559.8425196850394 378.70866141732284 68.31496062992126 31.46456692913386 En
593.8582677165355 378.70866141732284 79.65354330708661 31.46456692913386 cas
639.2125984251968 378.70866141732284 68.31496062992126 31.46456692913386 de
673.511811023622 378.70866141732284 125.00787401574803 31.46456692913386 danger,
753.1653543307086 378.70866141732284 136.3464566929134 31.46456692913386 faites

106.58267716535433 398.26771653543307 120.4724409448819 24.37795275590551 avertir,
196.7244094488189 398.26771653543307 60.09448818897638 24.37795275590551 je
226.77165354330708 398.26771653543307 80.22047244094489 24.37795275590551 suis
276.9448818897638 398.26771653543307 50.173228346456696 24.37795275590551 à
297.07086614173227 398.26771653543307 70.2992125984252 24.37795275590551 vos
327.11811023622045 398.26771653543307 100.34645669291339 24.37795275590551 ordres.»

24.661417322834644 443.62204724409446 144.0 37.13385826771653 43622.
125.5748031496063 443.62204724409446 129.54330708661416 37.13385826771653 COTES
211.748031496063 443.62204724409446 86.45669291338582 37.13385826771653 DU
255.11811023622047 443.62204724409446 115.08661417322834 37.13385826771653 NORD
327.11811023622045 443.62204724409446 230.17322834645668 37.13385826771653 (département
514.2047244094488 443.62204724409446 129.54330708661416 37.13385826771653 des).
600.3779527559055 443.62204724409446 72.0 37.13385826771653 —
629.2913385826772 443.62204724409446 86.45669291338582 37.13385826771653 P.
672.3779527559055 443.62204724409446 86.45669291338582 37.13385826771653 a.
715.7480314960629 443.62204724409446 86.45669291338582 37.13385826771653 s.
758.8346456692914 443.62204724409446 86.45669291338582 37.13385826771653 de
787.7480314960629 443.62204724409446 100.62992125984252 37.13385826771653 DELA-

127.55905511811024 471.11811023622045 138.04724409448818 35.71653543307087 PORTE,
224.2204724409449 471.11811023622045 138.04724409448818 35.71653543307087 signée
321.1653543307087 471.11811023622045 124.44094488188976 35.71653543307087 aussi
403.93700787401576 471.11811023622045 96.66141732283465 35.71653543307087 par
459.21259842519686 471.11811023622045 179.71653543307087 35.71653543307087 GAULTIER,
597.2598425196851 471.11811023622045 151.93700787401573 35.71653543307087 FLEURY,
707.8110236220473 471.11811023622045 138.04724409448818 35.71653543307087 PIERRE
790.8661417322835 471.11811023622045 96.66141732283465 35.71653543307087 GUYO-

125.85826771653544 496.62992125984255 117.07086614173228 35.71653543307087 MAR,
198.99212598425197 496.62992125984255 160.7244094488189 35.71653543307087 députés
316.06299212598424 496.62992125984255 102.33070866141732 35.71653543307087 des
374.45669291338584 496.62992125984255 248.5984251968504 35.71653543307087 Côtes-du-Nord
579.1181102362204 496.62992125984255 87.59055118110236 35.71653543307087 au
623.0551181102362 496.62992125984255 160.7244094488189 35.71653543307087 Conseil
739.8425196850394 496.62992125984255 102.33070866141732 35.71653543307087 des
783.7795275590552 496.62992125984255 102.33070866141732 35.71653543307087 Cinq-

125.85826771653544 522.1417322834645 155.0551181102362 35.71653543307087 Cents;
234.4251968503937 522.1417322834645 155.0551181102362 35.71653543307087 Paris,
342.99212598425197 522.1417322834645 77.38582677165354 35.71653543307087 3
373.8897637795276 522.1417322834645 170.36220472440945 35.71653543307087 ventôse
497.76377952755905 522.1417322834645 92.97637795275591 35.71653543307087 an
544.2519685039371 522.1417322834645 92.97637795275591 35.71653543307087 V,
590.7401574803149 522.1417322834645 77.38582677165354 35.71653543307087 7
621.9212598425197 522.1417322834645 92.97637795275591 35.71653543307087 p.
668.4094488188977 522.1417322834645 201.54330708661416 35.71653543307087 in-folio.
823.1811023622047 522.1417322834645 77.38582677165354 35.71653543307087 5
838.7716535433071 522.1417322834645 46.488188976377955 35.71653543307087 »

122.1732283464567 567.2125984251968 148.251968503937 32.59842519685039 Apostille
236.1259842519685 567.2125984251968 68.31496062992126 32.59842519685039 en
270.4251968503937 567.2125984251968 102.61417322834646 32.59842519685039 marge
338.74015748031496 567.2125984251968 102.61417322834646 32.59842519685039 d’une
407.33858267716533 567.2125984251968 125.5748031496063 32.59842519685039 demande
498.61417322834643 567.2125984251968 68.31496062992126 32.59842519685039 du
532.6299212598425 567.2125984251968 125.5748031496063 32.59842519685039 citoyen
623.9055118110236 567.2125984251968 113.95275590551181 32.59842519685039 Bonté,
703.8425196850394 567.2125984251968 113.95275590551181 32.59842519685039 maître
783.7795275590552 567.2125984251968 68.31496062992126 32.59842519685039 de
806.4566929133858 567.2125984251968 79.93700787401575 32.59842519685039 poste

104.5984251968504 588.7559055118111 51.874015748031496 30.614173228346456 à
125.5748031496063 588.7559055118111 135.21259842519686 30.614173228346456 Guingamp.
229.60629921259843 588.7559055118111 93.54330708661418 30.614173228346456 Cette
291.9685039370079 588.7559055118111 93.54330708661418 30.614173228346456 pièce
354.3307086614173 588.7559055118111 93.54330708661418 30.614173228346456 donne
416.6929133858268 588.7559055118111 187.08661417322836 30.614173228346456 d’intéressants
572.5984251968504 588.7559055118111 114.51968503937007 30.614173228346456 détails
655.9370078740158 588.7559055118111 72.85039370078741 30.614173228346456 sur
697.6062992125984 588.7559055118111 104.03149606299213 30.614173228346456 l’état
770.1732283464567 588.7559055118111 72.85039370078741 30.614173228346456 des
801.3543307086615 588.7559055118111 83.33858267716535 30.614173228346456 postes

104.31496062992126 608.0314960629921 83.90551181102362 29.480314960629922 dans
156.75590551181102 608.0314960629921 62.92913385826772 29.480314960629922 le
188.2204724409449 608.0314960629921 157.3228346456693 29.480314960629922 département
314.0787401574803 608.0314960629921 73.41732283464567 29.480314960629922 des
356.0314960629921 608.0314960629921 188.78740157480314 29.480314960629922 Côtes-du-Nord,
513.3543307086615 608.0314960629921 125.85826771653544 29.480314960629922 l’époque
607.7480314960629 608.0314960629921 62.92913385826772 29.480314960629922 de
639.2125984251968 608.0314960629921 62.92913385826772 29.480314960629922 la
660.1889763779527 608.0314960629921 136.3464566929134 29.480314960629922 Révolution.

21.25984251968504 647.1496062992126 162.70866141732284 41.38582677165354 43623.
134.9291338582677 647.1496062992126 211.46456692913387 41.38582677165354 EXÉCUTION
297.6377952755906 647.1496062992126 113.95275590551181 41.38582677165354 DES
362.8346456692913 647.1496062992126 162.70866141732284 41.38582677165354 QUATRE
476.503937007874 647.1496062992126 195.30708661417322 41.38582677165354 SERGENTS
623.0551181102362 647.1496062992126 97.51181102362204 41.38582677165354 DE
671.8110236220473 647.1496062992126 97.51181102362204 41.38582677165354 LA
704.4094488188977 647.1496062992126 178.86614173228347 41.38582677165354 ROCHELLE.

127.2755905511811 680.3149606299213 65.19685039370079 35.71653543307087 —
153.35433070866142 680.3149606299213 78.23622047244095 35.71653543307087 P.
192.4724409448819 680.3149606299213 78.23622047244095 35.71653543307087 s.
231.59055118110237 680.3149606299213 91.2755905511811 35.71653543307087 par
283.748031496063 680.3149606299213 156.4724409448819 35.71653543307087 QUEQUET;
401.38582677165357 680.3149606299213 130.39370078740157 35.71653543307087 Paris,
492.66141732283467 680.3149606299213 78.23622047244095 35.71653543307087 20
531.7795275590552 680.3149606299213 169.51181102362204 35.71653543307087 septembre
662.1732283464567 680.3149606299213 117.35433070866142 35.71653543307087 1822,
740.6929133858267 680.3149606299213 65.19685039370079 35.71653543307087 1
766.7716535433071 680.3149606299213 78.23622047244095 35.71653543307087 p.
792.8503937007874 680.3149606299213 91.2755905511811 35.71653543307087 in

117.92125984251969 705.2598425196851 287.1496062992126 36.8503937007874 vignette
333.3543307086614 705.2598425196851 143.71653543307087 36.8503937007874 et
405.07086614173227 705.2598425196851 215.43307086614172 36.8503937007874 texte
548.7874015748032 705.2598425196851 287.1496062992126 36.8503937007874 imprimé.
764.2204724409448 705.2598425196851 143.71653543307087 36.8503937007874 30
812.1259842519685 705.2598425196851 71.71653543307086 36.8503937007874 »

121.60629921259843 753.1653543307086 121.60629921259843 30.89763779527559 CURIEUX
210.04724409448818 753.1653543307086 143.71653543307087 30.89763779527559 DOCUMENT.
320.88188976377955 753.1653543307086 99.49606299212599 30.89763779527559 Ordre
387.21259842519686 753.1653543307086 66.33070866141732 30.89763779527559 au
420.37795275590554 753.1653543307086 165.82677165354332 30.89763779527559 charpentier
553.0393700787401 753.1653543307086 77.38582677165354 30.89763779527559 des
597.2598425196851 753.1653543307086 121.60629921259843 30.89763779527559 travaux
685.7007874015748 753.1653543307086 66.33070866141732 30.89763779527559 du
719.1496062992126 753.1653543307086 165.82677165354332 30.89763779527559 département
840.7559055118111 753.1653543307086 44.22047244094488 30.89763779527559 de

102.04724409448819 772.1574803149606 61.79527559055118 31.181102362204726 la
132.9448818897638 772.1574803149606 92.69291338582677 31.181102362204726 Seine
194.74015748031496 772.1574803149606 61.79527559055118 31.181102362204726 de
225.63779527559055 772.1574803149606 113.38582677165354 31.181102362204726 dresser
307.84251968503935 772.1574803149606 82.48818897637796 31.181102362204726 pour
359.43307086614175 772.1574803149606 61.79527559055118 31.181102362204726 le
390.3307086614173 772.1574803149606 72.0 31.181102362204726 21,
431.43307086614175 772.1574803149606 51.59055118110236 31.181102362204726 à
452.12598425196853 772.1574803149606 102.89763779527559 31.181102362204726 quatre
524.1259842519685 772.1574803149606 102.89763779527559 31.181102362204726 heures
596.4094488188977 772.1574803149606 61.79527559055118 31.181102362204726 de
627.3070866141733 772.1574803149606 175.1811023622047 31.181102362204726 l’après-midi,
761.1023622047244 772.1574803149606 123.59055118110236 31.181102362204726 l’échafaud

101.48031496062993 790.5826771653543 142.29921259842519 32.031496062992126 nécessaire
213.4488188976378 790.5826771653543 81.35433070866142 32.031496062992126 pour
264.18897637795277 790.5826771653543 101.76377952755905 32.031496062992126 mettre
335.33858267716533 790.5826771653543 50.74015748031496 32.031496062992126 à
355.748031496063 790.5826771653543 132.09448818897638 32.031496062992126 exécution
457.51181102362204 790.5826771653543 111.96850393700787 32.031496062992126 l’arrêt
538.5826771653543 790.5826771653543 60.94488188976378 32.031496062992126 de
569.1968503937007 790.5826771653543 60.94488188976378 32.031496062992126 la
599.8110236220473 790.5826771653543 81.35433070866142 32.031496062992126 Cour
650.5511811023622 790.5826771653543 132.09448818897638 32.031496062992126 d’assises
752.3149606299213 790.5826771653543 60.94488188976378 32.031496062992126 de
782.6456692913385 790.5826771653543 101.76377952755905 32.031496062992126 Paris,
843.8740157480315 790.5826771653543 40.53543307086614 32.031496062992126 en

101.19685039370079 810.7086614173228 85.60629921259843 31.46456692913386 date
154.77165354330708 810.7086614173228 64.34645669291339 31.46456692913386 du
187.08661417322836 810.7086614173228 53.574803149606296 31.46456692913386 6
208.3464566929134 810.7086614173228 149.95275590551182 31.46456692913386 septembre,
326.26771653543307 810.7086614173228 75.11811023622047 31.46456692913386 qui
369.07086614173227 810.7086614173228 128.69291338582678 31.46456692913386 condamne
465.4488188976378 810.7086614173228 107.14960629921259 31.46456692913386 quatre
540.5669291338583 810.7086614173228 139.1811023622047 31.46456692913386 individus
647.7165354330708 810.7086614173228 53.574803149606296 31.46456692913386 à
668.9763779527559 810.7086614173228 64.34645669291339 31.46456692913386 la
701.2913385826772 810.7086614173228 96.37795275590551 31.46456692913386 peine
765.3543307086615 810.7086614173228 64.34645669291339 31.46456692913386 de
797.6692913385826 810.7086614173228 96.37795275590551 31.46456692913386 mort.
851.2440944881889 810.7086614173228 32.031496062992126 31.46456692913386 —

100.91338582677166 829.7007874015748 75.96850393700787 32.031496062992126 Une
144.28346456692913 829.7007874015748 86.74015748031496 32.031496062992126 note
198.4251968503937 829.7007874015748 184.53543307086613 32.031496062992126 contemporaine
350.3622047244094 829.7007874015748 119.33858267716535 32.031496062992126 indique
437.1023622047244 829.7007874015748 97.79527559055119 32.031496062992126 qu’il
502.2992125984252 829.7007874015748 108.56692913385827 32.031496062992126 s’agit
578.2677165354331 829.7007874015748 65.19685039370079 32.031496062992126 de
610.8661417322835 829.7007874015748 162.70866141732284 32.031496062992126 l’exécution
740.9763779527559 829.7007874015748 75.96850393700787 32.031496062992126 des
773.5748031496063 829.7007874015748 108.56692913385827 32.031496062992126 sergents

101.48031496062993 849.8267716535433 121.03937007874016 24.37795275590551 Bories,
189.63779527559055 849.8267716535433 121.03937007874016 24.37795275590551 Goubin,
277.51181102362204 849.8267716535433 121.03937007874016 24.37795275590551 Pommier
365.38582677165357 849.8267716535433 66.04724409448819 24.37795275590551 et
387.496062992126 849.8267716535433 87.8740157480315 24.37795275590551 Raoux.

22.11023622047244 895.4645669291339 140.5984251968504 39.118110236220474 43624.
120.75590551181102 895.4645669291339 154.77165354330708 39.118110236220474 FAMILLE
233.29133858267716 895.4645669291339 168.9448818897638 39.118110236220474 COLBERT.
360.0 895.4645669291339 70.2992125984252 39.118110236220474 —
388.06299212598424 895.4645669291339 126.70866141732283 39.118110236220474 Pièce
472.53543307086613 895.4645669291339 168.9448818897638 39.118110236220474 notariée
598.9606299212599 895.4645669291339 140.5984251968504 39.118110236220474 signée
697.6062992125984 895.4645669291339 98.36220472440945 39.118110236220474 par
739.8425196850394 895.4645669291339 140.5984251968504 39.118110236220474 JACQUES-

122.45669291338582 923.5275590551181 154.20472440944883 37.98425196850393 NICOLAS
234.4251968503937 923.5275590551181 168.3779527559055 37.98425196850393 COLBERT,
360.8503937007874 923.5275590551181 196.44094488188978 37.98425196850393 coadjuteur
515.0551181102362 923.5275590551181 84.18897637795276 37.98425196850393 de
557.007874015748 923.5275590551181 224.50393700787401 37.98425196850393 l’archevêque
739.2755905511812 923.5275590551181 84.18897637795276 37.98425196850393 de
767.3385826771654 923.5275590551181 112.25196850393701 37.98425196850393 Rouen;

122.74015748031496 949.6062992125984 243.49606299212599 37.7007874015748 ANTOINE-MARTIN
325.7007874015748 949.6062992125984 162.4251968503937 37.7007874015748 COLBERT,
447.59055118110234 949.6062992125984 135.21259842519686 37.7007874015748 bailly
542.2677165354331 949.6062992125984 81.07086614173228 37.7007874015748 de
582.8031496062993 949.6062992125984 148.8188976377953 37.7007874015748 l’ordre
691.0866141732283 949.6062992125984 81.07086614173228 37.7007874015748 de
718.0157480314961 949.6062992125984 162.4251968503937 37.7007874015748 Saint

122.1732283464567 975.6850393700787 84.18897637795276 35.43307086614173 de
164.1259842519685 975.6850393700787 196.15748031496062 35.43307086614173 Jérusalem,
318.3307086614173 975.6850393700787 252.28346456692913 35.43307086614173 CHARLES-HONORÉ
528.3779527559055 975.6850393700787 182.26771653543307 35.43307086614173 D'ALBERT,
668.4094488188977 975.6850393700787 98.07874015748031 35.43307086614173 DUC
724.5354330708661 975.6850393700787 84.18897637795276 35.43307086614173 DE
752.5984251968504 975.6850393700787 126.14173228346456 35.43307086614173 LUYNES,

121.60629921259843 1000.6299212598425 108.28346456692914 36.0 PAUL
189.35433070866142 1000.6299212598425 81.07086614173228 36.0 DE
229.88976377952756 1000.6299212598425 230.17322834645668 36.0 BEAUVILLIERS,
419.5275590551181 1000.6299212598425 94.67716535433071 36.0 DUC
473.6692913385827 1000.6299212598425 81.07086614173228 36.0 DE
514.2047244094488 1000.6299212598425 230.17322834645668 36.0 SAINT-AIGNAN,
690.2362204724409 1000.6299212598425 189.35433070866142 36.0 beaux

120.18897637795276 1026.708661417323 67.74803149606299 35.1496062992126 à
147.4015748031496 1026.708661417323 121.88976377952756 35.1496062992126 cause
228.4724409448819 1026.708661417323 81.07086614173228 35.1496062992126 de
269.00787401574803 1026.708661417323 216.56692913385828 35.1496062992126 JEANNE-MARIE
445.03937007874015 1026.708661417323 81.07086614173228 35.1496062992126 et
485.5748031496063 1026.708661417323 81.07086614173228 35.1496062992126 de
526.3937007874016 1026.708661417323 270.70866141732284 35.1496062992126 HENRIETTE-LOUISE
742.9606299212599 1026.708661417323 135.21259842519686 35.1496062992126 COLBERT,

120.18897637795276 1052.2204724409448 131.24409448818898 38.55118110236221 leurs
207.49606299212599 1052.2204724409448 175.1811023622047 38.55118110236221 épouses,
339.0236220472441 1052.2204724409448 160.44094488188978 38.55118110236221 CHARLES
455.81102362204723 1052.2204724409448 175.1811023622047 38.55118110236221 COLBERT,
587.0551181102362 1052.2204724409448 160.44094488188978 38.55118110236221 MARQUIS
703.8425196850394 1052.2204724409448 87.59055118110236 38.55118110236221 DE
733.0393700787401 1052.2204724409448 145.98425196850394 38.55118110236221 CROISSY,

119.90551181102362 1078.2992125984251 286.5826771653543 37.13385826771653 EDOUARD-FRANÇOIS
363.68503937007875 1078.2992125984251 171.7795275590551 37.13385826771653 COLBERT,
492.37795275590554 1078.2992125984251 128.9763779527559 37.13385826771653 COMTE
578.5511811023622 1078.2992125984251 85.88976377952756 37.13385826771653 DE
621.3543307086615 1078.2992125984251 214.86614173228347 37.13385826771653 MAULEVRIER,
778.9606299212599 1078.2992125984251 100.34645669291339 37.13385826771653 HENRI

121.32283464566929 1102.6771653543308 159.59055118110237 38.55118110236221 PUSSORT,
240.9448818897638 1102.6771653543308 172.91338582677164 38.55118110236221 directeur
374.1732283464567 1102.6771653543308 93.25984251968504 38.55118110236221 des
427.18110236220474 1102.6771653543308 172.91338582677164 38.55118110236221 finances,
560.4094488188977 1102.6771653543308 199.55905511811022 38.55118110236221 grand-oncle
720.0 1102.6771653543308 159.59055118110237 38.55118110236221 paternel
826.2992125984252 1102.6771653543308 53.29133858267716 38.55118110236221 et

119.62204724409449 1128.1889763779527 225.0708661417323 39.118110236220474 JEAN-JACQUES
302.45669291338584 1128.1889763779527 168.66141732283464 39.118110236220474 CHARRON,
429.1653543307087 1128.1889763779527 154.77165354330708 39.118110236220474 marquis
541.7007874015748 1128.1889763779527 84.4724409448819 39.118110236220474 de
583.9370078740158 1128.1889763779527 154.77165354330708 39.118110236220474 Ménars,
696.4724409448819 1128.1889763779527 126.70866141732283 39.118110236220474 oncle
766.7716535433071 1128.1889763779527 112.53543307086615 39.118110236220474 mater-

120.75590551181102 1153.7007874015749 96.37795275590551 39.118110236220474 nel
176.03149606299212 1153.7007874015749 82.48818897637796 39.118110236220474 de
217.13385826771653 1153.7007874015749 261.6377952755906 39.118110236220474 CHARLES-EDOUARD
437.38582677165357 1153.7007874015749 165.25984251968504 39.118110236220474 COLBERT,
561.2598425196851 1153.7007874015749 165.25984251968504 39.118110236220474 émancipé
685.1338582677165 1153.7007874015749 137.76377952755905 39.118110236220474 d’âge;
767.9055118110236 1153.7007874015749 109.98425196850394 39.118110236220474 Paris,

113.66929133858268 1180.9133858267717 123.8740157480315 38.55118110236221 31
175.748031496063 1180.9133858267717 227.33858267716536 38.55118110236221 juillet
341.00787401574803 1180.9133858267717 185.95275590551182 38.55118110236221 1688,
464.88188976377955 1180.9133858267717 103.18110236220473 38.55118110236221 4
506.26771653543307 1180.9133858267717 123.8740157480315 38.55118110236221 p.
568.3464566929134 1180.9133858267717 268.7244094488189 38.55118110236221 in-folio.
774.992125984252 1180.9133858267717 123.8740157480315 38.55118110236221 20
816.0944881889764 1180.9133858267717 62.07874015748032 38.55118110236221 »

115.65354330708661 1227.9685039370079 161.00787401574803 33.732283464566926 Procuration
244.62992125984252 1227.9685039370079 85.88976377952756 33.732283464566926 pour
298.20472440944883 1227.9685039370079 64.34645669291339 33.732283464566926 un
330.5196850393701 1227.9685039370079 118.20472440944881 33.732283464566926 échange
416.40944881889766 1227.9685039370079 64.34645669291339 33.732283464566926 de
448.7244094488189 1227.9685039370079 96.66141732283465 33.732283464566926 biens
513.0708661417323 1227.9685039370079 96.66141732283465 33.732283464566926 entre
577.4173228346457 1227.9685039370079 75.11811023622047 33.732283464566926 les
620.503937007874 1227.9685039370079 85.88976377952756 33.732283464566926 fils
674.0787401574803 1227.9685039370079 64.34645669291339 33.732283464566926 de
706.3937007874016 1227.9685039370079 118.20472440944881 33.732283464566926 Colbert
792.2834645669292 1227.9685039370079 64.34645669291339 33.732283464566926 de
813.8267716535433 1227.9685039370079 64.34645669291339 33.732283464566926 Sei

87.59055118110236 1247.8110236220473 89.29133858267717 20.125984251968504 gnelay.

18.141732283464567 1295.1496062992126 128.40944881889763 43.37007874015748 43625.
108.0 1295.1496062992126 115.65354330708661 43.37007874015748 METZ.
185.10236220472441 1295.1496062992126 64.34645669291339 43.37007874015748 —
210.61417322834646 1295.1496062992126 77.10236220472441 43.37007874015748 L.
249.16535433070865 1295.1496062992126 89.85826771653544 43.37007874015748 s.,
300.4724409448819 1295.1496062992126 102.61417322834646 43.37007874015748 avec
364.81889763779526 1295.1496062992126 77.10236220472441 43.37007874015748 la
403.37007874015745 1295.1496062992126 205.51181102362204 43.37007874015748 souscription
570.3307086614174 1295.1496062992126 115.65354330708661 43.37007874015748 aut.,
647.4330708661417 1295.1496062992126 77.10236220472441 43.37007874015748 de
685.7007874015748 1295.1496062992126 115.65354330708661 43.37007874015748 J.-L.
762.8031496062993 1295.1496062992126 77.10236220472441 43.37007874015748 de
788.5984251968504 1295.1496062992126 89.85826771653544 43.37007874015748 LAVA-

117.92125984251969 1325.4803149606298 135.49606299212599 37.13385826771653 LETTE,
212.88188976377953 1325.4803149606298 94.96062992125984 37.13385826771653 DUC
267.0236220472441 1325.4803149606298 189.63779527559055 37.13385826771653 D'EPERNON,
416.12598425196853 1325.4803149606298 94.96062992125984 37.13385826771653 aux
470.26771653543307 1325.4803149606298 121.88976377952756 37.13385826771653 maire
551.6220472440945 1325.4803149606298 81.35433070866142 37.13385826771653 et
592.4409448818898 1325.4803149606298 162.70866141732284 37.13385826771653 échevins
714.3307086614174 1325.4803149606298 81.35433070866142 37.13385826771653 de
755.1496062992126 1325.4803149606298 81.35433070866142 37.13385826771653 la
782.0787401574803 1325.4803149606298 94.96062992125984 37.13385826771653 ville

117.35433070866142 1350.992125984252 75.68503937007874 41.10236220472441 de
155.33858267716536 1350.992125984252 113.66929133858268 41.10236220472441 Metz;
231.0236220472441 1350.992125984252 227.33858267716536 41.10236220472441 Fontainebleau,
420.37795275590554 1350.992125984252 75.68503937007874 41.10236220472441 16
458.3622047244094 1350.992125984252 151.6535433070866 41.10236220472441 juillet,
572.0314960629921 1350.992125984252 63.21259842519685 41.10236220472441 1
597.2598425196851 1350.992125984252 75.68503937007874 41.10236220472441 p.
635.2440944881889 1350.992125984252 164.1259842519685 41.10236220472441 in-folio,
748.9133858267717 1350.992125984252 126.14173228346456 41.10236220472441 cachets.

809.007874015748 1391.8110236220473 83.62204724409449 20.976377952755904 6
825.7322834645669 1391.8110236220473 50.173228346456696 20.976377952755904 »

94.11023622047244 1423.8425196850394 62.645669291338585 43.93700787401575 Il
125.5748031496063 1423.8425196850394 83.62204724409449 43.93700787401575 leur
177.73228346456693 1423.8425196850394 156.75590551181102 43.93700787401575 recommancle
303.0236220472441 1423.8425196850394 62.645669291338585 43.93700787401575 le
334.48818897637796 1423.8425196850394 135.7795275590551 43.93700787401575 capitaine
438.8031496062992 1423.8425196850394 114.80314960629921 43.93700787401575 Olivier
522.4251968503937 1423.8425196850394 73.13385826771653 43.93700787401575 qui
564.0944881889764 1423.8425196850394 52.15748031496063 43.93700787401575 a
585.0708661417323 1423.8425196850394 62.645669291338585 43.93700787401575 un
616.5354330708661 1423.8425196850394 104.5984251968504 43.93700787401575 procès
689.6692913385826 1423.8425196850394 83.62204724409449 43.93700787401575 avec
741.8267716535433 1423.8425196850394 73.13385826771653 43.93700787401575 les
773.007874015748 1423.8425196850394 104.5984251968504 43.93700787401575 capucins

94.39370078740157 1441.1338582677165 63.496062992125985 20.69291338582677 de
115.37007874015748 1441.1338582677165 74.26771653543307 20.69291338582677 Metz.
