909.0708661417323 1492.1574803149606
371.62204724409446 19.84251968503937 92.1259842519685 23.811023622047244 —
408.4724409448819 19.84251968503937 110.55118110236221 23.811023622047244 20
445.3228346456693 19.84251968503937 55.275590551181104 23.811023622047244 —

7.937007874015748 68.88188976377953 141.73228346456693 42.51968503937008 43612.
107.14960629921259 68.88188976377953 155.90551181102362 42.51968503937008 VERGNES
220.53543307086613 68.88188976377953 269.29133858267716 42.51968503937008 (Jacques-Paul),
447.3070866141732 68.88188976377953 155.90551181102362 42.51968503937008 général
560.6929133858267 68.88188976377953 85.03937007874016 42.51968503937008 de
603.2125984251968 68.88188976377953 85.03937007874016 42.51968503937008 la
645.7322834645669 68.88188976377953 212.5984251968504 42.51968503937008 République,
801.6377952755905 68.88188976377953 70.86614173228347 42.51968503937008 qui

110.26771653543307 96.09448818897638 146.5511811023622 37.98425196850393 servit
212.88188976377953 96.09448818897638 87.8740157480315 37.98425196850393 en
256.81889763779526 96.09448818897638 161.00787401574803 37.98425196850393 Vendée,
373.8897637795276 96.09448818897638 87.8740157480315 37.98425196850393 né
417.8267716535433 96.09448818897638 73.13385826771653 37.98425196850393 à
447.3070866141732 96.09448818897638 175.748031496063 37.98425196850393 Tonneins
579.1181102362204 96.09448818897638 307.5590551181102 37.98425196850393 (Lot-et-Garonne).
828.0 96.09448818897638 43.93700787401575 37.98425196850393 —

112.53543307086615 121.03937007874016 74.83464566929133 39.968503937007874 P.
149.95275590551182 121.03937007874016 87.30708661417323 39.968503937007874 s.;
199.84251968503938 121.03937007874016 137.1968503937008 39.968503937007874 Rennes,
299.62204724409446 121.03937007874016 74.83464566929133 39.968503937007874 25
337.3228346456693 121.03937007874016 149.66929133858267 39.968503937007874 pluviôse
449.5748031496063 121.03937007874016 74.83464566929133 39.968503937007874 an
486.99212598425197 121.03937007874016 74.83464566929133 39.968503937007874 II
524.4094488188977 121.03937007874016 87.30708661417323 39.968503937007874 (13
574.2992125984252 121.03937007874016 137.1968503937008 39.968503937007874 février
674.0787401574803 121.03937007874016 124.7244094488189 39.968503937007874 1793),
761.6692913385826 121.03937007874016 62.36220472440945 39.968503937007874 7
786.6141732283464 121.03937007874016 74.83464566929133 39.968503937007874 p.
811.5590551181102 121.03937007874016 62.36220472440945 39.968503937007874 1/2

71.43307086614173 148.251968503937 694.488188976378 32.59842519685039 in-folio.
605.4803149606299 148.251968503937 320.59842519685037 32.59842519685039 15
712.3464566929134 148.251968503937 160.15748031496062 32.59842519685039 »

106.58267716535433 193.3228346456693 87.59055118110236 31.46456692913386 Très
161.29133858267716 193.3228346456693 120.4724409448819 31.46456692913386 curieux
248.88188976377953 193.3228346456693 131.24409448818898 31.46456692913386 document
347.5275590551181 193.3228346456693 65.76377952755905 31.46456692913386 où
380.40944881889766 193.3228346456693 65.76377952755905 31.46456692913386 il
413.29133858267716 193.3228346456693 131.24409448818898 31.46456692913386 proteste
511.65354330708664 193.3228346456693 109.41732283464567 31.46456692913386 contre
588.4724409448819 193.3228346456693 76.53543307086615 31.46456692913386 son
632.1259842519685 193.3228346456693 175.1811023622047 31.46456692913386 arrestation,
763.6535433070866 193.3228346456693 109.41732283464567 31.46456692913386 ordonnée

88.7244094488189 212.31496062992127 70.2992125984252 32.59842519685039 par
128.69291338582678 212.31496062992127 160.7244094488189 32.59842519685039 Guimberteau.
259.37007874015745 212.31496062992127 60.37795275590551 32.59842519685039 Il
289.7007874015748 212.31496062992127 130.6771653543307 32.59842519685039 s’efforce
390.3307086614173 212.31496062992127 60.37795275590551 32.59842519685039 de
420.37795275590554 212.31496062992127 120.75590551181102 32.59842519685039 dissiper
510.8031496062992 212.31496062992127 70.2992125984252 32.59842519685039 les
551.0551181102362 212.31496062992127 100.62992125984252 32.59842519685039 griefs
621.3543307086615 212.31496062992127 70.2992125984252 32.59842519685039 que
661.6062992125984 212.31496062992127 70.2992125984252 32.59842519685039 les
701.8582677165355 212.31496062992127 170.9291338582677 32.59842519685039 représentants
832.5354330708661 212.31496062992127 40.25196850393701 32.59842519685039 du

86.45669291338582 231.8740157480315 107.71653543307086 32.881889763779526 peuple
161.85826771653544 231.8740157480315 75.4015748031496 32.881889763779526 ont
204.9448818897638 231.8740157480315 107.71653543307086 32.881889763779526 contre
280.34645669291336 231.8740157480315 75.4015748031496 32.881889763779526 lui
323.43307086614175 231.8740157480315 64.62992125984252 32.881889763779526 et
355.748031496063 231.8740157480315 86.1732283464567 32.881889763779526 dont
409.6062992125984 231.8740157480315 64.62992125984252 32.881889763779526 le
441.9212598425197 231.8740157480315 140.03149606299212 32.881889763779526 principal
549.3543307086615 231.8740157480315 96.94488188976378 32.881889763779526 était
613.9842519685039 231.8740157480315 96.94488188976378 32.881889763779526 qu’il
678.6141732283464 231.8740157480315 118.48818897637796 32.881889763779526 n’avait
764.7874015748032 231.8740157480315 75.4015748031496 32.881889763779526 pas
797.1023622047244 231.8740157480315 75.4015748031496 32.881889763779526 voulu

88.15748031496064 250.86614173228347 130.96062992125985 33.16535433070866 secourir
186.23622047244095 250.86614173228347 65.48031496062993 33.16535433070866 le
218.83464566929135 250.86614173228347 119.90551181102362 33.16535433070866 général
306.1417322834646 250.86614173228347 130.96062992125985 33.16535433070866 Tribout.
404.2204724409449 250.86614173228347 65.48031496062993 33.16535433070866 Il
436.81889763779526 250.86614173228347 87.30708661417323 33.16535433070866 fait
491.5275590551181 250.86614173228347 98.07874015748031 33.16535433070866 appel
557.007874015748 250.86614173228347 76.25196850393701 33.16535433070866 aux
600.3779527559055 250.86614173228347 163.55905511811022 33.16535433070866 témoignages
731.3385826771654 250.86614173228347 76.25196850393701 33.16535433070866 des
763.9370078740158 250.86614173228347 109.13385826771653 33.16535433070866 généraux

88.44094488188976 275.81102362204723 108.56692913385827 27.496062992125985 Kleber,
167.5275590551181 275.81102362204723 138.33070866141733 27.496062992125985 Rossignol,
276.09448818897636 275.81102362204723 79.08661417322834 27.496062992125985 etc.
325.4173228346457 275.81102362204723 108.56692913385827 27.496062992125985 Curieux
394.5826771653543 275.81102362204723 98.64566929133858 27.496062992125985 détails.

8.78740157480315 310.96062992125985 128.9763779527559 38.55118110236221 43613.
98.92913385826772 310.96062992125985 154.77165354330708 38.55118110236221 VERLAINE
214.86614173228347 310.96062992125985 141.73228346456693 38.55118110236221 (Paul),
318.0472440944882 310.96062992125985 141.73228346456693 38.55118110236221 célèbre
421.2283464566929 310.96062992125985 128.9763779527559 38.55118110236221 poète.
511.37007874015745 310.96062992125985 64.34645669291339 38.55118110236221 —
537.1653543307086 310.96062992125985 77.38582677165354 38.55118110236221 L.
576.0 310.96062992125985 77.38582677165354 38.55118110236221 a.
614.5511811023622 310.96062992125985 77.38582677165354 38.55118110236221 s.
653.3858267716536 310.96062992125985 77.38582677165354 38.55118110236221 P.
691.9370078740158 310.96062992125985 77.38582677165354 38.55118110236221 V.
730.7716535433071 310.96062992125985 64.34645669291339 38.55118110236221 à
756.5669291338583 310.96062992125985 90.14173228346456 38.55118110236221 son
795.1181102362204 310.96062992125985 77.38582677165354 38.55118110236221 édi-

100.91338582677166 337.6062992125984 216.8503937007874 36.8503937007874 teur;
245.48031496062993 337.6062992125984 240.9448818897638 36.8503937007874 jeudi,
414.1417322834646 337.6062992125984 168.66141732283464 36.8503937007874 21,
510.8031496062992 337.6062992125984 120.4724409448819 36.8503937007874 1
558.992125984252 337.6062992125984 144.56692913385828 36.8503937007874 p.
631.2755905511812 337.6062992125984 216.8503937007874 36.8503937007874 in-8.
775.8425196850394 337.6062992125984 120.4724409448819 36.8503937007874 3
799.9370078740158 337.6062992125984 72.28346456692914 36.8503937007874 »

109.13385826771653 382.1102362204724 63.77952755905512 30.89763779527559 Il
140.88188976377953 382.1102362204724 74.26771653543307 30.89763779527559 lui
183.4015748031496 382.1102362204724 116.78740157480316 30.89763779527559 propose
268.15748031496065 382.1102362204724 85.03937007874016 30.89763779527559 deux
321.4488188976378 382.1102362204724 169.79527559055117 30.89763779527559 biographies.
459.21259842519686 382.1102362204724 85.03937007874016 30.89763779527559 «Que
512.503937007874 382.1102362204724 159.30708661417322 30.89763779527559 diriez-vous
639.7795275590552 382.1102362204724 85.03937007874016 30.89763779527559 d’un
692.7874015748032 382.1102362204724 116.78740157480316 30.89763779527559 Mendès,
767.0551181102362 382.1102362204724 106.2992125984252 30.89763779527559 chouette

86.45669291338582 411.3070866141732 93.8267716535433 21.543307086614174 aux
126.70866141732283 411.3070866141732 134.07874015748033 21.543307086614174 pommes?»

10.771653543307087 440.78740157480314 139.1811023622047 37.41732283464567 43614.
108.28346456692914 440.78740157480314 264.4724409448819 37.41732283464567 VICTOR-EMMANUEL
331.0866141732283 440.78740157480314 97.51181102362204 37.41732283464567 Ier
386.6456692913386 440.78740157480314 97.51181102362204 37.41732283464567 roi
442.48818897637796 440.78740157480314 83.62204724409449 37.41732283464567 de
484.15748031496065 440.78740157480314 195.0236220472441 37.41732283464567 Sardaigne.
637.511811023622 440.78740157480314 69.73228346456693 37.41732283464567 —
665.2913385826772 440.78740157480314 83.62204724409449 37.41732283464567 L.
706.9606299212599 440.78740157480314 83.62204724409449 37.41732283464567 a.
748.9133858267717 440.78740157480314 83.62204724409449 37.41732283464567 s.
790.5826771653543 440.78740157480314 69.73228346456693 37.41732283464567 à
804.4724409448819 440.78740157480314 69.73228346456693 37.41732283464567 son

113.95275590551181 466.2992125984252 101.19685039370079 36.0 père
177.4488188976378 466.2992125984252 227.90551181102362 36.0 (Victor-Amédée
367.0866141732283 466.2992125984252 113.95275590551181 36.0 III);
443.0551181102362 466.2992125984252 164.40944881889763 36.0 Pignerol,
569.7637795275591 466.2992125984252 75.96850393700787 36.0 20
607.4645669291339 466.2992125984252 88.7244094488189 36.0 mai
658.2047244094488 466.2992125984252 113.95275590551181 36.0 1794,
734.1732283464567 466.2992125984252 63.21259842519685 36.0 7
759.4015748031496 466.2992125984252 75.96850393700787 36.0 p.
784.6299212598425 466.2992125984252 88.7244094488189 36.0 in

795.6850393700787 492.37795275590554 92.40944881889764 20.409448818897637 40
826.2992125984252 492.37795275590554 46.20472440944882 20.409448818897637 »

109.13385826771653 537.4488188976378 144.8503937007874 29.763779527559056 IMPORTANTE
222.8031496062992 537.4488188976378 103.46456692913385 29.763779527559056 LETTRE
295.0866141732283 537.4488188976378 62.07874015748032 29.763779527559056 où
326.26771653543307 537.4488188976378 62.07874015748032 29.763779527559056 il
357.1653543307087 537.4488188976378 72.28346456692914 29.763779527559056 lui
398.5511811023622 537.4488188976378 103.46456692913385 29.763779527559056 expose
470.8346456692913 537.4488188976378 62.07874015748032 29.763779527559056 le
502.01574803149606 537.4488188976378 103.46456692913385 29.763779527559056 projet
574.2992125984252 537.4488188976378 92.97637795275591 29.763779527559056 qu’il
636.3779527559055 537.4488188976378 51.59055118110236 29.763779527559056 a
657.0708661417323 537.4488188976378 92.97637795275591 29.763779527559056 conçu
719.1496062992126 537.4488188976378 144.8503937007874 29.763779527559056 d’attaquer
822.6141732283464 537.4488188976378 51.59055118110236 29.763779527559056 les

91.84251968503936 557.007874015748 130.39370078740157 29.19685039370079 Français.
192.18897637795277 557.007874015748 80.22047244094489 29.19685039370079 Très
242.07874015748033 557.007874015748 160.44094488188978 29.19685039370079 intéressants
372.755905511811 557.007874015748 110.26771653543307 29.19685039370079 détails
452.9763779527559 557.007874015748 50.173228346456696 29.19685039370079 à
472.81889763779526 557.007874015748 60.09448818897638 29.19685039370079 ce
503.1496062992126 557.007874015748 100.34645669291339 29.19685039370079 sujet.
573.1653543307086 557.007874015748 140.31496062992127 29.19685039370079 «D’ailleur
683.7165354330708 557.007874015748 60.09448818897638 29.19685039370079 il
713.7637795275591 557.007874015748 70.2992125984252 29.19685039370079 n’y
753.7322834645669 557.007874015748 50.173228346456696 29.19685039370079 a
773.8582677165355 557.007874015748 70.2992125984252 29.19685039370079 pas
803.9055118110236 557.007874015748 70.2992125984252 29.19685039370079 moïen

90.4251968503937 576.5669291338583 111.96850393700787 29.480314960629922 d’avoir
171.7795275590551 576.5669291338583 60.94488188976378 29.480314960629922 ni
202.39370078740157 576.5669291338583 111.96850393700787 29.480314960629922 espion,
283.748031496063 576.5669291338583 60.94488188976378 29.480314960629922 ni
314.3622047244094 576.5669291338583 111.96850393700787 29.480314960629922 guides,
395.7165354330709 576.5669291338583 91.55905511811024 29.480314960629922 parce
456.66141732283467 576.5669291338583 71.14960629921259 29.480314960629922 que
497.4803149606299 576.5669291338583 71.14960629921259 29.480314960629922 les
538.0157480314961 576.5669291338583 122.1732283464567 29.480314960629922 abitants
629.8582677165355 576.5669291338583 60.94488188976378 29.480314960629922 de
660.1889763779527 576.5669291338583 60.94488188976378 29.480314960629922 ce
690.8031496062993 576.5669291338583 81.35433070866142 29.480314960629922 pais
741.5433070866142 576.5669291338583 132.3779527559055 29.480314960629922 craignent
833.1023622047244 576.5669291338583 40.818897637795274 29.480314960629922 ou

89.5748031496063 602.3622047244095 104.88188976377953 23.244094488188978 aiment
162.99212598425197 602.3622047244095 83.90551181102362 23.244094488188978 trop
215.43307086614172 602.3622047244095 73.41732283464567 23.244094488188978 les
246.61417322834646 602.3622047244095 125.85826771653544 23.244094488188978 François.»

10.488188976377952 634.6771653543307 134.9291338582677 36.28346456692913 43616.
104.88188976377953 634.6771653543307 188.78740157480314 36.28346456692913 WICQUEFORT
253.13385826771653 634.6771653543307 161.85826771653544 36.28346456692913 (Joachim
374.45669291338584 634.6771653543307 107.71653543307086 36.28346456692913 de),
441.9212598425197 634.6771653543307 175.1811023622047 36.28346456692913 diplomate
576.8503937007874 634.6771653543307 80.78740157480316 36.28346456692913 et
617.1023622047244 634.6771653543307 134.9291338582677 36.28346456692913 érudit
698.1732283464567 634.6771653543307 175.1811023622047 36.28346456692913 hollandais,

115.08661417322834 661.3228346456693 74.83464566929133 33.44881889763779 né
152.50393700787401 661.3228346456693 62.36220472440945 33.44881889763779 à
177.4488188976378 661.3228346456693 174.33070866141733 33.44881889763779 Amsterdam.
314.3622047244094 661.3228346456693 62.36220472440945 33.44881889763779 —
339.3070866141732 661.3228346456693 62.36220472440945 33.44881889763779 8
364.251968503937 661.3228346456693 74.83464566929133 33.44881889763779 l.
401.6692913385827 661.3228346456693 74.83464566929133 33.44881889763779 a.
438.8031496062992 661.3228346456693 87.30708661417323 33.44881889763779 s.,
488.6929133858268 661.3228346456693 74.83464566929133 33.44881889763779 en
526.1102362204724 661.3228346456693 161.85826771653544 33.44881889763779 français,
650.5511811023622 661.3228346456693 62.36220472440945 33.44881889763779 à
675.496062992126 661.3228346456693 136.91338582677164 33.44881889763779 Stella;
762.8031496062993 661.3228346456693 111.96850393700787 33.44881889763779 Amster-

113.95275590551181 686.8346456692914 110.55118110236221 35.1496062992126 dam,
183.11811023622047 686.8346456692914 234.99212598425197 35.1496062992126 juin-novembre
376.4409448818898 686.8346456692914 124.44094488188976 35.1496062992126 1639,
459.496062992126 686.8346456692914 82.77165354330708 35.1496062992126 17
500.88188976377955 686.8346456692914 82.77165354330708 35.1496062992126 p.
542.2677165354331 686.8346456692914 179.71653543307087 35.1496062992126 in-folio,
680.5984251968504 686.8346456692914 165.82677165354332 35.1496062992126 cachets.
804.7559055118111 686.8346456692914 82.77165354330708 35.1496062992126 40
832.5354330708661 686.8346456692914 41.38582677165354 35.1496062992126 »

111.96850393700787 730.7716535433071 83.62204724409449 29.763779527559056 Très
164.40944881889763 730.7716535433071 167.24409448818898 29.763779527559056 intéressante
300.18897637795277 730.7716535433071 188.2204724409449 29.763779527559056 correspondance
456.9448818897638 730.7716535433071 73.13385826771653 29.763779527559056 par
498.8976377952756 730.7716535433071 125.5748031496063 29.763779527559056 laquelle
593.007874015748 730.7716535433071 62.645669291338585 29.763779527559056 il
624.4724409448819 730.7716535433071 94.11023622047244 29.763779527559056 tient
687.1181102362204 730.7716535433071 73.13385826771653 29.763779527559056 son
729.0708661417323 730.7716535433071 73.13385826771653 29.763779527559056 ami
770.7401574803149 730.7716535433071 104.5984251968504 29.763779527559056 Stella
833.3858267716536 730.7716535433071 41.95275590551181 29.763779527559056 au

92.69291338582677 750.8976377952756 113.10236220472441 29.763779527559056 courant
174.89763779527559 750.8976377952756 61.79527559055118 29.763779527559056 de
205.79527559055117 750.8976377952756 61.79527559055118 29.763779527559056 ce
236.69291338582678 750.8976377952756 72.0 29.763779527559056 qui
277.79527559055117 750.8976377952756 61.79527559055118 29.763779527559056 se
308.6929133858268 750.8976377952756 113.10236220472441 29.763779527559056 passait
390.8976377952756 750.8976377952756 154.20472440944883 29.763779527559056 d’important
514.488188976378 750.8976377952756 82.20472440944881 29.763779527559056 dans
565.7952755905512 750.8976377952756 72.0 29.763779527559056 les
606.8976377952756 750.8976377952756 123.59055118110236 29.763779527559056 Pays-Bas
699.5905511811023 750.8976377952756 61.79527559055118 29.763779527559056 et
730.488188976378 750.8976377952756 61.79527559055118 29.763779527559056 en
750.8976377952756 750.8976377952756 123.59055118110236 29.763779527559056 Allemagne.

92.97637795275591 770.1732283464567 64.34645669291339 30.330708661417322 Il
125.29133858267717 770.1732283464567 96.37795275590551 30.330708661417322 parle
189.63779527559055 770.1732283464567 75.11811023622047 30.330708661417322 des
232.44094488188978 770.1732283464567 149.95275590551182 30.330708661417322 opérations
350.3622047244094 770.1732283464567 149.95275590551182 30.330708661417322 militaires
468.2834645669291 770.1732283464567 64.34645669291339 30.330708661417322 du
500.31496062992125 770.1732283464567 107.14960629921259 30.330708661417322 prince
575.4330708661417 770.1732283464567 139.46456692913387 30.330708661417322 d’Orange,
682.5826771653543 770.1732283464567 64.34645669291339 30.330708661417322 du
714.8976377952756 770.1732283464567 75.11811023622047 30.330708661417322 duc
757.7007874015748 770.1732283464567 117.92125984251969 30.330708661417322 Bernard
832.8188976377953 770.1732283464567 42.803149606299215 30.330708661417322 de

92.1259842519685 789.4488188976378 184.251968503937 29.480314960629922 Saxe-Weimar,
242.07874015748033 789.4488188976378 103.74803149606299 29.480314960629922 d'une
311.244094488189 789.4488188976378 138.33070866141733 29.480314960629922 victoire
414.70866141732284 789.4488188976378 115.08661417322834 29.480314960629922 navale
495.496062992126 789.4488188976378 149.66929133858267 29.480314960629922 remportée
610.5826771653543 789.4488188976378 80.50393700787401 29.480314960629922 par
656.7874015748032 789.4488188976378 138.33070866141733 29.480314960629922 l’amiral
760.5354330708661 789.4488188976378 115.08661417322834 29.480314960629922 Tromp,
829.4173228346457 789.4488188976378 46.20472440944882 29.480314960629922 de

94.11023622047244 817.2283464566929 138.33070866141733 20.976377952755904 Jansénius,
193.03937007874015 817.2283464566929 59.24409448818898 20.976377952755904 etc.

14.740157480314961 848.1259842519685 123.02362204724409 36.56692913385827 43616.
100.91338582677166 848.1259842519685 98.36220472440945 36.56692913385827 ZOLA
162.4251968503937 848.1259842519685 147.68503937007873 36.56692913385827 (Emile),
272.9763779527559 848.1259842519685 73.98425196850394 36.56692913385827 le
310.1102362204724 848.1259842519685 135.49606299212599 36.56692913385827 célèbre
408.4724409448819 848.1259842519685 172.3464566929134 36.56692913385827 romancier.
543.9685039370079 848.1259842519685 61.511811023622045 36.56692913385827 —
568.3464566929134 848.1259842519685 73.98425196850394 36.56692913385827 L.
605.4803149606299 848.1259842519685 73.98425196850394 36.56692913385827 a.
642.3307086614174 848.1259842519685 86.1732283464567 36.56692913385827 s.,
691.6535433070866 848.1259842519685 61.511811023622045 36.56692913385827 1
716.3149606299213 848.1259842519685 73.98425196850394 36.56692913385827 p.
753.1653543307086 848.1259842519685 86.1732283464567 36.56692913385827 1/2
790.0157480314961 848.1259842519685 86.1732283464567 36.56692913385827 in

97.22834645669292 873.6377952755905 389.76377952755905 36.8503937007874 Jolie
389.76377952755905 873.6377952755905 454.96062992125985 36.8503937007874 pièce.
747.2125984251968 873.6377952755905 162.4251968503937 36.8503937007874 6
779.5275590551181 873.6377952755905 97.51181102362204 36.8503937007874 »

286.5826771653543 1014.5196850393701 285.73228346456693 30.04724409448819 DOCUMENTS

16.724409448818896 1086.8031496062993 130.6771653543307 38.83464566929134 43617.
108.28346456692914 1086.8031496062993 117.63779527559055 38.83464566929134 AGEN.
186.51968503937007 1086.8031496062993 65.19685039370079 38.83464566929134 —
212.5984251968504 1086.8031496062993 78.51968503937007 38.83464566929134 P.
252.0 1086.8031496062993 78.51968503937007 38.83464566929134 s.
291.11811023622045 1086.8031496062993 104.5984251968504 38.83464566929134 avec
356.31496062992125 1086.8031496062993 65.19685039370079 38.83464566929134 6
382.3937007874016 1086.8031496062993 130.6771653543307 38.83464566929134 lignes
473.9527559055118 1086.8031496062993 104.5984251968504 38.83464566929134 aut.
539.4330708661417 1086.8031496062993 78.51968503937007 38.83464566929134 du
578.5511811023622 1086.8031496062993 222.23622047244095 38.83464566929134 conventionnel
748.3464566929134 1086.8031496062993 130.6771653543307 38.83464566929134 PAGANEL,

99.77952755905511 1116.283464566929 169.51181102362204 37.41732283464567 1
167.81102362204723 1116.283464566929 203.5275590551181 37.41732283464567 p.
269.5748031496063 1116.283464566929 237.25984251968504 37.41732283464567 1/2
405.07086614173227 1116.283464566929 440.78740157480314 37.41732283464567 in-folio.
744.0944881889764 1116.283464566929 169.51181102362204 37.41732283464567 5
778.1102362204724 1116.283464566929 101.76377952755905 37.41732283464567 »

116.50393700787401 1157.6692913385828 92.97637795275591 34.01574803149607 Liste
178.29921259842519 1157.6692913385828 144.56692913385828 34.01574803149607 nominative
291.9685039370079 1157.6692913385828 62.07874015748032 34.01574803149607 du
322.86614173228344 1157.6692913385828 123.8740157480315 34.01574803149607 tribunal
415.84251968503935 1157.6692913385828 62.07874015748032 34.01574803149607 du
447.0236220472441 1157.6692913385828 123.8740157480315 34.01574803149607 district
540.0 1157.6692913385828 113.66929133858268 34.01574803149607 d’Agen,
622.488188976378 1157.6692913385828 62.07874015748032 34.01574803149607 de
653.3858267716536 1157.6692913385828 62.07874015748032 34.01574803149607 la
684.5669291338583 1157.6692913385828 165.25984251968504 34.01574803149607 municipalité
818.6456692913385 1157.6692913385828 62.07874015748032 34.01574803149607 et
839.3385826771654 1157.6692913385828 41.38582677165354 34.01574803149607 du

96.66141732283465 1179.7795275590552 118.20472440944881 31.46456692913386 conseil
182.5511811023622 1179.7795275590552 128.9763779527559 31.46456692913386 général,
279.496062992126 1179.7795275590552 85.88976377952756 31.46456692913386 avec
333.07086614173227 1179.7795275590552 75.11811023622047 31.46456692913386 des
376.15748031496065 1179.7795275590552 172.06299212598427 31.46456692913386 observations
515.9055118110236 1179.7795275590552 75.11811023622047 31.46456692913386 sur
558.992125984252 1179.7795275590552 172.06299212598427 31.46456692913386 quelques-uns
698.4566929133858 1179.7795275590552 64.62992125984252 31.46456692913386 de
730.7716535433071 1179.7795275590552 75.11811023622047 31.46456692913386 ces
763.0866141732283 1179.7795275590552 118.20472440944881 31.46456692913386 fonction-

97.79527559055119 1203.3070866141732 115.37007874015748 23.244094488188978 naires.
181.70078740157481 1203.3070866141732 115.37007874015748 23.244094488188978 Curieux
265.6062992125984 1203.3070866141732 125.85826771653544 23.244094488188978 document
349.51181102362204 1203.3070866141732 83.90551181102362 23.244094488188978 local.

17.858267716535433 1237.8897637795276 132.66141732283464 39.68503937007874 43618.
110.83464566929133 1237.8897637795276 172.62992125984252 39.68503937007874 BORDEAUX.
243.49606299212599 1237.8897637795276 66.33070866141732 39.68503937007874 —
270.1417322834646 1237.8897637795276 119.33858267716535 39.68503937007874 Pièce
349.79527559055117 1237.8897637795276 92.97637795275591 39.68503937007874 sur
402.8031496062992 1237.8897637795276 132.66141732283464 39.68503937007874 vélin;
495.7795275590551 1237.8897637795276 132.66141732283464 39.68503937007874 Paris,
588.7559055118111 1237.8897637795276 92.97637795275591 39.68503937007874 1er
641.7637795275591 1237.8897637795276 92.97637795275591 39.68503937007874 mai
694.7716535433071 1237.8897637795276 132.66141732283464 39.68503937007874 1586,1
787.7480314960629 1237.8897637795276 79.65354330708661 39.68503937007874 p.
814.3937007874016 1237.8897637795276 66.33070866141732 39.68503937007874 gr.

77.10236220472441 1264.8188976377953 746.9291338582677 31.748031496062993 in-folio.
651.6850393700787 1264.8188976377953 287.1496062992126 31.748031496062993 8
709.2283464566929 1264.8188976377953 172.3464566929134 31.748031496062993 »

118.48818897637796 1309.6062992125985 113.66929133858268 33.16535433070866 Lettres
200.9763779527559 1309.6062992125985 124.15748031496064 33.16535433070866 patentes
293.9527559055118 1309.6062992125985 62.07874015748032 33.16535433070866 de
325.13385826771656 1309.6062992125985 92.97637795275591 33.16535433070866 Henri
387.21259842519686 1309.6062992125985 82.77165354330708 33.16535433070866 III.
438.8031496062992 1309.6062992125985 144.8503937007874 33.16535433070866 Provisions
552.4724409448819 1309.6062992125985 62.07874015748032 33.16535433070866 de
583.3700787401575 1309.6062992125985 62.07874015748032 33.16535433070866 la
614.5511811023622 1309.6062992125985 103.46456692913385 33.16535433070866 charge
686.8346456692914 1309.6062992125985 62.07874015748032 33.16535433070866 de
718.0157480314961 1309.6062992125985 92.97637795275591 33.16535433070866 maire
769.6062992125984 1309.6062992125985 113.66929133858268 33.16535433070866 perpétuel

98.92913385826772 1328.5984251968505 64.91338582677166 33.732283464566926 de
131.24409448818898 1328.5984251968505 129.82677165354332 33.732283464566926 Bordeaux
228.75590551181102 1328.5984251968505 86.74015748031496 33.732283464566926 pour
282.8976377952756 1328.5984251968505 97.51181102362204 33.732283464566926 Louis
347.81102362204723 1328.5984251968505 64.91338582677166 33.732283464566926 de
380.40944881889766 1328.5984251968505 64.91338582677166 33.732283464566926 la
412.7244094488189 1328.5984251968505 129.82677165354332 33.732283464566926 Chastre,
510.23622047244095 1328.5984251968505 108.28346456692914 33.732283464566926 depuis
585.9212598425197 1328.5984251968505 129.82677165354332 33.732283464566926 maréchal
683.4330708661417 1328.5984251968505 64.91338582677166 33.732283464566926 de
704.9763779527559 1328.5984251968505 97.51181102362204 33.732283464566926 France.

20.69291338582677 1365.4488188976377 137.1968503937008 42.23622047244095 43619.
116.50393700787401 1365.4488188976377 150.8031496062992 42.23622047244095 COMMUNE
226.48818897637796 1365.4488188976377 82.20472440944881 42.23622047244095 DE
267.59055118110234 1365.4488188976377 123.59055118110236 42.23622047244095 1871.
349.79527559055117 1365.4488188976377 68.5984251968504 42.23622047244095 —
377.29133858267716 1365.4488188976377 82.20472440944881 42.23622047244095 P.
418.3937007874016 1365.4488188976377 82.20472440944881 42.23622047244095 a.
459.7795275590551 1365.4488188976377 82.20472440944881 42.23622047244095 s.
500.88188976377955 1365.4488188976377 82.20472440944881 42.23622047244095 de
541.9842519685039 1365.4488188976377 178.29921259842519 42.23622047244095 CLUSERET,
679.1811023622047 1365.4488188976377 164.69291338582678 42.23622047244095 ministre
802.7716535433071 1365.4488188976377 82.20472440944881 42.23622047244095 de
829.9842519685039 1365.4488188976377 54.99212598425197 42.23622047244095 la

118.77165354330708 1393.7952755905512 209.76377952755905 39.68503937007874 guerre;
271.2755905511811 1393.7952755905512 190.77165354330708 39.68503937007874 (avril
404.78740157480314 1393.7952755905512 190.77165354330708 39.68503937007874 1871),
538.2992125984252 1393.7952755905512 133.51181102362204 39.68503937007874 1/2
614.8346456692914 1393.7952755905512 114.51968503937007 39.68503937007874 p.
672.0944881889764 1393.7952755905512 171.7795275590551 39.68503937007874 in-8.
786.3307086614174 1393.7952755905512 114.51968503937007 39.68503937007874 12
824.5984251968504 1393.7952755905512 57.25984251968504 39.68503937007874 »

120.4724409448819 1438.5826771653544 60.37795275590551 36.28346456692913 Il
150.51968503937007 1438.5826771653544 90.4251968503937 36.28346456692913 donne
210.89763779527559 1438.5826771653544 110.55118110236221 36.28346456692913 l’ordre
291.11811023622045 1438.5826771653544 60.37795275590551 36.28346456692913 de
321.4488188976378 1438.5826771653544 140.5984251968504 36.28346456692913 barricader
432.0 1438.5826771653544 70.2992125984252 36.28346456692913 les
471.9685039370079 1438.5826771653544 90.4251968503937 36.28346456692913 ponts
532.3464566929134 1438.5826771653544 60.37795275590551 36.28346456692913 de
562.6771653543307 1438.5826771653544 110.55118110236221 36.28346456692913 Neuilly
642.8976377952756 1438.5826771653544 60.37795275590551 36.28346456692913 et
663.0236220472441 1438.5826771653544 130.6771653543307 36.28346456692913 d’Asnières.
