3109 5075
29 169 1615 166 LETTRES
1057 169 1908 166 AUTOGRAPHES

1236 506 267 52 EN
1370 506 401 52 VENTE
1593 506 267 52 CHEZ

317 714 527 141 Noël
647 714 857 141 CHARAVAY,
1306 714 659 141 expert
1767 714 396 141 en
1899 714 857 141 autographes

916 972 243 88 3,
1038 972 284 88 rue
1200 972 243 88 de
1322 972 649 88 Furstenberg,
1849 972 203 88 à
1890 972 284 88 Paris

102 1442 486 99 43457.
442 1442 680 99 ALEXANDRE,
977 1442 340 99 DUC
1171 1442 291 99 DE
1317 1442 729 99 WURTEMBERG,
1899 1442 437 99 époux
2191 1442 291 99 de
2337 1442 291 99 la
2434 1442 534 99 princesse

449 1528 398 98 Marie
714 1528 619 98 d’Orléans.
1201 1528 221 98 —
1289 1528 265 98 15
1422 1528 487 98 lettres
1776 1528 663 98 autographes
2307 1528 487 98 signées
2660 1528 265 98 de
2749 1528 221 98 son

456 1616 392 98 prénom
730 1616 235 98 ou
848 1616 509 98 <i>A</i>,
1240 1616 235 98 en
1357 1616 509 98 français,
1749 1616 196 98 à
1827 1616 627 98 Mademoiselle
2337 1616 392 98 Esther
2572 1616 392 98 Bongars,

452 1700 446 93 actrice
777 1700 243 93 du
898 1700 446 93 théâtre
1223 1700 284 93 des
1385 1700 527 93 Variétés;
1790 1700 405 93 Paris,
2074 1700 568 93 Francfort,
2480 1700 486 93 1840

401 1788 531 97 42
666 1788 796 97 pages
1197 1788 708 97 in-8
1639 1788 531 97 ou
1904 1788 796 97 in-4.
2435 1788 619 97 150
2701 1788 265 97 »

430 1936 441 74 CURIEUSE
761 1936 662 74 CORRESPONDANCE
1312 1936 515 74 AMOUREUSE.
1717 1936 294 74 Dans
1900 1936 221 74 la
2011 1936 441 74 première
2341 1936 404 74 lettre,
2635 1936 331 74 datée
2819 1936 147 74 du

365 2001 214 73 24
472 2001 285 73 juin
651 2001 321 73 1840,
864 2001 214 73 il
971 2001 250 73 lui
1114 2001 392 73 déclare
1399 2001 250 73 son
1542 2001 321 73 amour
1756 2001 214 73 et
1863 2001 250 73 lui
2005 2001 392 73 demande
2291 2001 214 73 un
2398 2001 570 73 rendez-vous.
2825 2001 143 73 Il

364 2065 317 74 n'ose
575 2065 246 74 pas
716 2065 352 74 encore
962 2065 211 74 se
1067 2065 352 74 nommer
1314 2065 211 74 et
1419 2065 317 74 signe
1630 2065 211 74 F.
1736 2065 211 74 G.
1841 2065 211 74 La
1947 2065 422 74 première
2263 2065 352 74 lettre
2510 2065 317 74 étant
2686 2065 281 74 restée

364 2129 260 77 sans
527 2129 391 77 réponse,
820 2129 195 77 il
918 2129 358 77 l'avise
1178 2129 293 77 qu'il
1373 2129 195 77 se
1471 2129 325 77 rendra
1699 2129 195 77 au
1796 2129 391 77 théâtre;
2089 2129 195 77 il
2187 2129 195 77 se
2285 2129 260 77 fera
2447 2129 488 77 reconnaître
2805 2129 163 77 par

362 2194 200 83 un
462 2194 301 83 signe
662 2194 267 83 fait
829 2194 267 83 avec
996 2194 234 83 son
1130 2194 434 83 mouchoir.
1464 2194 200 83 Un
1564 2194 234 83 peu
1698 2194 267 83 plus
1865 2194 267 83 tard
2032 2194 200 83 il
2132 2194 200 83 se
2232 2194 334 83 plaint
2466 2194 200 83 de
2566 2194 334 83 n’être
2767 2194 200 83 plus

358 2258 282 71 aimé
534 2258 212 71 et
640 2258 423 71 s'écrie:
957 2258 388 71 «Adieu,
1240 2258 247 71 mes
1381 2258 353 71 douces
1628 2258 494 71 illusions!
2016 2258 282 71 vous
2192 2258 353 71 m'avez
2439 2258 317 71 bercé
2615 2258 353 71 quelques

358 2323 435 82 instants
684 2323 290 82 dans
865 2323 217 82 un
974 2323 290 82 rêve
1155 2323 326 82 qu'un
1372 2323 398 82 soudain
1662 2323 362 82 réveil
1915 2323 181 82 a
1988 2323 290 82 pour
2169 2323 435 82 toujours
2495 2323 471 82 dissipé.»
2821 2323 145 82 Le

356 2386 201 72 21
457 2386 369 72 octobre
725 2386 302 72 1840,
926 2386 201 72 il
1027 2386 235 72 lui
1161 2386 335 72 écrit:
1395 2386 302 72 «Vous
1596 2386 268 72 êtes
1764 2386 268 72 bien
1931 2386 369 72 injuste
2199 2386 201 72 de
2300 2386 201 72 me
2400 2386 268 72 dire
2568 2386 235 72 que
2702 2386 302 72 d'ici
2869 2386 101 72 à

354 2451 254 77 mon
499 2451 364 77 retour
754 2451 218 77 je
863 2451 400 77 pourrai
1153 2451 291 77 vous
1335 2451 436 77 oublier.
1662 2451 545 77 Croyez-vous
2099 2451 291 77 donc
2280 2451 254 77 que
2426 2451 291 77 tout
2607 2451 218 77 ce
2717 2451 254 77 que
2826 2451 145 77 je

358 2513 271 78 vous
528 2513 203 78 ai
629 2513 237 78 dit
765 2513 271 78 soit
934 2513 203 78 de
1036 2513 339 78 vaines
1273 2513 441 78 paroles?»
1612 2513 203 78 Le
1714 2513 203 78 20
1816 2513 237 78 mai
1951 2513 271 78 1841
2121 2513 203 78 il
2222 2513 203 78 se
2324 2513 339 78 plaint
2561 2513 407 78 vivement
2832 2513 136 78 de

358 2581 218 70 sa
467 2581 472 70 froideur.
830 2581 254 70 «Je
975 2581 290 70 suis
1156 2581 290 70 bien
1338 2581 508 70 malheureux
1737 2581 363 70 d'être
1991 2581 363 70 traité
2245 2581 363 70 ainsi,
2499 2581 327 70 quand
2717 2581 218 70 de
2790 2581 181 70 mon

357 2644 272 77 côté
527 2644 204 77 je
629 2644 272 77 fais
799 2644 272 77 tout
969 2644 272 77 pour
1139 2644 204 77 te
1241 2644 374 77 prouver
1513 2644 374 77 combien
1784 2644 204 77 je
1886 2644 442 77 t'aime...
2226 2644 238 77 Mon
2362 2644 306 77 Dieu!
2566 2644 204 77 il
2634 2644 340 77 vaudrait

356 2711 318 75 mieux
568 2711 283 75 dire
744 2711 247 75 aux
886 2711 459 75 personnes
1239 2711 247 75 que
1381 2711 283 75 l’on
1557 2711 495 75 n'apprécie
1946 2711 283 75 pas,
2123 2711 565 75 laissez-moi,
2582 2711 212 75 je
2688 2711 212 75 ne
2759 2711 212 75 vous

355 2774 295 76 aime
540 2774 332 76 pas!»
761 2774 221 76 La
872 2774 369 76 lettre
1130 2774 221 76 la
1240 2774 295 76 plus
1425 2774 516 76 importante
1831 2774 258 76 est
1978 2774 221 76 la
2089 2774 443 76 dernière
2421 2774 332 76 datée
2642 2774 221 76 du
2753 2774 184 76 6
2790 2774 184 76 dé-

354 2840 359 70 cembre
606 2840 323 70 1842.
821 2840 216 70 Il
929 2840 431 70 s'excuse
1252 2840 216 70 de
1360 2840 395 70 l'avoir
1647 2840 395 70 blessée
1934 2840 216 70 en
2042 2840 467 70 employant
2401 2840 251 70 des
2509 2840 467 70 expressions

352 2902 518 80 énergiques,
767 2902 276 80 mais
940 2902 380 80 justes,
1216 2902 449 80 puisqu'il
1562 2902 415 80 pourrait
1873 2902 380 80 prouver
2149 2902 276 80 tout
2322 2902 207 80 ce
2425 2902 311 80 qu'il
2633 2902 173 80 a
2667 2902 311 80 avancé.

358 2970 332 74 «C'est
590 2970 266 74 bien
756 2970 166 74 à
823 2970 266 74 tort
988 2970 232 74 que
1121 2970 266 74 vous
1287 2970 398 74 employez
1586 2970 199 74 le
1686 2970 232 74 mot
1818 2970 199 74 de
1918 2970 597 74 <i>Prince</i>.
2416 2970 266 74 Vous
2582 2970 332 74 croyez
2781 2970 199 74 donc

351 3035 324 75 qu'en
567 3035 216 75 se
675 3035 396 75 fondant
963 3035 252 75 sur
1107 3035 216 75 ce
1215 3035 324 75 titre
1431 3035 216 75 on
1539 3035 252 75 ait
1683 3035 216 75 le
1791 3035 324 75 droit
2007 3035 216 75 de
2115 3035 216 75 se
2223 3035 468 75 permettre
2583 3035 252 75 des
2691 3035 288 75 choses

350 3102 351 74 qu'une
595 3102 316 74 autre
806 3102 421 74 personne
1121 3102 210 74 ne
1227 3102 210 74 se
1332 3102 526 74 permettrait
1753 3102 316 74 pas?»
1963 3102 210 74 Il
2068 3102 210 74 ne
2173 3102 351 74 craint
2419 3102 245 74 pas
2559 3102 245 74 ses
2664 3102 316 74 menaces

350 3166 211 58 et
455 3166 211 58 la
561 3166 317 58 somme
773 3166 211 58 de
878 3166 247 58 les
1019 3166 352 58 mettre
1266 3166 176 58 à
1301 3166 423 58 exécution.

76 3297 454 93 43458.
393 3297 408 93 ANCRE
666 3297 545 93 (Concino
1074 3297 545 93 CONCINI,
1482 3297 499 93 marquis
1845 3297 363 93 d’),
2072 3297 545 93 maréchal
2481 3297 272 93 de
2572 3297 408 93 France,

430 3388 411 90 favori
717 3388 246 90 de
841 3388 370 90 Marie
1087 3388 246 90 de
1210 3388 493 90 Médicis,
1580 3388 287 90 tué
1744 3388 287 90 par
1908 3388 370 90 Vitry
2155 3388 246 90 en
2278 3388 370 90 1617.
2524 3388 205 90 —
2606 3388 246 90 L.
2730 3388 246 90 a.
2812 3388 164 90 s.

427 3474 209 92 à
511 3474 251 92 M.
636 3474 251 92 de
761 3474 585 92 Nerestang;
1221 3474 460 92 Amiens,
1555 3474 251 92 23
1681 3474 543 92 septembre
2099 3474 376 92 1615,
2349 3474 209 92 1
2433 3474 251 92 p.
2516 3474 460 92 in

415 3561 687 95 <i>Très
914 3561 562 95 rare.
1289 3561 625 95 (Coll.
1726 3561 1062 95 Trémont)</i>.
2601 3561 437 95 125
2789 3561 187 95 »

408 3711 217 78 Il
516 3711 217 78 le
625 3711 290 78 prie
806 3711 217 78 de
915 3711 254 78 lui
1060 3711 435 78 renvoyer
1386 3711 217 78 la
1494 3711 471 78 compagnie
1856 3711 217 78 de
1965 3711 435 78 Monsieur
2291 3711 290 78 pour
2472 3711 471 78 renforcer
2798 3711 181 78 les

343 3778 411 74 troupes
642 3778 224 74 du
754 3778 448 74 maréchal
1090 3778 224 74 de
1165 3778 523 74 Boisdauphin.

70 3910 447 95 43459.
383 3910 536 95 ANDRIEUX
786 3910 671 95 (François),
1322 3910 492 95 célèbre
1680 3910 671 95 littérateur
2216 3910 268 95 et
2350 3910 447 95 auteur
2618 3910 358 95 drama-

419 3998 442 97 tique,
728 3998 442 97 membre
1037 3998 265 97 de
1170 3998 618 97 l'Académie
1655 3998 618 97 française,
2141 3998 265 97 né
2273 3998 221 97 à
2362 3998 662 97 Strasbourg.
2848 3998 132 97 —

405 4090 336 91 L.
573 4090 336 91 a.
741 4090 392 91 s.;
965 4090 560 91 Paris,
1357 4090 336 91 22
1525 4090 448 91 mars
1806 4090 504 91 1809,
2142 4090 280 91 4
2254 4090 336 91 p.
2422 4090 504 91 in-4.
2758 4090 280 91 6
2814 4090 168 91 »

399 4228 424 78 Superbe
708 4228 347 78 pièce
939 4228 231 78 où
1055 4228 231 78 il
1170 4228 385 78 défend
1440 4228 385 78 contre
1710 4228 231 78 un
1826 4228 655 78 calomniateur,
2365 4228 231 78 un
2481 4228 347 78 jeune
2674 4228 308 78 homme,

335 4298 251 74 ami
478 4298 215 74 de
586 4298 251 74 son
729 4298 358 74 parent
980 4298 788 74 l'adjudant-général
1625 4298 394 74 Andrieux.

64 4428 436 97 43460.
370 4428 480 97 ANGUIER
718 4428 567 97 (Michel),
1155 4428 480 97 célèbre
1503 4428 610 97 sculpteur,
1983 4428 436 97 auteur
2288 4428 305 97 des
2419 4428 567 97 bas

414 4518 253 103 de
540 4518 253 103 la
666 4518 379 103 porte
919 4518 673 103 Saint-Denis,
1466 4518 253 103 né
1592 4518 210 103 à
1676 4518 295 103 Eu.
1845 4518 210 103 —
1929 4518 253 103 P.
2055 4518 295 103 s.,
2224 4518 295 103 sur
2392 4518 421 103 vélin;
2644 4518 337 103 Paris,

415 4607 249 100 10
539 4607 456 100 juillet
870 4607 373 100 1680,
1119 4607 207 100 1
1202 4607 249 100 p.
1326 4607 373 100 in-4.
1575 4607 497 100 <i>Rare.
1947 4607 414 100 (Coll.
2237 4607 663 100 Boilly)</i>.
2776 4607 249 100 10
2859 4607 124 100 »

395 4761 314 78 Reçu
591 4761 354 78 donné
827 4761 236 78 au
945 4761 275 78 nom
1102 4761 589 78 d'Elisabeth
1573 4761 432 78 Dubois,
1888 4761 354 78 veuve
2124 4761 236 78 de
2241 4761 432 78 Jacques
2556 4761 354 78 Rémy,
2752 4761 236 78 bro-

331 4829 303 78 deur,
533 4829 202 78 sa
634 4829 303 78 tante
837 4829 236 78 par
971 4829 438 78 alliance,
1308 4829 236 78 qui
1443 4829 202 78 ne
1544 4829 337 78 savait
1780 4829 236 78 pas
1881 4829 303 78 signer.
