3191 5214
1401 33 294 88 —
1519 33 353 88 19
1637 33 177 88 —

447 217 485 134 poète,
786 217 485 134 membre
1125 217 291 134 de
1271 217 679 134 l’Académie
1804 217 679 134 française.
2337 217 242 134 —
2434 217 291 134 L.
2580 217 291 134 a.
2725 217 291 134 s.
2871 217 242 134 à
2919 217 194 134 un

446 312 693 129 confrère;
979 312 533 129 Paris,
1352 312 266 129 3
1458 312 639 129 novembre
1938 312 480 129 1879,
2257 312 266 129 2
2364 312 320 129 p.
2524 312 533 129 in-16.
2897 312 266 129 8
2950 312 160 129 »

433 480 318 115 Jolie
645 480 353 115 lettre
892 480 177 115 à
962 480 212 115 un
1068 480 424 115 écrivain
1386 480 247 115 qui
1528 480 353 115 trouve
1775 480 212 115 de
1881 480 212 115 la
1987 480 494 115 difficulté
2375 480 177 115 à
2446 480 318 115 faire
2658 480 424 115 imprimer
2940 480 177 115 son

367 550 414 113 premier
668 550 452 113 ouvrage.
1007 550 376 113 «C’est
1271 550 452 113 toujours
1609 550 226 113 le
1722 550 376 113 cercle
1986 550 452 113 vicieux:
2325 550 226 113 il
2438 550 301 113 faut
2626 550 301 113 être
2776 550 339 113 imprimé

366 617 301 115 pour
555 617 301 115 être
743 617 377 115 connu,
1006 617 301 115 mais
1195 617 226 115 on
1308 617 339 115 exige
1534 617 264 115 que
1684 617 452 115 l'auteur
2023 617 301 115 soit
2211 617 339 115 connu
2437 617 301 115 pour
2588 617 527 115 l'imprimer.»

90 789 488 136 43606.
432 789 488 136 TAUNAY
773 789 1073 136 (Nicolas-Antoine),
1699 789 536 136 célèbre
2089 789 536 136 peintre
2479 789 293 136 de
2577 789 536 136 paysages,

458 885 305 126 qui
633 885 305 126 fit
807 885 261 126 un
937 885 348 126 long
1155 885 435 126 séjour
1460 885 261 126 au
1590 885 479 126 Brésil.
1939 885 218 126 —
2026 885 261 126 P.
2156 885 261 126 a.
2287 885 305 126 s.;
2461 885 435 126 Paris,
2766 885 261 126 24
2853 885 261 126 plu-

406 975 840 126 viôse
966 975 560 126 an
1246 975 654 126 II,
1619 975 467 126 1
1806 975 560 126 p.
2086 975 840 126 in-4.
2646 975 560 126 10
2833 975 280 126 »

90 1131 495 134 43607.
436 1131 495 134 THOMAS
782 1131 742 134 (Ambroise),
1376 1131 297 134 le
1524 1131 544 134 célèbre
1920 1131 742 134 compositeur
2513 1131 297 134 de
2612 1131 495 134 musique.

413 1226 434 125 —
587 1226 521 125 L.
847 1226 521 125 a.
1108 1226 608 125 s.,
1455 1226 434 125 2
1628 1226 521 125 p.
1889 1226 608 125 1/2
2236 1226 781 125 in-8.
2757 1226 434 125 4
2844 1226 260 125 »

89 1392 464 133 43608.
414 1392 464 133 TARTAS
738 1392 557 133 (Emile),
1156 1392 557 133 général,
1574 1392 325 133 qui
1760 1392 371 133 prit
1992 1392 371 133 part
2224 1392 232 133 à
2317 1392 279 133 la
2456 1392 650 133 répression
2920 1392 186 133 du

448 1486 603 131 mouvement
912 1486 743 131 républicain,
1515 1486 418 131 après
1794 1486 278 131 le
1933 1486 232 131 2
2026 1486 557 131 décembre
2443 1486 418 131 1851,
2675 1486 418 131 député,

451 1576 261 127 né
581 1576 217 127 à
668 1576 435 127 Mézin,
972 1576 912 127 (Lot-et-Garonne).
1754 1576 217 127 —
1841 1576 261 127 P.
1971 1576 261 127 a.
2102 1576 304 127 s.,
2275 1576 217 127 1
2362 1576 261 127 p.
2493 1576 565 127 in-folio.
2927 1576 217 127 5
2971 1576 130 127 »

433 1736 600 77 Proclamation
921 1736 263 77 aux
1071 1736 488 77 électeurs
1446 1736 225 77 du
1521 1736 638 77 Lot

80 1890 503 127 43609.
432 1890 654 127 VARNHAGEN
935 1890 503 127 D’ENSE
1288 1890 1107 127 (Charles-Auguste),
2244 1890 554 127 célèbre
2597 1890 503 127 écrivain

445 1987 628 116 allemand.
928 1987 241 116 —
1024 1987 290 116 L.
1169 1987 290 116 a.
1314 1987 290 116 s.
1459 1987 241 116 à
1556 1987 435 116 HENRI
1845 1987 483 116 HEINE;
2183 1987 531 116 Berlin,
2570 1987 241 116 6
2618 1987 483 116 novembre

368 2077 1118 122 1843,
1113 2077 621 122 1
1361 2077 745 122 p.
1734 2077 1118 122 in-8.
2479 2077 745 122 10
2727 2077 373 122 »

431 2233 312 85 Jolie
640 2233 347 85 lettre
883 2233 208 85 où
987 2233 208 85 il
1091 2233 312 85 salue
1299 2233 243 85 son
1438 2233 382 85 arrivée
1716 2233 243 85 sur
1854 2233 208 85 la
1959 2233 312 85 terre
2167 2233 486 85 allemande.
2549 2233 347 85 «Gruss
2792 2233 243 85 und
2896 2233 208 85 Heil

359 2299 386 98 Ihnen
616 2299 300 98 aũf
788 2299 600 98 Deustschem
1259 2299 428 98 Boden!
1559 2299 643 98 Willkommen,
2073 2299 600 98 tausendmal
2501 2299 600 98 Willkommen!»

361 2367 229 100 Il
475 2367 267 100 lui
628 2367 343 100 donne
856 2367 419 100 ensuite
1161 2367 267 100 des
1313 2367 495 100 nouvelles
1694 2367 229 100 de
1808 2367 229 100 sa
1922 2367 381 100 santé,
2189 2367 267 100 qui
2341 2367 267 100 est
2494 2367 457 100 mauvaise
2836 2367 229 100 et
2913 2367 190 100 qui

361 2434 478 86 l’empêche
729 2434 405 86 d’aller
1023 2434 221 86 le
1134 2434 294 86 voir
1318 2434 184 86 à
1354 2434 405 86 Hambourg.

72 2590 514 128 43610.
432 2590 566 128 VENDOME
843 2590 617 128 (Charles
1306 2590 309 128 de
1461 2590 617 128 BOURBON,
1924 2590 360 128 duc
2129 2590 412 128 de),
2387 2590 720 128 grand-père
2901 2590 206 128 de

440 2685 414 123 Henri
716 2685 322 123 IV.
900 2685 230 123 —
992 2685 276 123 P.
1130 2685 322 123 s.,
1314 2685 322 123 sur
1498 2685 460 123 vélin;
1820 2685 276 123 31
1958 2685 552 123 décembre
2372 2685 414 123 1518,
2648 2685 230 123 1
2740 2685 276 123 p.
2832 2685 276 123 in

380 2775 1152 119 oblong.
1218 2775 1676 119 <i>Rare</i>.
2579 2775 628 119 25
2789 2775 314 119 »

423 2931 302 101 Reçu
612 2931 226 101 de
725 2931 264 101 ses
876 2931 641 101 appointements
1404 2931 226 101 de
1517 2931 490 101 capitaine
1894 2931 226 101 de
2007 2931 226 101 70
2120 2931 377 101 lances
2384 2931 264 101 des
2535 2931 566 101 ordonnances
2950 2931 151 101 du

333 2999 183 54 roi.

70 3152 489 128 43611.
412 3152 538 128 VENDOME
803 3152 684 128 (Philippe,
1341 3152 489 128 prince
1683 3152 391 128 de),
1928 3152 538 128 célèbre
2319 3152 587 128 général,
2710 3152 391 128 grand-

430 3250 484 122 prieur
769 3250 291 122 de
914 3250 533 122 France,
1302 3250 678 122 tristement
1834 3250 484 122 fameux
2174 3250 339 122 par
2367 3250 339 122 ses
2513 3250 581 122 débauches.

515 3421 286 119 1°
658 3421 286 119 L.
802 3421 382 119 aut.
1040 3421 239 119 à
1136 3421 334 119 son
1326 3421 429 119 frère
1613 3421 716 119 (l’illustre
2185 3421 668 119 guerrier);
2710 3421 382 119 camp
2901 3421 191 119 du

433 3510 474 113 Diblon,
778 3510 259 113 29
907 3510 560 113 septembre
1338 3510 388 113 1694,
1597 3510 215 113 2
1683 3510 259 113 p.
1812 3510 302 113 1/4
1941 3510 302 113 in

413 3677 275 102 Très
584 3677 309 102 belle
790 3677 343 102 lettre
1031 3677 206 102 où
1133 3677 206 102 il
1236 3677 206 102 le
1339 3677 412 102 félicite
1648 3677 206 102 de
1751 3677 206 102 la
1854 3677 309 102 grâce
2060 3677 240 102 que
2198 3677 206 102 le
2301 3677 240 102 Roi
2438 3677 309 102 vient
2644 3677 206 102 de
2747 3677 240 102 lui
2850 3677 240 102 faire

341 3743 229 104 en
455 3743 534 104 l’appelant
875 3743 229 104 au
989 3743 610 104 commandement
1485 3743 343 104 d’une
1713 3743 381 104 armée.
1980 3743 458 104 Piquants
2323 3743 419 104 détails
2628 3743 191 104 à
2705 3743 229 104 ce
2781 3743 305 104 sujet.

513 3895 291 122 2°
659 3895 291 122 L.
805 3895 291 122 a.
950 3895 291 122 s.
1096 3895 291 122 au
1242 3895 437 122 même;
1533 3895 485 122 Paris,
1873 3895 291 122 20
2018 3895 388 122 mars
2261 3895 437 122 1702,
2552 3895 243 122 5
2649 3895 291 122 p.
2746 3895 340 122 in

428 3986 498 99 Légères
745 3986 407 99 taches.

404 4152 427 106 SUPERBE
715 4152 427 106 LETTRE,
1026 4152 233 106 où
1142 4152 233 106 il
1259 4152 427 106 exprime
1570 4152 233 106 le
1686 4152 350 106 désir
1919 4152 233 106 de
2036 4152 389 106 servir
2308 4152 311 106 sous
2502 4152 272 106 ses
2658 4152 427 106 ordres.
2930 4152 155 106 Il

333 4220 353 103 parle
568 4220 550 103 longuement
1000 4220 236 103 de
1118 4220 236 103 sa
1236 4220 471 103 mauvaise
1590 4220 471 103 fortune.
1943 4220 236 103 Le
2061 4220 275 103 duc
2218 4220 236 103 du
2336 4220 353 103 Maine
2571 4220 275 103 lui
2729 4220 196 103 a
2768 4220 314 103 promis

334 4290 275 109 son
491 4290 353 109 appui
726 4290 353 109 «pour
962 4290 432 109 tascher
1276 4290 510 109 d’adoucyr
1668 4290 235 109 un
1786 4290 275 109 peu
1943 4290 471 109 l’esprit
2296 4290 235 109 du
2414 4290 275 109 Roy
2571 4290 275 109 sur
2728 4290 275 109 mon
2846 4290 235 109 cha-

331 4357 357 102 pitre,
581 4357 286 102 afin
760 4357 250 102 que
903 4357 393 102 lorsque
1189 4357 214 102 je
1296 4357 250 102 lui
1439 4357 465 102 parleray,
1796 4357 214 102 je
1904 4357 357 102 puisse
2154 4357 214 102 me
2261 4357 393 102 flatter
2547 4357 322 102 qu’il
2726 4357 357 102 écoutera

333 4425 249 102 mes
476 4425 641 102 justifications
1010 4425 249 102 ou,
1153 4425 285 102 pour
1331 4425 321 102 mieux
1545 4425 321 102 dire,
1759 4425 249 102 mes
1901 4425 428 102 raisons.
2222 4425 285 102 S’yl
2400 4425 249 102 les
2543 4425 356 102 trouve
2756 4425 321 102 bonnes,

326 4492 215 104 je
434 4492 215 104 me
541 4492 286 104 suis
720 4492 286 104 déjà
898 4492 429 104 expliqué
1220 4492 322 104 qu’il
1435 4492 358 104 estoit
1685 4492 215 104 le
1793 4492 393 104 maistre
2079 4492 215 104 de
2186 4492 215 104 se
2293 4492 358 104 servir
2544 4492 215 104 de
2651 4492 250 104 qui
2794 4492 250 104 bon
2901 4492 179 104 luy

329 4559 472 104 sembloit
683 4559 236 104 et
801 4559 275 104 que
958 4559 236 104 je
1076 4559 236 104 ne
1194 4559 275 104 lui
1351 4559 511 104 demandois
1744 4559 275 104 que
1901 4559 236 104 de
2019 4559 236 104 me
2137 4559 393 104 rendre
2413 4559 511 104 l’honneur
2806 4559 236 104 de
2884 4559 197 104 son

330 4628 361 106 estime
583 4628 217 106 et
691 4628 217 106 de
800 4628 253 106 son
944 4628 398 106 amitié,
1234 4628 253 106 que
1378 4628 217 106 je
1487 4628 398 106 croiois
1776 4628 398 106 mériter
2065 4628 289 106 plus
2246 4628 434 106 qu’aucun
2571 4628 217 106 de
2679 4628 253 106 ses
2788 4628 289 106 sujets

326 4695 268 107 par
479 4695 268 107 mes
632 4695 459 107 services
976 4695 229 107 et
1090 4695 229 107 ma
1205 4695 459 107 fidélité
1549 4695 229 107 et
1664 4695 268 107 mon
1817 4695 497 107 affection
2199 4695 306 107 pour
2390 4695 229 107 sa
2505 4695 612 107 personne...»
2963 4695 115 107 —

325 4764 511 107 (Philippe
718 4764 236 107 de
836 4764 433 107 Vendôme
1151 4764 275 107 fut
1308 4764 472 107 employé,
1662 4764 315 107 mais
1859 4764 236 107 il
1977 4764 275 107 fut
2134 4764 511 107 disgracié
2527 4764 236 107 de
2645 4764 433 107 nouveau
2921 4764 157 107 en

330 4834 307 87 1705,
534 4834 307 87 après
739 4834 205 87 la
841 4834 409 87 bataille
1148 4834 205 87 de
1216 4834 375 87 Cassano.)

401 4986 897 117 Les
913 4986 1025 117 deux
1554 4986 1281 117 pièces
2451 4986 769 117 45
2707 4986 384 117 »
