2550 3299
1817 426 183 42 SALA

1170 411 179 73 —
1242 411 251 73 138
1349 411 108 73 —

657 507 167 50 ne’
753 507 191 50 suoi
872 507 239 50 viaggi
1040 507 335 50 all’estero
1303 507 191 50 andô
1423 507 359 50 svolgendosi
1710 507 120 50 e
1734 507 167 50 affi-

656 570 310 59 nandosi.
889 570 129 59 A
941 570 284 59 Monaco,
1147 570 129 59 a
1199 570 284 59 Vienna,
1406 570 284 59 affermô
1613 570 155 59 la
1664 570 233 59 distin-

658 642 218 49 zione
803 642 169 49 del
900 642 169 49 suo
996 642 266 49 ingegno
1190 642 339 49 artistico,
1456 642 145 49 di
1528 642 169 49 cui
1625 642 242 49 furono
1770 642 121 49 ul.

660 707 170 57 tima
766 707 106 57 e
808 707 191 57 varia
936 707 191 57 prova
1063 707 106 57 i
1106 707 531 57 quadri;«Luglio).
1573 707 191 57 Il
1679 707 212 57 Lago

663 775 298 52 d'Alleghe
905 775 112 52 »,
961 775 130 52 «La
1035 775 223 52 sera
1203 775 112 52 »,
1259 775 93 52 e
1296 775 112 52 la
1352 775 316 52 graziosissima
1612 775 93 52 «
1631 775 260 52 Bolla

659 842 198 57 di
791 842 308 57 sapone
1033 842 132 57 »,
1099 842 242 57 esposti
1275 842 110 57 a
1318 842 242 57 Milano,
1494 842 198 57 nella
1626 842 242 57 recente
1780 842 110 57 Mo-

658 907 189 72 stra
753 907 284 72 triennale.

722 1002 231 58 328
906 1002 139 58 La
983 1002 216 58 Fortuna

724 1075 220 56 339
885 1075 308 56 Processione

738 1242 423 52 Tommasi
1090 1242 259 52 Adolfo.
1278 1242 118 52 —
1325 1242 141 52 N.
1396 1242 118 52 à
1443 1242 259 52 Livorno
1631 1242 141 52 il
1701 1242 141 52 15
1748 1242 141 52 Gen-

657 1321 205 58 naio
785 1321 230 58 1851.
939 1321 333 58 Destinato
1195 1321 179 58 dal
1297 1321 230 58 padre
1451 1321 154 58 al
1528 1321 358 58 commercio,
1784 1321 102 58 fu

663 1379 245 56 tratto
835 1379 294 56 all’arte
1056 1379 147 56 da
1130 1379 172 56 una
1228 1379 343 56 prepotente
1498 1379 319 56 vocazione
1743 1379 123 56 e
1767 1379 123 56 nel

666 1452 208 55 1874
796 1452 234 55 passô
952 1452 130 55 a
1004 1452 312 55 studiare
1238 1452 286 55 pittura
1445 1452 130 55 a
1497 1452 312 55 Firenze,
1705 1452 182 55 sotto

655 1506 252 56 Carlo
823 1506 252 56 Marko
991 1506 308 56 figlio.
1215 1506 280 56 Lasciô
1412 1506 224 56 dopo
1552 1506 252 56 breve
1692 1506 196 56 témpo

655 1571 214 80 tale
789 1571 295 80 studio,
1004 1571 188 80 non
1111 1571 402 80 piacendogli
1432 1571 214 80 quel
1566 1571 322 80 dipinger
1781 1571 107 80 di

653 1642 330 61 maniera,
900 1642 165 61 si
983 1642 220 61 recô
1120 1642 220 61 solo
1258 1642 165 61 in
1340 1642 330 61 campagna
1588 1642 138 61 a
1615 1642 275 61 ritrarre

654 1715 184 73 dal
759 1715 236 73 vero,
916 1715 131 73 e
968 1715 288 73 diventô
1178 1715 210 73 cosi
1309 1715 184 73 uno
1414 1715 184 73 dei
1519 1715 236 73 caldi
1650 1715 236 73 seguaci

654 1778 188 57 del
761 1778 348 57 realismo.
1029 1778 241 57 Assai
1190 1778 322 57 discusso
1431 1778 161 57 fu
1512 1778 161 57 il
1592 1778 188 57 suo
1673 1778 214 57 quadro

668 1850 270 58 «Dopo
871 1850 135 58 la
939 1850 383 58 brinata»,
1254 1850 203 58 vasto
1389 1850 203 58 campo
1525 1850 135 58 di
1592 1850 225 58 cavoli
1727 1850 158 58 presi

659 1927 153 53 dal
747 1927 197 53 gelo.
878 1927 132 53 Il
944 1927 219 53 «Il
1098 1927 241 53 fischio
1273 1927 153 53 del
1361 1927 307 53 vapore
1602 1927 132 53 »,
1668 1927 241 53 esposto
1821 1927 66 53 a

665 1987 240 57 Torino
833 1987 168 57 nel
929 1987 216 57 1884,
1073 1987 144 57 fu
1145 1987 168 57 tra
1241 1987 144 57 le
1313 1987 192 57 cose
1433 1987 288 57 migliori
1649 1987 144 57 di
1697 1987 192 57 quella

664 2051 254 64 Mostra.
849 2051 115 64 A
895 2051 254 64 Venezia
1080 2051 162 64 nel
1172 2051 185 64 1887
1288 2051 208 64 mandô
1426 2051 115 64 :
1472 2051 115 64 «
1518 2051 231 64 Via
1657 2051 231 64 pro

660 2124 354 56 vinciale
944 2124 307 56 maremmana
1180 2124 142 56 »,
1251 2124 118 56 «
1298 2124 165 56 Una
1393 2124 260 56 tiepida
1558 2124 331 56 giornata

656 2195 558 64 primaverile»:
1144 2195 116 64 a
1190 2195 232 64 Milano
1353 2195 163 64 nel
1446 2195 186 64 1894
1562 2195 349 64 «L’Alzaja/»
1818 2195 93 64 e.

669 2259 107 57 «
711 2259 193 57 La
840 2259 257 57 raccolta
1033 2259 193 57 delle
1161 2259 278 57 ulire
1375 2259 128 57 ».
1439 2259 128 57 Il
1504 2259 257 57 realismo
1696 2259 150 57 del
1761 2259 128 57 Tom-

658 2342 205 45 masi
786 2342 128 45 e
838 2342 410 45 raggentilito
1170 2342 154 45 da
1247 2342 154 45 un
1324 2342 205 45 mite
1452 2342 230 45 senso
1605 2342 230 45 dell’
1733 2342 154 45 uomo

656 2395 123 57 e
706 2395 221 57 della
829 2395 221 57 natura.

707 2491 430 57 340
1052 2491 258 57 Il
1224 2491 258 57 canto
1396 2491 258 57 della
1568 2491 459 57 sfoglia
1912 2491 86 57 D

714 2555 310 65 341
958 2555 266 65 Paese
1157 2555 333 65 toscano
1423 2555 244 65 (giorno
1601 2555 133 65 di
1667 2555 310 65 pioggia)..
1911 2555 111 65 .
1933 2555 67 65 C

1785 3056 198 67 Original
1918 3056 99 67 from

1620 3120 338 50 UNIVERSITY
1885 3120 145 50 OF
1934 3120 241 50 MICHIGAN
