2550 3299
1861 443 183 48 SALA

756 522 437 57 Abbandonando
1111 522 164 57 il
1193 522 437 57 naturalismo,
1521 522 383 57 accostandosi

675 587 197 56 alle
798 587 271 56 vecchie
995 587 345 56 tradizioni
1266 587 345 56 nazionali,
1537 587 123 56 e
1561 587 345 56 prediligendo

675 659 197 72 certi
807 659 285 72 contrasti
1026 659 132 72 di
1092 659 241 72 colori,
1267 659 175 72 egli
1377 659 132 72 si
1443 659 219 72 sforza
1596 659 307 72 sopratutto
1815 659 88 72 di

671 723 327 57 suggerire
923 723 151 57 l’
998 723 378 57 impressione
1301 723 176 57 del
1401 723 302 57 passato,
1628 723 151 57 di
1678 723 227 57 evocare

672 793 343 58 sensazioni
941 793 147 58 d’
1015 793 172 58 una
1113 793 319 58 ingenuità
1358 793 245 58 strana
1529 793 147 58 ed
1578 793 245 58 arcaica.

753 946 445 60 Muzzioli
1127 946 304 60 Giovanni.
1361 946 117 60 —
1408 946 187 60 Mori
1525 946 164 60 non
1618 946 234 60 ancora
1759 946 140 60 qua-

671 1025 348 59 rantenne,
939 1025 160 59 il
1019 1025 134 59 6
1072 1025 267 59 Agosto
1259 1025 187 59 del
1366 1025 241 59 1894,
1527 1025 134 59 a
1580 1025 294 59 Modena,
1767 1025 134 59 sua

669 1083 212 56 città
811 1083 260 56 natale,
1000 1083 189 56 ove,
1118 1083 354 56 giovinetto,
1401 1083 236 56 studiô
1543 1083 354 56 all’Accademia

667 1147 154 65 di
744 1147 231 65 Belle
898 1147 231 65 Arti.
1052 1147 308 65 Recatosi
1283 1147 128 65 a
1334 1147 231 65 Roma,
1488 1147 231 65 mandô
1642 1147 179 65 nel
1719 1147 179 65 1875.

664 1218 205 50 come
793 1218 256 50 saggio
972 1218 154 50 de
1049 1218 205 50 suoi
1177 1218 359 50 progressi,
1459 1218 128 50 à
1510 1218 282 50 Modena.
1716 1218 154 50 l'
1767 1218 128 50 «A-

668 1283 364 56 bramo
964 1283 114 56 e
1010 1283 182 56 Sara
1124 1283 182 56 alla
1238 1283 205 56 Corte
1374 1283 159 56 dei
1465 1283 342 56 Faraoni/»/;
1716 1283 182 56 poscia

667 1361 145 59 da
739 1361 289 59 Firenze,
956 1361 169 59 nel
1053 1361 217 59 1878,
1197 1361 121 59 «
1245 1361 313 59 Nerone
1486 1361 121 59 e
1535 1361 337 59 Poppea
1776 1361 121 59 Al-

666 1419 426 56 l’Esposizione
1017 1419 151 56 di
1092 1419 276 56 Torino,
1293 1419 151 56 fu
1368 1419 426 56 ammiratissima
1719 1419 151 56 la
1770 1419 125 56 sua

674 1484 111 56 «
718 1484 489 56 Maddalena»;
1140 1484 111 56 a
1185 1484 222 56 quella
1340 1484 311 56 successiva
1585 1484 133 56 di
1652 1484 222 56 Milano
1785 1484 111 56 del

674 1556 177 64 1881
785 1556 155 64 col
873 1556 222 64 quadro
1029 1556 244 64 «Nel
1206 1556 222 64 tempio
1362 1556 133 64 di
1428 1556 288 64 Bacco
1650 1556 244 64 riportô
1805 1556 89 64 il

661 1632 252 60 premio
837 1632 252 60 Cantù.
1013 1632 151 60 Da
1089 1632 252 60 allora
1265 1632 151 60 in
1340 1632 176 60 poi
1441 1632 151 60 si
1517 1632 227 60 diede
1642 1632 252 60 partico-

665 1681 289 75 larmente
882 1681 193 75 alla
1002 1681 265 75 pittura
1195 1681 289 75 storica,
1411 1681 217 75 detta
1556 1681 144 75 di
1628 1681 265 75 genere;
1797 1681 96 75 ed

662 1748 234 62 esegui,
832 1748 149 62 tra
917 1748 127 62 le
980 1748 191 62 altre
1108 1748 191 62 cose,
1235 1748 361 62 «L’Offerta
1532 1748 170 62 agli
1638 1748 149 62 Dei
1702 1748 191 62 Lar»,

664 1819 110 57 la
719 1819 92 57 «
755 1819 220 57 Festa
921 1819 129 57 dei
994 1819 349 57 Floreali»,
1288 1819 110 57 il
1343 1819 92 57 «
1380 1819 275 57 Responso
1582 1819 312 57 sacerdotale

659 1882 238 58 alle
832 1882 195 58 nozze
962 1882 346 58 romane».
1243 1882 151 58 Nel
1330 1882 195 58 1888,
1460 1882 173 58 all’
1568 1882 324 58 Esposizione
1806 1882 87 58 di

663 1947 268 63 Bologna,
864 1947 246 63 trionfô
1043 1947 156 63 col
1132 1947 224 63 quadro
1289 1947 201 63 «I
1423 1947 268 63 funerali
1624 1947 134 63 di
1668 1947 224 63 Bri

660 2019 424 57 tannico»,
1020 2019 127 57 in
1084 2019 148 57 cui
1168 2019 254 57 riflesse
1359 2019 127 57 il
1423 2019 297 57 sentimento
1656 2019 233 57 fatrosi
1804 2019 85 57 in

654 2082 173 64 lui
753 2082 173 64 più
852 2082 198 64 vivo
975 2082 173 64 del
1074 2082 346 64 paesaggio,
1346 2082 148 64 il
1420 2082 198 64 moto
1543 2082 222 64 degli
1667 2082 222 64 affetti

655 2155 169 56 nei
751 2155 314 56 contrasti
993 2155 217 56 della
1138 2155 217 56 luce.
1283 2155 241 56 Invece
1451 2155 145 56 di
1524 2155 290 56 riposare
1717 2155 169 56 sulla

654 2221 320 54 vittoria,
901 2221 148 54 il
975 2221 296 54 Muzzioli
1197 2221 148 54 fu
1271 2221 222 54 preso
1419 2221 148 54 da
1493 2221 222 54 nuova
1616 2221 271 54 irrequie-

656 2290 256 66 tezza;
836 2290 154 66 ma
913 2290 154 66 il
989 2290 205 66 male
1117 2290 154 66 ne
1194 2290 307 66 divorava
1425 2290 154 66 il
1502 2290 282 66 gracile
1681 2290 205 66 corpo,

655 2355 127 49 ed
718 2355 169 49 egli
824 2355 169 49 nell
930 2355 381 49 Idillio
1248 2355 212 49 lasciô
1396 2355 127 49 il
1459 2355 148 49 suo
1544 2355 296 49 testamento
1756 2355 127 49 pit

628 2419 211 56 torico.

717 2524 170 63 242
838 2524 195 63 Idillio

1240 2499 328 73 proprietà
1492 2499 177 73 del
1593 2499 253 73 signor
1745 2499 126 73 Pie

1278 2570 168 71 tro
1374 2570 263 71 Foresti
1565 2570 144 71 di
1613 2570 192 71 Carpi.

1786 3054 198 69 Original
1919 3054 99 69 from

1621 3114 337 57 UNIVERSITY
1886 3114 145 57 OF
1934 3114 241 57 MICHIGAN
