2550 3299
669 579 733 97 SCULTURE

1603 1227 185 48 SALA

505 1267 476 73 Bartholomé
914 1267 136 73 A.
982 1267 113 73 —
1027 1267 181 73 Nato
1140 1267 113 73 a
1186 1267 295 73 Thiverval
1413 1267 136 73 il
1481 1267 136 73 29
1526 1267 136 73 Ago-

422 1331 161 66 sto
514 1331 206 66 1848,
651 1331 184 66 vive
766 1331 115 66 a
812 1331 252 66 Parigi.
996 1331 138 66 La
1064 1331 184 66 vita
1179 1331 138 66 di
1248 1331 229 66 quest’
1409 1331 252 66 artista
1569 1331 92 66 si

419 1402 259 74 divide
600 1402 155 74 in
678 1402 181 74 due
781 1402 310 74 distinti
1014 1402 310 74 periodi.
1247 1402 181 74 Nel
1351 1402 259 74 primo.
1506 1402 155 74 egli

421 1473 152 58 si
497 1473 253 58 dedicô
674 1473 203 58 alla
801 1473 279 58 pittura
1003 1473 152 58 ed
1079 1473 253 58 espose
1257 1473 177 58 per
1358 1473 228 58 circa
1485 1473 177 58 dieci

419 1531 126 64 0
469 1531 253 64 dodici
646 1531 202 64 anni
773 1531 253 64 quadri
949 1531 227 64 assai
1101 1531 329 64 pregiati.
1354 1531 177 64 Nel
1430 1531 227 64 secondo

422 1619 291 55 periodo,
640 1619 170 55 che
737 1619 242 55 risale
907 1619 121 55 a
955 1619 194 55 otto
1076 1619 194 55 anni
1197 1619 145 55 or
1270 1619 218 55 sono,
1416 1619 145 55 si
1488 1619 121 55 é
1513 1619 145 55 dato

422 1674 379 58 interamente
725 1674 202 58 alla
851 1674 354 58 statuaria.
1129 1674 202 58 Egli
1256 1674 152 58 ha
1331 1674 303 58 studiato
1534 1674 126 58 con

421 1753 380 58 particolare
724 1753 228 58 amore
876 1753 152 58 le
952 1753 228 58 opere
1104 1753 430 58 giovanilmente
1433 1753 228 58 fresche

418 1819 181 48 del
521 1819 413 48 quattrocento
857 1819 129 48 e
908 1819 181 48 del
1012 1819 232 48 primo
1141 1819 361 48 cinquecento.

477 1905 355 60 374
755 1905 152 60 L’
831 1905 329 60 unione
1085 1905 152 60 al
1161 1905 152 60 di
1237 1905 152 60 là
1313 1905 228 60 della
1465 1905 329 60 vita
1693 1905 76 60 E

504 2083 416 72 Bazzaro
850 2083 277 72 Ernesto.
1058 2083 116 72 —
1105 2083 139 72 N.
1174 2083 116 72 a
1220 2083 231 72 Milano
1382 2083 139 72 il
1451 2083 139 72 29
1497 2083 162 72 Marzo

435 2148 177 64 1859.
554 2148 138 64 Nel
632 2148 177 64 1881,
751 2148 118 64 la
810 2148 138 64 sua
889 2148 197 64 statua
1105 2148 374 64 Sordello
1421 2148 118 64 fu
1460 2148 197 64 premiata

419 2217 149 59 al
494 2217 298 59 Concorso
717 2217 323 59 Canonica,
966 2217 124 59 e
1015 2217 199 59 poco
1139 2217 199 59 dopo
1264 2217 149 59 il
1338 2217 298 59 bozzetto
1537 2217 124 59 pel

422 2291 328 56 monumento
674 2291 126 56 a
724 2291 328 56 Garibaldi
976 2291 151 56 in
1052 2291 227 56 Monza
1203 2291 252 56 veniva
1355 2291 303 56 prescelto.

420 2363 219 60 Altre
566 2363 219 60 opere
712 2363 146 60 di
785 2363 244 60 quest’
956 2363 268 60 artista
1150 2363 195 60 sono
1272 2363 146 60 il
1345 2363 244 60 gruppo
1491 2363 171 60 della

430 2419 114 60 «
476 2419 387 60 Vedova
794 2419 136 60 »,
862 2419 159 60 che
953 2419 205 60 venne
1090 2419 318 60 acquistato
1340 2419 159 60 dal
1408 2419 250 60 Ministero

422 2490 199 65 della
555 2490 133 65 P.
621 2490 155 65 I.,
710 2490 111 65 «
754 2490 199 65 La
887 2490 310 65 Trovatella
1131 2490 133 65 »,
1175 2490 487 65 «L’esaurimento»,

433 2555 473 58 «Invalido».
841 2555 172 58 Egli
948 2555 129 58 si
1013 2555 215 58 sforza
1163 2555 129 58 di
1227 2555 236 58 rendere
1399 2555 150 58 con
1485 2555 129 58 la
1528 2555 129 58 mas-

417 2624 217 68 sima
552 2624 379 68 semplicità
850 2624 162 68 di
931 2624 271 68 mezzi,
1121 2624 135 68 e
1175 2624 244 68 quasi
1337 2624 189 68 con
1418 2624 244 68 accenni

1787 3055 198 66 Original
1918 3055 99 66 from

1621 3122 337 49 UNIVERSITY
1886 3122 145 49 OF
1934 3122 241 49 MICHIGAN

2250 1569 23 635 MYP
2266 1569 41 635 GPIVFKNIPI
2298 1569 9 635 1I
