2550 3299
513 514 833 98 L’ACQUAFORTE
1190 514 313 98 IN
1294 514 417 98 OLANDA

543 1388 150 63 In
618 1388 250 63 Olanda
793 1388 400 63 l’acquaforte
1118 1388 150 63 é.
1193 1388 150 63 si
1268 1388 175 63 puô
1368 1388 225 63 dire,
1518 1388 200 63 arte
1618 1388 175 63 indi-

459 1458 232 67 gena;
614 1458 154 67 ma
691 1458 206 67 dopo
819 1458 154 67 la
897 1458 180 67 sua
1000 1458 334 67 splendida
1257 1458 334 67 fioritura
1514 1458 180 67 nel
1591 1458 206 67 secolo

460 1524 236 63 XVII,
617 1524 183 63 con
722 1524 131 63 a
774 1524 210 63 capo
905 1524 367 63 Rembrandt,
1193 1524 157 63 il
1272 1524 157 63 re
1351 1524 183 63 del
1429 1524 367 63 chiaroscuro,

461 1603 215 49 anch’
604 1603 215 49 essa,
748 1603 191 49 come
867 1603 215 49 tutte
1011 1603 143 49 le
1082 1603 191 49 arti
1202 1603 167 49 del
1297 1603 287 49 disegno,
1512 1603 143 49 va
1560 1603 239 49 scemando

459 1657 397 59 d’importanza
782 1657 174 59 nel
881 1657 248 59 secolo
1054 1657 372 59 decimottavo
1352 1657 124 59 e
1401 1657 322 59 précipita
1624 1657 174 59 nella

460 1722 235 72 prima
616 1722 209 72 metà
747 1722 183 72 del
825 1722 235 72 nostro.

541 1795 210 56 Dopo
672 1795 158 56 il
751 1795 236 56 1850,
908 1795 158 56 di
987 1795 210 56 pari
1118 1795 236 56 passo
1276 1795 184 56 con
1381 1795 158 56 la
1433 1795 368 56 rinnovazione

463 1874 353 59 pittorica,
740 1874 303 59 comincia
967 1874 151 59 la
1043 1874 328 59 rinascita
1295 1874 505 59 dell’acquaforte.
1699 1874 101 59 Un

465 1930 333 74 vedutista,
727 1930 143 74 il
799 1930 405 74 Weissenbruch,
1132 1930 143 74 ne
1204 1930 143 74 fu
1275 1930 405 74 l’iniziatore;
1608 1930 119 74 e
1656 1930 119 74 a
1680 1930 119 74 lui

466 2009 267 48 tennero
660 2009 242 48 dietro
829 2009 218 48 Jozef
975 2009 291 48 Israëls,
1193 2009 121 48 i
1241 2009 291 48 frarelli
1460 2009 218 48 Maris
1605 2009 121 48 e
1629 2009 170 48 Anton

466 2066 257 57 Mauve,
646 2066 128 57 i
697 2066 231 57 quali
851 2066 334 57 segnarono
1108 2066 180 57 del
1211 2066 205 57 loro
1339 2066 205 57 nome
1467 2066 257 57 alcune
1621 2066 180 57 inci-

463 2138 208 57 sioni
602 2138 208 57 rare,
740 2138 439 57 ricercatissime,
1110 2138 139 57 e,
1179 2138 162 57 nel
1272 2138 185 57 loro
1387 2138 254 57 genere,
1549 2138 254 57 perfette.

469 2203 294 55 L’Israëls
695 2203 271 55 continuô
899 2203 113 55 a
944 2203 294 55 produrne,
1170 2203 136 55 ed
1237 2203 181 55 oggi
1350 2203 136 55 il
1418 2203 271 55 glorioso
1599 2203 203 55 pittore

461 2274 448 53 settuagenario
829 2274 237 53 conta
987 2274 158 53 il
1066 2274 263 53 numero
1251 2274 158 53 di
1330 2274 237 53 circa
1462 2274 342 53 venticinque

471 2339 359 73 lastre
770 2339 120 73 la
830 2339 220 73 maggior
990 2339 180 73 parte
1110 2339 200 73 d’alto
1229 2339 180 73 valore.

548 2402 227 51 Verso
699 2402 151 51 il
774 2402 201 51 1880
900 2402 151 51 un
976 2402 277 51 artista
1177 2402 302 51 olandese
1404 2402 302 51 abitante
1631 2402 126 51 a
1656 2402 151 51 Bru-

466 2472 283 75 xelles,
672 2472 231 75 Storm
826 2472 154 75 de
903 2472 154 75 s’
980 2472 385 75 Gravesande,
1288 2472 154 75 un
1365 2472 180 75 po’
1468 2472 334 75 discepolo
1699 2472 103 75 di

472 2540 321 72 Feliciano
719 2540 222 72 Rops,
867 2540 148 72 lo
942 2540 296 72 squisito
1164 2540 272 72 maestro
1361 2540 321 72 francese,
1584 2540 222 72 ottiene

759 683 280 56 NEL
919 683 401 56 NOSTRO
1160 683 320 56 SECOLO

876 1147 433 72 NOTIZIA

1785 3055 199 68 Original
1918 3055 100 68 from

1621 3113 337 57 UNIVERSITY
1885 3113 144 57 OF
1934 3113 240 57 MICHIGAN
