2550 3299
1053 416 194 60 —
1092 416 155 60 93

1711 423 182 44 SALA

514 507 257 56 Napoli,
701 507 211 56 parte
841 507 117 56 a
888 507 281 56 Venezia,
1099 507 281 56 seguendo
1309 507 140 56 la
1380 507 234 56 scuola
1520 507 234 56 realista

511 572 293 55 moderna.
730 572 171 55 Dal
828 572 195 55 1881
949 572 195 55 vive
1071 572 146 55 in
1144 572 268 55 patria,
1340 572 195 55 dove
1461 572 146 55 ha
1510 572 244 55 eseguito

510 636 220 55 molte
656 636 220 55 opere
802 636 146 55 di
876 636 317 55 carattere
1120 636 342 55 nazionale,
1388 636 171 55 che
1461 636 293 55 ritraggono

509 708 389 56 specialmente
825 708 122 56 i
873 708 195 56 tipi
995 708 122 56 e
1044 708 122 56 i
1092 708 268 56 costumi
1287 708 219 56 dell’
1433 708 340 56 Andalusia.
1676 708 73 56 É

507 786 209 57 anche
646 786 372 57 illustratore
949 786 140 57 di
1018 786 209 57 libri
1158 786 116 57 e
1181 786 256 57 giornali.

557 862 538 79 116
980 862 346 79 La
1210 862 692 79 Sivigliana.
1749 862 115 79 H

588 1051 423 63 Garnelo
941 1051 188 63 Alda
1059 1051 212 63 José.
1200 1051 118 63 —
1247 1051 141 63 N.
1318 1051 118 63 a
1365 1051 259 63 Enguera
1529 1051 212 63 (Valen-

499 1124 182 55 za)
603 1124 182 55 nel
707 1124 233 55 1866.
862 1124 233 55 Compi
1018 1124 130 55 i
1070 1124 207 55 suoi
1199 1124 233 55 studi
1355 1124 156 55 in
1433 1124 337 55 Andalusia
1666 1124 78 55 e

503 1187 234 57 trasse
666 1187 140 57 le
737 1187 164 57 sue
830 1187 351 57 ispirazioni
1111 1187 211 57 dalla
1252 1187 234 57 scuola
1415 1187 351 57 sivigliana.
1673 1187 70 57 A

500 1265 184 51 soli
615 1265 138 51 19
684 1265 184 51 anni
799 1265 230 51 espose
959 1265 138 51 un
1028 1265 184 51 gran
1143 1265 230 51 quadro
1304 1265 253 51 storico
1464 1265 276 51 «La

496 1323 272 64 morte
700 1323 136 64 di
768 1323 362 64 Lucano»,
1062 1323 158 64 che
1153 1323 113 64 é
1198 1323 158 64 ora
1288 1323 113 64 a
1334 1323 249 64 Madrid,
1515 1323 158 64 nel
1583 1323 158 64 Museo

496 1406 178 54 del
597 1406 254 54 Prado.
775 1406 305 54 Ottenuta
1004 1406 229 54 dall’
1156 1406 330 54 Accademia
1411 1406 330 54 spagnuola
1639 1406 102 54 la

498 1459 223 71 borsa
647 1459 174 71 pel
746 1459 273 71 viaggio
945 1459 149 71 di
1019 1459 471 71 perfezionamento
1416 1459 198 71 all’
1515 1459 223 71 estero,

492 1529 156 58 si
570 1529 208 58 recô
700 1529 130 58 a
752 1529 234 58 Roma.
908 1529 182 58 Una
1012 1529 234 58 vasta
1167 1529 416 58 composizione
1479 1529 260 58 eseguita

497 1601 135 66 di
565 1601 248 66 recente
746 1601 135 66 da
813 1601 203 66 quest
949 1601 248 66 artista
1129 1601 113 66 é
1174 1601 113 66 «
1219 1601 203 66 La
1332 1601 406 66 rappresenta

494 1673 261 58 zione
690 1673 152 58 dei
777 1673 217 58 grandi
929 1673 217 58 uomini
1081 1673 326 58 segnalatisi
1342 1673 196 58 nella
1450 1673 283 58 coltura

495 1715 353 73 spagnuola
782 1715 309 73 attraverso
1025 1715 110 73 i
1069 1715 353 73 secol».
1356 1715 110 73 E
1401 1715 177 73 vice
1489 1715 243 73 direttore

488 1795 226 56 della
639 1795 251 56 Scuola
814 1795 151 56 di
890 1795 226 56 Belle
1040 1795 201 56 Arti
1166 1795 151 56 di
1216 1795 301 56 Saragozza.

557 1887 316 60 117
810 1887 358 60 Anticamera
1105 1887 147 60 del
1189 1887 232 60 Palaz;o
1357 1887 190 60 reale
1484 1887 126 60 di
1547 1887 316 60 Madrid
1779 1887 63 60 H

542 1953 574 66 118
1001 1953 383 66 Una
1269 1953 612 66 «Salve"
1728 1953 115 66 4

569 2147 473 53 Giannetti
972 2147 308 53 Raffaele.
1208 2147 118 53 —
1256 2147 142 53 N.
1327 2147 118 53 a
1374 2147 213 53 Porto
1492 2147 237 53 Maurizio

487 2196 181 72 nel
591 2196 233 72 1847,
746 2196 155 72 v.
824 2196 130 72 a
876 2196 311 72 Venezia.
1109 2196 130 72 E
1161 2196 259 72 autore
1342 2196 155 72 di
1420 2196 259 72 quadri
1576 2196 155 72 sto-

489 2276 177 55 rici
599 2276 110 55 e
644 2276 133 55 di
710 2276 243 55 genere.
887 2276 133 55 Un
953 2276 331 55 «Barnabo
1218 2276 265 55 Visconti
1417 2276 155 55 sul
1483 2276 243 55 ponte

488 2338 233 57 del
651 2338 349 57 Lambro»
930 2338 163 57 che
1023 2338 186 57 egli
1139 2338 186 57 ebbe
1256 2338 140 57 la
1325 2338 279 57 temerità
1535 2338 140 57 di
1581 2338 140 57 ese-

479 2411 239 63 guire
639 2411 133 63 a
692 2411 213 63 Roma
825 2411 186 63 nel
931 2411 239 63 1861,
1090 2411 186 63 gli
1197 2411 292 63 procurô
1409 2411 186 63 uno
1489 2411 239 63 sfratto

487 2492 283 56 politico.
705 2492 131 56 Il
770 2492 153 56 suo
858 2492 109 56 «
901 2492 349 56 Benvenuto
1184 2492 327 56 Cellin
1446 2492 196 56 venne
1555 2492 174 56 acqui-

481 2547 215 57 stato
624 2547 143 57 da
696 2547 215 57 Luigi
839 2547 167 57 II.
934 2547 143 57 di
1006 2547 262 57 Baviera
1196 2547 119 57 e
1244 2547 191 57 andô
1363 2547 286 57 travolto
1554 2547 167 57 nella

1787 3056 198 67 Original
1918 3056 99 67 from

1621 3123 338 47 UNIVERSITY
1886 3123 145 47 OF
1935 3123 241 47 MICHIGAN
