2550 3299
1714 403 180 48 SALA

1055 396 188 72 —
1131 396 226 72 73
1206 396 113 72 —

519 490 279 57 Napoli.
721 490 152 57 La
798 490 203 57 vita
924 490 330 57 campestre
1178 490 228 57 offre
1330 490 456 57 principalmente
1685 490 76 57 i

520 555 270 72 soggetti
722 555 180 72 all’
834 555 180 72 arte
924 555 135 72 sua.

602 633 280 59 29
818 633 452 59 Vendemmiatrici
1205 633 345 59 d’aranc
1485 633 151 59 (in
1572 633 323 59 Andalusia).
1808 633 65 59 H

600 706 386 57 30
904 706 552 57 Approfittando
1373 706 193 57 del
1483 706 414 57 riposo
1786 706 83 57 H

577 851 434 64 Bisschop
943 851 320 64 Christoph.
1194 851 114 64 —
1240 851 137 64 N.
1308 851 114 64 a
1354 851 320 64 Leeuwarden
1582 851 183 64 (Olan-

517 922 186 60 da)
623 922 186 60 nel
729 922 239 60 1828;
888 922 212 60 vive
1020 922 133 60 a
1073 922 451 60 Scheveningen.
1444 922 159 60 Il
1497 922 265 60 Bisschop

521 997 220 63 trovô
667 997 220 63 nella
814 997 269 63 Frisia,
1009 997 171 63 sua
1107 997 220 63 terra
1253 997 269 63 natale,
1449 997 122 63 e
1497 997 171 63 nei
1571 997 195 63 pitto-

520 1052 244 62 reschi
691 1052 269 62 costumi
886 1052 147 62 di
959 1052 220 62 essa,
1106 1052 147 62 un
1179 1052 317 62 incentivo
1423 1052 195 62 alle
1545 1052 171 62 sue
1618 1052 147 62 rare

523 1123 335 57 attitudini
786 1123 359 57 artistiche.
1074 1123 263 57 Apprese
1265 1123 144 57 la
1337 1123 263 57 tecnica
1529 1123 168 57 del
1600 1123 168 57 dise-

521 1203 153 57 gno
608 1203 153 57 dai
696 1203 153 57 due
783 1203 218 57 grandi
936 1203 240 57 pittori
1110 1203 458 57 d'intern,
1503 1203 131 57 il
1569 1203 131 57 De
1612 1203 153 57 Hoogh

520 1263 159 67 ed
599 1263 159 67 il
678 1263 185 67 Van
784 1263 185 67 der
890 1263 238 67 Meer.
1049 1263 318 67 Recatosi
1287 1263 132 67 a
1340 1263 291 67 Parigi,
1526 1263 238 67 risenti

519 1338 337 57 vivamente
778 1338 156 57 l’
856 1338 337 57 influenza
1116 1338 182 57 del
1219 1338 285 57 Compte.
1427 1338 156 57 Il
1505 1338 182 57 suo
1582 1338 182 57 primo

523 1401 239 59 quadro
690 1401 263 59 esposto
881 1401 143 59 fu
953 1401 143 59 il
1025 1401 406 59 «Rembrandt
1359 1401 191 59 alla
1455 1401 310 59 lezione

520 1457 476 74 d’anatomia»
928 1457 249 74 (1855).
1109 1457 136 74 In
1177 1457 272 74 seguito,
1381 1457 136 74 si
1449 1457 317 74 compiacque
1675 1457 91 74 di

521 1524 422 63 rappresentare
869 1524 149 63 le
943 1524 223 63 scene
1092 1524 124 63 e
1142 1524 149 63 le
1216 1524 298 63 emozioni
1439 1524 248 63 intime
1588 1524 174 63 della

498 1602 174 50 casa.

610 1674 236 74 31
795 1674 152 74 Un
896 1674 168 74 raggio
1014 1674 101 74 di
1048 1674 185 74 sole

609 1739 242 65 32
795 1739 297 65 Ritratio
1037 1739 167 65 dell’
1149 1739 279 65 artista
1372 1739 260 65 (destinato
1576 1739 149 65 alla
1650 1739 112 65 Gal

820 1810 194 67 leria
928 1810 194 67 Pitti).

601 1964 290 56 Bjôrck
804 1964 290 56 Oscar.
1007 1964 145 56 —
1065 1964 174 56 N.
1152 1964 145 56 a
1211 1964 348 56 Stocolma
1472 1964 203 56 nel
1559 1964 203 56 1860.

519 2026 360 58 Soggiornô
796 2026 138 58 a
852 2026 277 58 Skagen
1045 2026 166 58 in
1128 2026 388 58 Danimarca,
1433 2026 138 58 e
1488 2026 166 58 vi
1544 2026 221 58 trattô

523 2112 287 44 soggetti
738 2112 215 44 della
881 2112 191 44 vita
1001 2112 382 44 marinaresca.
1311 2112 143 44 Fu
1383 2112 143 44 in
1455 2112 239 44 Italia
1622 2112 119 44 e
1646 2112 119 44 fra

523 2162 174 58 noi
622 2162 223 58 compi
771 2162 223 58 molte
920 2162 248 58 opere,
1094 2162 174 58 che
1193 2162 174 58 gli
1292 2162 397 58 acquistarono
1590 2162 174 58 larga

525 2228 388 71 riputazione,
840 2228 194 71 come
961 2228 412 71 «Susanna»,
1301 2228 170 71 «L’
1374 2228 388 71 officina»,

527 2314 256 58 parecchi
719 2314 384 58 intern
1039 2314 128 58 di
1103 2314 213 58 chiese
1252 2314 107 58 e
1295 2314 192 58 scene
1401 2314 363 58 caratteristiche

525 2362 157 65 di
577 2362 261 65 Venezia.

607 2458 298 58 33
837 2458 321 58 Interno
1089 2458 207 58 della
1227 2458 275 58 Basilica
1433 2458 138 58 di
1502 2458 138 58 S.
1571 2458 321 58 Marco
1800 2458 69 58 I

587 2518 578 69 34
1031 2518 889 69 Ritratto
1742 2518 133 69 1

365 3060 339 119 Digatized
626 3060 157 119 by
678 3060 209 119 Google

1785 3058 199 65 Original
1918 3058 100 65 from

1620 3112 338 59 UNIVERSITY
1885 3112 145 59 OF
1934 3112 241 59 MICHIGAN
