2550 3299
1628 387 185 40 SALA

1019 384 165 61 149

444 467 163 53 che
537 467 233 53 spesso
700 467 163 53 gli
793 467 233 53 davano
956 467 163 53 gli
1050 467 280 53 scultori
1259 467 163 53 fra
1353 467 117 53 i
1399 467 210 53 quali
1516 467 163 53 vive-

442 534 189 59 va.
550 534 270 59 Espose
739 534 189 59 per
847 534 162 59 la
928 534 243 59 prima
1089 534 243 59 volta
1251 534 216 59 alla
1359 534 324 59 Promotrice

444 602 145 59 di
516 602 242 59 Torino
686 602 242 59 (1894)
856 602 145 59 un
929 602 339 59 medaglione
1195 602 145 59 al
1268 602 194 59 vero
1365 602 315 59 «Mia

447 666 389 65 madre»
768 666 114 65 e
813 666 183 65 poco
928 666 183 65 dopo
1042 666 229 65 esegui
1202 666 137 65 il
1271 666 366 65 bassorilievo
1546 666 137 65 «I<>

443 738 236 67 primi
601 738 256 67 amor».

508 834 230 59 381
692 834 184 59 Lotta
815 834 199 59 oscura

525 1034 440 65 Bistolfi
895 1034 301 65 Leonardo.
1127 1034 116 65 —
1173 1034 139 65 N.
1242 1034 116 65 a
1289 1034 208 65 Casal
1404 1034 278 65 Monferrato

443 1099 143 65 il
515 1099 143 65 15
586 1099 214 65 Marzo
729 1099 214 65 1859.
872 1099 238 65 Figlio
1039 1099 143 65 di
1110 1099 143 65 un
1182 1099 262 65 valente
1348 1099 334 65 intagliatore

439 1170 162 58 in
520 1170 270 58 legno,
709 1170 162 58 il
790 1170 324 58 Bistolfi
1033 1170 270 58 ancora
1222 1170 297 58 bambino
1411 1170 270 58 mostrava

443 1237 194 71 rare
564 1237 340 71 attitudini
831 1237 146 71 al
904 1237 291 71 disegno,
1123 1237 243 71 sicché
1293 1237 121 71 i
1341 1237 194 71 suoi
1438 1237 243 71 genitori

445 1297 335 77 permisero
703 1297 180 77 ch’
806 1297 206 77 egli
935 1297 412 77 frequentasse
1270 1297 155 77 le
1347 1297 335 77 Accademie
1579 1297 103 77 di

450 1370 262 59 Milano
633 1370 131 59 e
686 1370 289 59 Torino.
896 1370 367 59 Innamorato
1184 1370 236 59 della
1342 1370 262 59 natura
1526 1370 131 59 e
1552 1370 131 59 del

451 1450 226 49 vero,
602 1450 151 49 lo
677 1450 201 49 rese
803 1450 176 49 con
903 1450 251 49 vivace
1080 1450 302 49 evidenza
1306 1450 226 49 nelle
1457 1450 176 49 sue
1532 1450 151 49 cose

447 1505 346 76 giovanili,
719 1505 198 76 come
842 1505 247 76 «Le
1015 1505 370 76 lavandaie»,
1312 1505 198 76 «Gli
1410 1505 272 76 aman

447 1572 173 62 ti
546 1572 148 62 »,
620 1572 271 62 «Ardens
817 1572 271 62 larva»,
1014 1572 173 62 «Il
1113 1572 370 62 bacio»,
1409 1572 173 62 «Al
1483 1572 197 62 sole».

449 1643 222 56 Toccô
598 1643 148 56 la
672 1643 198 56 nota
795 1643 173 56 più
894 1643 272 56 elevata
1092 1643 173 56 del
1191 1643 173 56 suo
1290 1643 371 56 naturalismo
1561 1643 124 56 con

444 1706 138 72 la
513 1706 230 72 figura
674 1706 161 72 del
766 1706 391 72 «Frate
1087 1706 207 72 Nelle
1225 1706 230 72 ultime
1386 1706 161 72 sue
1478 1706 207 72 opere
1593 1706 92 72 il

450 1770 270 65 Bistolfi
652 1770 135 65 s’
719 1770 112 65 é
764 1770 202 65 fatto
899 1770 427 65 rappresentatore
1258 1770 135 65 di
1326 1770 180 65 idee
1438 1770 112 65 e
1460 1770 225 65 idealiz-

442 1846 264 69 zatore
626 1846 158 69 di
706 1846 396 69 sentimenti,
1023 1846 185 69 non
1128 1846 396 69 trascurando
1445 1846 211 69 perô
1551 1846 132 69 mai

443 1906 149 65 la
518 1906 249 65 verità
692 1906 224 65 delle
841 1906 249 65 forme.
1015 1906 199 65 Tale
1140 1906 199 65 egli
1264 1906 149 65 ci
1339 1906 323 65 apparisce
1563 1906 124 65 nel

447 1978 284 59 solenne
654 1978 336 59 monumento
912 1978 336 59 funerario
1170 1978 232 59 della
1325 1978 310 59 famiglia
1531 1978 155 59 Pan-

447 2057 152 50 sa,
534 2057 217 50 eretto
686 2057 152 50 nel
773 2057 261 50 Cimitero
968 2057 130 50 di
1034 2057 195 50 Cuneo
1164 2057 109 50 e
1207 2057 304 50 intitolato
1424 2057 261 50 «La

442 2113 264 75 Sfinge.

496 2210 304 65 382.
856 2210 249 65 La
1022 2210 332 65 Bellesza
1271 2210 249 65 della
1437 2210 387 65 Morte
1714 2210 83 65 C

530 2403 421 64 Bortotti
884 2403 288 64 Girolamo.
1106 2403 111 64 —
1150 2403 177 64 Nato
1261 2403 111 64 a
1305 2403 266 64 Belluno,
1483 2403 199 64 studiô,

446 2467 236 64 grazie
612 2467 118 64 a
659 2467 166 64 una
754 2467 284 64 pensione
967 2467 378 64 conferitagli
1274 2467 213 64 dalla
1416 2467 166 64 sua
1487 2467 189 64 città,

444 2531 238 65 nell’
602 2531 344 65 Accademia
867 2531 159 65 di
946 2531 317 65 Venezia.
1184 2531 159 65 La
1263 2531 185 65 sua
1369 2531 317 65 gioventà
1580 2531 106 65 fu

1784 3041 201 74 Original
1918 3041 101 74 from

1620 3108 339 64 UNIVERSITY
1886 3108 145 64 OF
1934 3108 242 64 MICHIGAN
