2550 3299
1078 415 183 69 —
1114 415 146 69 87

1725 428 183 47 SALA

616 505 273 75 85
826 505 315 75 Funerale
1078 505 126 75 in
1141 505 126 75 un
1204 505 273 75 villaggio
1414 505 126 75 di
1456 505 315 75 rescator

840 578 154 59 del
932 578 216 59 Baltico

622 642 252 57 86
816 642 233 57 Ponte
990 642 136 57 del
1068 642 252 57 Castello,
1262 642 97 57 à
1301 642 233 57 Berlino,
1476 642 155 57 nell
1553 642 214 57 occa

831 714 274 58 sione
1036 714 182 58 dell
1150 714 228 58 arrivo
1310 714 137 58 di
1378 714 137 58 S.
1447 714 137 58 M.
1492 714 274 58 Umber

826 778 149 74 0
886 778 179 74 I°
945 778 268 74 (1889).

616 908 204 63 Du
752 908 339 63 Chattel
1024 908 294 63 Frederic.
1250 908 113 63 —
1295 908 136 63 N.
1363 908 158 63 nel
1453 908 181 63 1856
1566 908 113 63 a
1589 908 181 63 Leyda,

532 986 191 58 vive
651 986 191 58 all’
770 986 191 58 Aja.
890 986 143 58 Le
961 986 238 58 marine
1128 986 119 58 e
1175 986 119 58 i
1223 986 214 58 paesi
1366 986 143 58 di
1414 986 357 58 quest’artista

530 1036 207 56 sono
659 1036 310 56 popolari
892 1036 155 56 in
969 1036 284 56 Olanda,
1176 1036 207 56 dove
1305 1036 181 56 non
1408 1036 181 56 c’é
1512 1036 232 56 Museo
1641 1036 129 56 che

532 1116 184 48 non
637 1116 316 48 possegga
874 1116 290 48 qualche
1085 1116 184 48 sua
1190 1116 237 48 tela.
1348 1116 237 48 Molte
1506 1116 237 48 delle
1637 1116 132 48 sue

525 1188 228 56 opere
677 1188 203 56 sono
803 1188 228 56 state
955 1188 279 56 vendute
1158 1188 152 56 in
1234 1188 329 56 Germania,
1487 1188 152 56 in
1538 1188 228 56 Inghil-

527 1240 254 60 terra,
705 1240 153 60 in
756 1240 254 60 America.

598 1322 503 58 87
985 1322 426 58 Rive
1295 1322 232 58 di
1411 1322 503 58 fiume
1759 1322 116 58 V

612 1452 347 64 Duez
889 1452 254 64 Ernest.
1074 1452 116 64 —
1121 1452 139 64 N.
1190 1452 162 64 l’8
1282 1452 208 64 Marzo
1421 1452 185 64 1843
1537 1452 116 64 a
1560 1452 208 64 Parigi,

525 1515 203 63 dove
651 1515 228 63 vive.
803 1515 152 63 Si
879 1515 203 63 fece
1006 1515 355 63 largamente
1285 1515 329 63 conoscere
1538 1515 177 63 nel
1614 1515 152 63 1879

523 1578 189 73 con
631 1578 162 73 un
712 1578 270 73 grande
902 1578 270 73 quadro
1091 1578 379 73 religioso,
1388 1578 189 73 che
1497 1578 135 73 é
1551 1578 216 73 oggi
1659 1578 108 73 al

530 1644 236 64 Museo
687 1644 315 64 parigino
924 1644 184 64 del
1029 1644 420 64 Lussemburgo;
1370 1644 184 64 più
1475 1644 236 64 tardi
1606 1644 158 64 ese-

527 1716 177 71 gui
628 1716 227 71 opere
779 1716 152 71 di
855 1716 253 71 genere
1032 1716 455 71 svariatissimo,
1411 1716 328 71 paesaggi.
1638 1716 126 71 ri-

527 1779 267 65 tratti,
721 1779 218 65 scene
866 1779 145 65 di
939 1779 218 65 caffé
1084 1779 121 65 e
1133 1779 145 65 di
1205 1779 267 65 piazza,
1399 1779 267 65 marine,
1569 1779 194 65 quadri

504 1851 302 56 d’animali.

612 1927 336 76 88
870 1927 284 76 Gesu
1077 1927 181 76 che
1181 1927 284 76 cammina
1387 1927 233 76 sulle
1542 1927 362 76 acque
1801 1927 78 76 H

598 1991 498 62 89
990 1991 534 62 Ritratto
1417 1991 498 62 rosso
1772 1991 107 62 H

612 2138 348 57 Dupré
895 2138 239 57 Julien.
1069 2138 109 57 —
1113 2138 131 57 N.
1178 2138 109 57 a
1221 2138 218 57 Parigi
1374 2138 131 57 il
1439 2138 131 57 17
1504 2138 196 57 Marzo
1613 2138 152 57 1851.

534 2203 260 56 Paesista
729 2203 108 56 e
772 2203 324 56 animalista,
1032 2203 216 56 espone
1183 2203 346 56 assiduamente
1464 2203 130 56 al
1508 2203 260 56 Sa

532 2266 320 57 lon
784 2266 160 57 dei
875 2266 206 57 Campi
1012 2266 229 57 Elisi,
1172 2266 137 57 ma
1241 2266 114 57 i
1287 2266 183 57 suoi
1401 2266 229 57 quadri
1538 2266 229 57 emigrano

527 2331 170 72 per
624 2331 146 72 la
697 2331 267 72 maggior
891 2331 219 72 parte
1037 2331 194 72 all’
1159 2331 267 72 estero.
1353 2331 243 72 Ritrae
1523 2331 146 72 la
1572 2331 194 72 natura

525 2404 193 56 con
636 2404 165 56 un
718 2404 248 56 certo
883 2404 523 56 rammorbidimento
1324 2404 413 56 d’eleganza,
1626 2404 138 56 che

528 2466 203 74 perô
654 2466 177 74 non
756 2466 152 74 lo
832 2466 330 74 allontana
1085 2466 177 74 dal
1162 2466 177 74 vero.

614 2546 279 73 90
828 2546 386 73 Giornaliera
1150 2546 150 73 che
1236 2546 129 73 fa
1300 2546 301 73 disseccare
1537 2546 129 73 il
1601 2546 301 73 fieno
1816 2546 64 73 H

1785 3054 198 70 Original
1918 3054 99 70 from

1621 3110 337 61 UNIVERSITY
1885 3110 144 61 OF
1934 3110 240 61 MICHIGAN
