2550 3299
1277 394 235 58 140
1378 394 101 58 —

1850 394 180 49 SALA

751 479 174 61 Il.
851 479 299 61 Vanaise,
1075 479 199 61 nato
1199 479 149 61 di
1274 479 299 61 famiglia
1498 479 224 61 quasi
1648 479 274 61 povera,
1822 479 75 61 é

670 546 300 64 riuscito
895 546 125 64 a
945 546 375 64 conquistare
1245 546 150 64 la
1319 546 325 64 rinomanza
1569 546 150 64 di
1644 546 175 64 cui
1719 546 175 64 gode,

664 618 192 56 con
773 618 192 56 una
883 618 301 56 tenacia
1102 618 411 56 ammirabile.
1430 618 192 56 Non
1540 618 329 56 percorse
1759 618 137 56 che

664 681 179 74 gli
767 681 231 74 studi
921 681 333 74 inferiori
1177 681 154 74 ed
1254 681 231 74 entrô
1407 681 231 74 nell’
1561 681 333 74 Accademia
1792 681 102 74 di

668 749 234 62 Belle
824 749 208 62 Arti
954 749 130 62 a
1007 749 234 62 Gand.
1163 749 208 62 dopo
1293 749 208 62 aver
1423 749 286 62 aiutato
1632 749 182 62 per
1710 749 182 62 qual.

663 831 192 61 che
772 831 247 61 tempo
937 831 164 61 il
1019 831 274 61 padre,
1211 831 192 61 che
1320 831 356 61 conduceva
1595 831 164 61 un
1649 831 247 61 piccolo

666 899 288 57 negozio.
882 899 216 57 Nella
1027 899 264 57 pittura
1219 899 313 57 giovanile
1459 899 144 57 di
1531 899 240 57 quest’
1676 899 216 57 artista

662 955 154 56 si
739 955 205 56 nota
867 955 154 56 un
944 955 307 56 riflesso
1175 955 231 56 della
1328 955 256 56 scuola
1508 955 333 56 francese,
1738 955 154 56 poi-

660 1019 192 58 ché
769 1019 274 58 Parigi
961 1019 164 58 lo
1043 1019 219 58 ebbe
1180 1019 274 58 ospite
1372 1019 192 58 per
1481 1019 301 58 qualche
1673 1019 219 58 tempo.

666 1090 221 65 Verso
814 1090 147 65 la
888 1090 197 65 fine
1010 1090 172 65 del
1109 1090 197 65 1892
1232 1090 197 65 fece
1354 1090 147 65 un
1428 1090 270 65 viaggio
1625 1090 147 65 in
1674 1090 221 65 Italia,

666 1155 444 65 trattenendosi
1032 1155 418 65 specialmente
1371 1155 131 65 a
1424 1155 209 65 Roma
1554 1155 131 65 e
1607 1155 131 65 a
1633 1155 261 65 Venezia,

665 1227 165 57 che
760 1227 165 57 gli
854 1227 236 57 ispirô
1019 1227 118 57 i
1066 1227 236 57 quadri
1231 1227 118 57 «
1278 1227 424 57 Gondolieri»
1632 1227 118 57 e
1655 1227 236 57 «La

664 1314 358 49 guna»
955 1314 179 49 Perô
1067 1314 157 49 sul
1156 1314 157 49 suo
1246 1314 291 49 indirizzo
1470 1314 291 49 artistico
1694 1314 179 49 ebbe
1783 1314 112 49 in-

665 1362 265 58 fluenza
858 1362 289 58 decisiva
1075 1362 145 58 un
1147 1362 265 58 viaggio
1340 1362 145 58 in
1413 1362 265 58 Ispagna
1606 1362 265 58 (1887),
1774 1362 121 58 du-

661 1427 240 73 rante
822 1427 160 73 il
902 1427 240 73 quale
1062 1427 267 73 studiô
1249 1427 134 73 e
1302 1427 240 73 copiô
1463 1427 240 73 molte
1623 1427 240 73 opere
1756 1427 134 73 del

660 1491 335 72 Velasquez
918 1491 129 72 e
970 1491 180 72 del
1047 1491 232 72 Ribera.

709 1617 483 65 348
1096 1617 483 65 Sinfonia
1482 1617 193 65 di
1579 1617 451 65 rosso
1901 1617 97 65 L

708 1687 483 61 349
1094 1687 483 61 Pittrice
1480 1687 193 61 di
1577 1687 451 61 fior.
1898 1687 97 61 L

736 1931 256 57 Van
916 1931 179 57 der
1018 1931 333 57 Veele
1274 1931 256 57 Herman
1454 1931 333 57 Johannes.
1710 1931 128 57 —
1761 1931 154 57 N.
1812 1931 77 57 a

660 2003 445 56 Meddelbourg,
1022 2003 223 56 vive
1161 2003 139 56 a
1217 2003 167 56 L’
1300 2003 223 56 Aia.
1440 2003 390 56 Appartiene
1718 2003 167 56 alla

657 2081 256 44 scuola
837 2081 307 44 olandese
1067 2081 179 44 del
1170 2081 231 44 1870,
1323 2081 128 44 e
1375 2081 154 44 si
1452 2081 128 44 é
1503 2081 307 44 dedicato
1708 2081 179 44 tanto

659 2146 189 42 alla
777 2146 260 42 pittura
966 2146 236 42 quanto
1132 2146 307 42 all’acqua
1368 2146 236 42 forte.
1533 2146 331 42 Ricordiamo
1769 2146 118 42 tra

661 2204 139 55 le
730 2204 162 55 sue
823 2204 185 55 cose
939 2204 162 55 piû
1032 2204 278 55 reputate
1240 2204 278 55 «Buoi
1449 2204 139 55 al
1518 2204 348 55 lavoro»
1773 2204 116 55 che

661 2266 120 65 é
709 2266 168 65 ora
805 2266 216 65 nella
949 2266 337 65 collezione
1214 2266 216 65 della
1358 2266 264 65 Signora
1550 2266 192 65 Luyt
1671 2266 120 65 a
1695 2266 192 65 L’Aia,

658 2338 118 57 e
706 2338 142 57 l’
776 2338 330 57 acquaforte
1036 2338 354 57 «Ritorno
1319 2338 212 57 della
1460 2338 354 57 mandra»
1720 2338 165 57 tolta

656 2403 191 72 dal
765 2403 273 72 quadro
956 2403 164 72 di
1039 2403 164 72 A.
1093 2403 219 72 Mauve.

696 2532 572 62 350
1154 2532 458 62 Nelle
1497 2532 496 62 dune
1840 2532 153 62 ..

1785 3045 199 75 Original
1918 3045 100 75 from

1621 3120 337 51 UNIVERSITY
1886 3120 145 51 OF
1934 3120 241 51 MICHIGAN
