2550 3299
1852 346 182 41 SALA

1189 346 180 57 —
1261 346 252 57 132
1369 346 108 57 —

664 418 257 65 tembre
844 418 231 65 1861,
998 418 205 65 vive
1127 418 128 65 a
1178 418 282 65 Vienna.
1383 418 128 65 É
1435 418 282 65 allievo
1640 418 231 65 dell’
1769 418 128 65 Ac-

669 491 270 63 cademia
866 491 295 63 viennese
1087 491 147 63 di
1161 491 221 63 Belle
1308 491 221 63 Arti,
1456 491 197 63 dove
1579 491 246 63 studiô
1726 491 172 63 sotto

669 562 148 59 la
743 562 221 59 guida
891 562 172 59 del
989 562 221 59 prof.
1137 562 148 59 L.
1211 562 148 59 C.
1260 562 246 59 Müiller.

716 656 511 63 313.
1125 656 375 63 Sera
1397 656 204 63 in
1499 656 545 63 Moravia
1908 656 102 63 L

756 874 338 65 Simi
1027 874 316 65 Filadelfo.
1275 874 113 65 —
1320 874 135 65 N.
1388 874 113 65 a
1433 874 316 65 Sevigliano
1681 874 225 65 comune
1816 874 90 65 di

676 946 314 58 Stazzema
911 946 262 58 (Prov.
1095 946 157 58 di
1173 946 262 58 Lucca)
1356 946 157 58 l’
1435 946 157 58 11
1513 946 314 58 febbraio
1723 946 183 58 1849.

681 1005 125 63 É
731 1005 174 63 tra
831 1005 125 63 i
880 1005 174 63 più
980 1005 249 63 eletti
1155 1005 299 63 artefici
1379 1005 224 63 della
1528 1005 274 63 moderna
1703 1005 199 63 scuola

681 1076 277 63 toscana,
889 1076 115 63 i
935 1076 231 63 tratti
1097 1076 416 63 caratteristici
1443 1076 208 63 della
1582 1076 208 63 quale
1720 1076 185 63 sono
1813 1076 92 63 la

682 1154 260 58 purezza
872 1154 166 58 del
966 1154 260 58 disegno
1156 1154 118 58 e
1203 1154 142 58 le
1274 1154 284 58 sobrietà
1487 1154 166 58 del
1582 1154 260 58 colore.
1747 1154 166 58 Nella

687 1211 235 57 Mostra
851 1211 305 57 veneziana
1086 1211 164 57 del
1179 1211 188 57 1887
1297 1211 141 57 il
1367 1211 164 57 suo
1461 1211 235 57 quadro
1625 1211 117 57 «
1649 1211 258 57 Un

685 1292 445 48 riflesso»
1063 1292 289 48 ricordava
1286 1292 134 48 la
1353 1292 223 48 grazia
1508 1292 200 48 dolce
1642 1292 111 48 e
1664 1292 245 48 contenuta

685 1346 163 75 dei
755 1346 420 75 quattrocentisti.

752 1444 196 56 314
896 1444 209 56 Parche

745 1506 264 74 315
953 1506 283 74 Bice
1179 1506 302 74 (iridescenza
1424 1506 170 74 della
1518 1506 264 74 madreperla).

766 1722 461 65 Sinding
1151 1722 205 65 Otto
1279 1722 282 65 Ludwig.
1484 1722 128 65 —
1535 1722 154 65 N.
1612 1722 128 65 a
1638 1722 282 65 Kongsborg

683 1788 386 64 (Norvegia)
986 1788 165 64 il
1069 1788 165 64 16
1152 1788 331 64 Decembre
1400 1788 248 64 1842,
1565 1788 220 64 vive
1703 1788 138 64 a
1730 1788 193 64 Chri-

692 1851 284 73 stiania.
905 1851 213 73 Passô
1048 1851 142 73 la
1119 1851 332 73 giovinezza
1379 1851 118 73 a
1427 1851 332 73 Karlsruhe,
1687 1851 118 73 a
1711 1851 213 73 Monaco,

690 1923 126 57 a
740 1923 302 57 Berlino;
967 1923 151 57 l’
1042 1923 202 57 arte
1168 1923 176 57 sua
1269 1923 252 57 ritrae
1445 1923 302 57 pertanto
1672 1923 151 57 da
1723 1923 202 57 quella

692 1985 173 75 dei
791 1985 272 75 maestri
989 1985 321 75 tedeschi.
1236 1985 247 75 Esordi
1408 1985 222 75 colle
1557 1985 272 75 marine,
1754 1985 173 75 poi
1828 1985 99 75 si

693 2051 246 57 volse
857 2051 192 57 con
966 2051 301 57 fortuna
1186 2051 246 57 anche
1350 2051 164 57 al
1432 2051 274 57 quadro
1624 2051 164 57 di
1679 2051 246 57 genere.

694 2121 206 74 All’
823 2121 386 74 Esposizione
1131 2121 154 74 di
1208 2121 257 74 Monaco
1388 2121 180 74 del
1491 2121 206 74 1891
1620 2121 334 74 piacquero
1851 2121 77 74 i

697 2187 186 63 suoi
813 2187 279 63 paesaggi
1022 2187 279 63 nordici,
1232 2187 116 63 e
1278 2187 163 63 fra
1372 2187 209 63 tutti
1511 2187 233 63 quello
1651 2187 279 63 intitolato

706 2260 147 56 «I
780 2260 270 56 Lapponi
976 2260 221 56 delle
1123 2260 221 56 isole
1270 2260 270 56 Lofoti,
1466 2260 172 56 che
1564 2260 294 56 salutano
1760 2260 172 56 il

700 2322 313 58 ritorno
946 2322 157 58 del
1013 2322 179 58 sole».

740 2406 523 69 316
1150 2406 336 69 Il
1374 2406 709 69 ghiacciaio
1934 2406 112 69 1

742 2484 593 64 317
1217 2484 356 64 Il
1454 2484 633 64 mattino
1928 2484 119 64 1

490 3060 395 117 Google

1787 3053 198 66 Original
1918 3053 99 66 from

1622 3122 336 47 UNIVERSITY
1886 3122 144 47 OF
1934 3122 240 47 MICHIGAN
