2550 3299
1275 367 152 61 166

700 459 222 57 larga
848 459 321 57 rinomanza
1095 459 173 57 con
1194 459 148 57 le
1268 459 173 57 sue
1366 459 222 57 belle
1514 459 321 57 incisioni
1736 459 296 57 all’acqua-

702 530 230 62 forte
856 530 128 62 e
907 530 205 62 alla
1035 530 230 62 punta
1189 530 256 62 secca.
1368 530 128 62 E
1419 530 128 62 a
1471 530 256 62 questo
1650 530 230 62 tempo
1778 530 256 62 medesimo

704 602 265 58 Matthys
897 602 217 58 Maris
1042 602 217 58 ferma
1186 602 217 58 sulla
1331 602 241 58 lastra
1500 602 145 58 le
1573 602 169 58 sue
1669 602 265 58 visioni
1862 602 145 58 di
1910 602 121 58 so-

701 667 181 64 gno,
814 667 497 64 castelli-fantasmi,
1244 667 226 64 idilli
1402 667 316 64 adorabili,
1651 667 113 64 e
1696 667 316 64 interpreta
1922 667 113 64 uno

701 739 133 55 de
767 739 222 55 quadri
923 739 155 55 più
1011 739 244 55 celebri
1189 739 155 55 del
1278 739 222 55 Millet
1433 739 222 55 «Il
1588 739 422 55 Seminatore»
1921 739 111 55 con

702 803 143 73 la
774 803 286 73 mirabile
988 803 309 73 incisione
1226 803 214 73 dello
1369 803 238 73 stesso
1535 803 262 73 titolo,
1726 803 143 73 la
1797 803 214 73 quale
1916 803 119 73 puô

699 866 257 60 essere
879 866 385 60 considerata
1187 866 205 60 come
1315 866 180 60 una
1418 866 257 60 pagina
1598 866 359 60 originale,
1854 866 180 60 tanto

700 938 341 58 l’artefice
968 938 146 58 vi
1041 938 146 58 ha
1114 938 292 58 trasfuso
1333 938 171 58 del
1430 938 171 58 suo
1528 938 268 58 proprio
1698 938 317 58 sentimento.

781 1002 195 55 Poi
893 1002 167 55 il
976 1002 223 55 moto
1116 1002 167 55 si
1199 1002 307 55 allarga
1423 1002 195 55 per
1534 1002 251 55 opera
1701 1002 167 55 di
1785 1002 167 55 un
1841 1002 195 55 grup-

701 1071 146 67 po
774 1071 146 67 di
846 1071 291 67 giovani,
1065 1071 291 67 parecchi
1283 1071 170 67 fra
1381 1071 121 67 i
1429 1071 219 67 quali
1575 1071 146 67 da
1648 1071 219 67 circa
1793 1071 194 67 otto
1890 1071 146 67 anni

697 1137 161 58 si
778 1137 214 58 sono
912 1137 295 58 riuniti
1126 1137 161 58 in
1206 1137 188 58 una
1314 1137 295 58 società
1528 1137 348 58 (Etsclub)
1796 1137 188 58 che
1876 1137 161 58 pub-

704 1210 226 73 blica
854 1210 151 73 un
930 1210 226 73 album
1080 1210 276 73 annuale
1281 1210 125 73 e
1331 1210 326 73 organizza
1582 1210 226 73 delle
1708 1210 326 73 Esposizioni

701 1282 476 57 internazionali
1097 1282 159 57 di
1177 1282 291 57 «Bianco
1388 1282 132 57 e
1414 1282 212 57 Nero».

781 1346 186 58 Fra
888 1346 266 58 questi
1074 1346 292 58 giovani
1287 1346 292 58 artisti
1499 1346 239 58 Bauer
1659 1346 133 58 é
1712 1346 160 58 un
1765 1346 266 58 composi-

701 1411 177 57 tore
812 1411 244 57 alla
989 1411 310 57 punta
1233 1411 222 57 dotato
1388 1411 199 57 d’un’
1520 1411 354 57 imaginazione
1786 1411 244 57 inesauri-

700 1482 227 65 bile.
851 1482 176 65 Dai
952 1482 227 65 molti
1103 1482 252 65 viaggi
1280 1482 303 65 compiuti
1507 1482 176 65 nei
1607 1482 227 65 paesi
1733 1482 303 65 orientali,

698 1548 209 57 egli
829 1548 157 57 ha
907 1548 340 57 riportato
1169 1548 157 57 un
1247 1548 262 57 numero
1430 1548 445 57 ragguardevole
1797 1548 157 57 di
1849 1548 183 57 studi

700 1614 142 61 de
771 1614 214 61 quali
914 1614 142 61 si
985 1614 214 61 giova
1128 1614 166 61 per
1223 1614 356 61 ricostruire
1508 1614 166 61 con
1603 1614 237 61 felice
1745 1614 285 61 virtuosità

700 1695 151 57 un
775 1695 277 57 Oriente
977 1695 176 57 che
1077 1695 176 57 pur
1178 1695 277 57 essendo
1379 1695 302 57 conforme
1605 1695 151 57 al
1681 1695 226 57 vero,
1832 1695 151 57 fa
1882 1695 151 57 pen-

703 1746 178 66 sare
814 1746 133 66 un
881 1746 178 66 poco
992 1746 178 66 alle
1103 1746 267 66 fantasie
1303 1746 200 66 delle
1437 1746 267 66 Mille
1637 1746 133 66 ed
1703 1746 156 66 una
1770 1746 267 66 Notte

807 1823 133 69 A
861 1823 267 69 Willem
1047 1823 267 69 Witsen
1234 1823 427 69 appartengono
1581 1823 240 69 molte
1741 1823 267 69 grandi
1901 1823 133 69 ve-

697 1898 206 50 dute
826 1898 154 50 di
903 1898 257 50 Londra
1083 1898 129 50 e
1134 1898 334 50 d’Olanda,
1391 1898 308 50 trattate
1623 1898 180 50 con
1726 1898 154 50 un
1803 1898 206 50 fare
1905 1898 129 50 ar-

704 1955 313 58 ditamente
945 1955 265 58 sicuro;
1138 1955 169 58 Jan
1234 1955 217 58 Vett,
1379 1955 362 58 ritrattista
1668 1955 145 58 di
1741 1955 241 58 pregio
1885 1955 145 58 sin-

705 2027 280 65 golare.
908 2027 153 65 ha
985 2027 255 65 inciso
1163 2027 255 65 alcune
1341 2027 229 65 teste
1494 2027 178 65 con
1596 2027 178 65 una
1698 2027 280 65 maniera
1876 2027 153 65 ser.

703 2091 191 56 rata
822 2091 119 56 e
870 2091 429 56 conscienziosa,
1228 2091 167 56 che
1323 2091 262 56 ricorda
1514 2091 215 56 certi
1657 2091 286 56 antichi;
1872 2091 143 56 la
1920 2091 119 56 si-

702 2171 288 56 gnorina
911 2171 183 56 Van
1016 2171 288 56 Houten,
1225 2171 183 56 che
1330 2171 497 56 sfortunatamente
1748 2171 183 56 non
1827 2171 209 56 espone

699 2220 206 72 più,
828 2220 154 72 ha
905 2220 231 72 fatto
1059 2220 231 72 studi
1213 2220 154 72 di
1291 2220 257 72 natura
1470 2220 257 72 morta,
1650 2220 334 72 d’interni
1907 2220 129 72 e
1933 2220 103 72 di

705 2291 207 55 teste
843 2291 115 55 —
889 2291 207 55 studï
1027 2291 138 55 di
1095 2291 413 55 morsura
1440 2291 276 55 energica
1647 2291 115 55 e
1693 2291 230 55 virile
1853 2291 115 55 —
1899 2291 138 55 ed
1945 2291 92 55 ha

702 2354 247 74 tratte
875 2354 346 74 magnifiche
1147 2354 321 74 incisioni
1394 2354 173 74 dai
1493 2354 247 74 quadri
1666 2354 173 74 del
1740 2354 296 74 Delacroix,

701 2420 184 63 del
806 2420 315 63 Courbet,
1042 2420 184 63 del
1147 2420 315 63 Daubigny
1384 2420 131 63 e
1436 2420 184 63 del
1515 2420 210 63 Dupré.

785 2490 261 66 Philip
967 2490 287 66 Zilcken
1176 2490 235 66 oltre
1332 2490 182 66 che
1437 2490 261 66 essere
1619 2490 261 66 autore
1801 2490 156 66 di
1854 2490 182 66 cirça

1785 3054 199 68 Original
1918 3054 100 68 from

1621 3116 338 55 UNIVERSITY
1886 3116 145 55 OF
1935 3116 241 55 MICHIGAN
