2550 3299
1846 452 186 39 SALA

1196 447 184 60 —
1270 447 221 60 92
1344 447 111 60 —

738 530 485 65 Fragiacomo
1154 530 254 65 Pietro.
1339 530 116 65 —
1385 530 277 65 Paesista
1593 530 116 65 e
1616 530 277 65 marinista,

656 595 158 64 n.
735 595 132 64 a
787 595 289 64 Trieste
998 595 158 64 il
1077 595 158 64 14
1155 595 263 64 Agosto
1340 595 237 64 1856.
1497 595 263 64 Studiô
1682 595 158 64 un
1734 595 158 64 anno

655 673 286 51 soltanto
870 673 238 51 (1877)
1036 673 405 51 all’Accademia
1370 673 334 51 veneziana.
1632 673 143 51 si
1680 673 214 51 affermô

654 736 481 59 vittoriosamente
1058 736 228 59 nell’
1210 736 379 59 Esposizione
1514 736 152 59 di
1590 736 278 59 Venezia
1767 736 126 59 del

667 803 153 57 1887
763 803 345 57 (Pescatori,
1050 803 268 57 Silenzio,
1261 803 307 57 Sera
1510 803 268 57 Laguna,
1701 803 192 57 Case

655 881 195 59 di
786 881 413 59 pescator)
1133 881 109 59 e
1176 881 130 59 in
1242 881 217 59 quella
1394 881 130 59 di
1459 881 217 59 Milano
1611 881 152 59 del
1698 881 195 59 1891.
1806 881 87 59 Le

654 939 214 72 scene
797 939 356 72 pescareccie
1082 939 214 72 dell’
1225 939 333 72 Adriatico,
1486 939 119 72 i
1534 939 238 72 mobili
1676 939 214 72 spetta-

656 1003 194 57 coli
777 1003 218 57 della
922 1003 266 57 laguna,
1116 1003 218 57 hanno
1261 1003 145 57 in
1333 1003 169 57 lui
1430 1003 145 57 un
1503 1003 339 57 interprete
1745 1003 145 57 poe-

654 1074 329 58 ticamente
906 1074 278 58 fedele.
1109 1074 202 58 Vive
1235 1074 126 58 a
1260 1074 253 58 Venezia.

724 1171 207 57 113
890 1171 124 57 Un
959 1171 180 57 saluto

725 1234 205 74 114
876 1234 260 74 Tristexza

732 1412 410 51 Gabriel
1074 1412 182 51 Paul
1187 1412 228 51 Joseph
1347 1412 341 51 Constantin.
1620 1412 114 51 —
1665 1412 137 51 N.
1734 1412 137 51 ad
1779 1412 114 51 Am-

651 1479 268 68 sterdam
845 1479 146 68 il
918 1479 122 68 5
967 1479 122 68 i
1015 1479 219 68 uglio
1161 1479 219 68 1828,
1307 1479 195 68 vive
1429 1479 122 68 a
1478 1479 413 68 Scheveningen.
1794 1479 97 68 Il

651 1539 278 56 Gabriel
853 1539 177 56 era
954 1539 329 56 destinato
1207 1539 228 56 dalla
1359 1539 304 56 famiglia
1587 1539 152 56 al
1637 1539 253 56 mestiere

648 1612 174 54 del
747 1612 347 54 falegname;
1020 1612 149 54 la
1095 1612 174 54 sua
1194 1612 323 54 vocazione
1442 1612 323 54 artistica
1690 1612 149 54 ne
1740 1612 149 54 fece

649 1677 152 54 un
725 1677 305 54 pittore.
953 1677 152 54 L’
1030 1677 330 54 Accademia
1284 1677 203 54 perô
1410 1677 178 54 non
1512 1677 152 54 lo
1588 1677 203 54 ebbe
1715 1677 127 54 a
1741 1677 152 54 lun-

650 1760 146 60 go
723 1760 170 60 fra
820 1760 122 60 i
869 1760 195 60 suoi
990 1760 341 60 discepoli,
1258 1760 243 60 poiché
1429 1760 195 60 dopo
1550 1760 195 60 aver
1648 1760 243 60 imparato

647 1811 177 72 gli
748 1811 304 72 elementi
976 1811 177 72 del
1077 1811 279 72 disegno
1280 1811 177 72 dal
1381 1811 228 72 prof.
1533 1811 228 72 Louis
1660 1811 228 72 Zocher,

646 1883 185 57 non
751 1883 237 57 volle
909 1883 475 57 ammaestramenti
1305 1883 185 57 che
1410 1883 237 57 dalla
1569 1883 290 57 natura.
1753 1883 132 57 Pa-

646 1946 258 58 recchi
827 1946 155 58 de
904 1946 206 58 suoi
1033 1946 310 58 paesaggi
1266 1946 206 58 sono
1395 1946 181 58 nei
1498 1946 232 58 Musei
1653 1946 155 58 di
1704 1946 181 58 Buda-

646 2019 240 57 Pest,
806 2019 160 57 di
886 2019 240 57 Gand,
1046 2019 160 57 di
1126 2019 240 57 Liegi
1286 2019 133 57 e
1313 2019 373 57 d’Amsterdam.

719 2114 248 58 115
917 2114 264 58 Villaggio
1115 2114 248 58 olandese

722 2307 284 61 Garcia
920 2307 142 61 y
977 2307 255 61 Ramos
1147 2307 255 61 José.
1317 2307 142 61 —
1374 2307 170 61 N.
1459 2307 198 61 nel
1572 2307 227 61 1852
1714 2307 142 61 à
1742 2307 142 61 Si-

646 2362 267 66 viglia.
840 2362 194 66 Come
961 2362 218 66 quasi
1107 2362 218 66 tutti
1252 2362 170 66 gli
1349 2362 267 66 artisti
1543 2362 340 66 spagnuoli,
1786 2362 97 66 il

645 2436 253 55 Garcia
822 2436 126 55 y
872 2436 253 55 Ramos,
1049 2436 303 55 compiuti
1276 2436 126 55 i
1327 2436 227 55 corsi
1478 2436 227 55 della
1630 2436 253 55 scuola
1781 2436 101 55 di

649 2499 222 55 Belle
797 2499 197 55 Arti
920 2499 148 55 di
994 2499 320 55 Siviglia,
1241 2499 222 55 venne
1388 2499 148 55 in
1462 2499 271 55 Italia,
1659 2499 197 55 dove
1758 2499 123 55 ri-

639 2579 221 50 mase
777 2579 249 50 circa
943 2579 249 50 dieci
1109 2579 249 50 anni,
1275 2579 249 50 parte
1440 2579 138 50 a
1495 2579 249 50 Roma,
1661 2579 249 50 parte
1799 2579 83 50 a

1786 3052 198 71 Original
1919 3052 99 71 from

1621 3114 337 57 UNIVERSITY
1886 3114 145 57 OF
1934 3114 241 57 MICHIGAN
