2550 3299
1736 434 180 50 SALA

1066 429 181 63 —
1138 429 254 63 100
1247 429 109 63 —

541 522 248 50 tiamo
707 522 193 50 fra
817 522 138 50 i
872 522 220 50 suoi
1009 522 330 50 numerosi
1257 522 138 50 e
1312 522 330 50 pregiati
1532 522 248 50 dipinti

552 587 318 55 «Giorno
802 587 136 55 di
870 587 318 55 caldo»
1119 587 181 55 (che
1233 587 113 55 é
1278 587 159 55 ora
1369 587 204 55 nella
1505 587 204 55 Villa
1618 587 159 55 Reale

541 650 158 58 di
620 650 446 58 Capodimonte),
987 650 184 58 «L’
1092 650 263 58 arrivo
1276 650 473 58 inatteso»,
1644 650 131 58 «Pe

545 715 263 64 scatori
733 715 339 64 d’ostriche».

589 811 465 60 200
961 811 465 60 Dintorni
1333 811 186 60 di
1426 811 496 60 Palermo
1798 811 93 60 C

622 995 426 57 Lombardini
973 995 301 57 Bice
1198 995 125 57 —
1249 995 150 57 N.
1324 995 125 57 a
1374 995 301 57 Venezia,
1574 995 201 57 studiô

534 1074 225 66 all’
674 1074 394 66 Accademia.
984 1074 141 66 É
1040 1074 281 66 questa
1237 1074 169 66 la
1321 1074 253 66 prima
1490 1074 253 66 volta
1630 1074 141 66 che

513 1139 235 64 espone.

594 1223 353 61 201
876 1223 329 61 Interno
1134 1223 212 61 della
1275 1223 235 61 chiesa
1440 1223 141 61 di
1510 1223 141 61 S.
1581 1223 329 61 Marco
1816 1223 71 61 F

617 1399 226 55 Los
775 1399 271 55 Rios
978 1399 248 55 Ricardo
1159 1399 203 55 (de).
1294 1399 113 55 —
1339 1399 135 55 N.
1407 1399 113 55 a
1452 1399 316 55 Valladolid
1678 1399 90 55 il

530 1466 161 57 21
611 1466 269 57 agosto
799 1466 242 57 1846,
960 1466 215 57 vive
1095 1466 134 57 à
1149 1466 296 57 Parigi.
1364 1466 134 57 —
1417 1466 350 57 Abbandonô
1659 1466 108 57 il

531 1531 369 63 commercio,
820 1531 132 63 a
873 1531 184 63 cui
978 1531 158 63 la
1057 1531 316 63 famiglia
1294 1531 158 63 lo
1373 1531 237 63 aveva
1505 1531 263 63 avviato,

536 1610 160 58 per
627 1610 137 58 la
696 1610 251 58 pittura
879 1610 114 58 e
924 1610 160 58 poi
1016 1610 160 58 per
1107 1610 137 58 l’
1175 1610 320 58 incisione.
1427 1610 274 58 Illustrô
1609 1610 160 58 l’in-

534 1667 202 56 tera
660 1667 303 56 raccolta
887 1667 227 56 delle
1038 1667 227 56 opere
1190 1667 177 56 del
1291 1667 151 56 Le
1366 1667 227 56 Sage.
1492 1667 278 56 Collabora

528 1732 121 55 a
576 1732 218 55 tutte
722 1732 145 55 le
794 1732 412 55 pubblicazioni
1134 1732 291 55 parigine
1352 1732 145 55 di
1425 1732 315 55 incisioni
1643 1732 121 55 al.

534 1794 140 73 l’
604 1794 210 73 acqua
720 1794 187 73 forte.

587 1897 289 67 202
815 1897 413 67 Garibald
1166 1897 331 67 (acquaforte:
1434 1897 186 67 prova
1558 1897 124 67 su
1600 1897 165 67 perga

722 1959 1286 60 mena).
1494 1959 386 60 4

590 2026 280 58 203
814 2026 168 58 La
927 2026 187 58 figlia
1057 2026 131 58 del
1132 2026 280 58 pastore
1356 2026 149 58 (id.
1449 2026 93 58 :
1487 2026 168 58 prova
1599 2026 112 58 su
1636 2026 131 58 carta

787 2095 424 58 del
1030 2095 847 58 Giappone).
1635 2095 242 58 <H

609 2276 443 64 Mancini
978 2276 295 64 Antonio.
1199 2276 123 64 —
1249 2276 148 64 N.
1322 2276 123 64 a
1372 2276 221 64 Roma.
1519 2276 148 64 Si
1568 2276 197 64 dedicô

520 2346 162 74 al
601 2346 271 74 quadro
791 2346 162 74 di
872 2346 271 74 genere
1061 2346 135 74 e
1115 2346 162 74 al
1197 2346 352 74 ritratto.
1467 2346 271 74 Espose
1630 2346 135 74 nel

531 2410 202 66 1877
657 2410 126 66 a
707 2410 252 66 Napoli
884 2410 176 66 due
985 2410 252 66 quadri
1161 2410 303 66 ammirati
1388 2410 277 66 «Ama
1564 2410 202 66 il

523 2482 344 72 prossimo
799 2482 161 72 tuo
890 2482 184 72 come
1005 2482 138 72 te
1074 2482 253 72 stesso»
1258 2482 115 72 e
1304 2482 161 72 «iI
1396 2482 207 72 figli
1533 2482 138 72 di
1579 2482 184 72 un

529 2563 456 46 operaio»,
917 2563 114 46 à
963 2563 228 46 Torino
1122 2563 160 46 nel
1214 2563 182 46 1884
1328 2563 182 46 «iLa
1419 2563 342 46 modellina

420 3068 238 87 itized
587 3068 143 87 by
635 3068 119 87 GOc

1785 3053 198 70 Original
1918 3053 99 70 from

1622 3123 337 48 UNIVERSITY
1886 3123 144 48 OF
1935 3123 240 48 MICHIGAN
