2550 3299
1878 447 191 45 SALA

1226 437 186 71 —
1300 437 223 71 90
1375 437 112 71 —

769 530 443 58 Ferrari
1139 530 320 58 Giuseppe.
1385 530 123 58 —
1434 530 148 58 N.
1508 530 123 58 a
1558 530 197 58 Roma
1681 530 172 58 nel
1755 530 172 58 1844.

687 595 238 55 Attese
854 595 167 55 per
949 595 262 55 qualche
1140 595 214 55 tempo
1283 595 191 55 agli
1402 595 214 55 studi
1545 595 334 55 letterari,
1783 595 143 55 indi

603 658 351 58 frequentô
873 658 405 58 l’Accademia
1197 658 162 58 di
1278 658 162 58 S.
1359 658 216 58 Luca
1494 658 135 58 e
1548 658 162 58 lo
1629 658 270 58 studio
1791 658 135 58 del

687 729 228 75 prof.
839 729 253 75 Marini
1016 729 253 75 Esegui
1193 729 152 75 da
1269 729 329 75 principio
1522 729 228 75 molti
1649 729 278 75 quadretti

596 794 128 75 .
648 794 153 75 di
724 794 281 75 genere,
929 794 179 75 poi
1031 794 255 75 l’arte
1210 794 179 75 sua
1312 794 230 75 prese
1465 794 153 75 un
1542 794 204 75 volo
1670 794 179 75 più
1746 794 179 75 alto.

688 859 161 60 Da
769 859 161 60 un
850 859 296 60 viaggio
1065 859 161 60 in
1146 859 242 60 Terra
1307 859 242 60 Santa
1469 859 269 60 trasse
1630 859 296 60 argomento

687 930 140 73 al
757 930 164 73 suo
850 930 234 73 quadro
1014 930 234 73 «Le
1178 930 164 73 tre
1271 930 304 73 Marie
1505 930 164 73 che
1599 930 257 73 piacque
1762 930 164 73 assai

682 1007 243 45 anche
844 1007 162 45 al
925 1007 325 45 pubblico
1169 1007 297 45 inglese
1385 1007 162 45 ed
1466 1007 135 45 é
1520 1007 189 45 ora
1629 1007 243 45 nella
1764 1007 162 45 Gal-

682 1058 249 59 leria
848 1058 221 59 Doré
987 1058 138 59 a
1042 1058 304 59 Londra.
1263 1058 194 59 Per
1374 1058 443 59 l’Università
1706 1058 221 59 Romana

691 1144 247 59 dipinse
870 1144 135 59 il
938 1144 225 59 grande
1095 1144 225 59 quadro
1252 1144 314 59 allegorico
1499 1144 225 59 «Le
1634 1144 292 59 quattro

693 1194 310 58 Facolta
937 1194 155 58 che
1025 1194 266 58 aspirano
1225 1194 177 58 alla
1313 1194 377 58 Sapienza»..

755 1291 271 56 103
972 1291 271 56 Transeat
1189 1291 90 56 a
1225 1291 108 56 me
1279 1291 163 56 calix
1369 1291 199 56 iste

759 1354 195 59 104
912 1354 139 59 Son
996 1354 153 59 sola

772 1530 363 58 Filosa
1071 1530 278 58 Giovanni.
1285 1530 107 58 —
1327 1530 107 58 N
1370 1530 107 58 a
1413 1530 342 58 Castellamare
1691 1530 128 58 di
1734 1530 192 58 Stabia.

753 1618 241 60 105
942 1618 155 60 La
1045 1618 258 60 foresta
1235 1618 258 60 (acquarello).

765 1793 364 59 Firle
1061 1793 250 59 Walther
1243 1793 114 59 —
1288 1793 136 59 N.
1357 1793 136 59 il
1425 1793 136 59 22
1493 1793 227 59 Agosto
1652 1793 182 59 1859
1766 1793 114 59 a
1789 1793 136 59 Bre-

678 1859 270 57 slavia,
875 1859 196 57 vive
997 1859 123 57 a
1046 1859 245 57 Monaco
1218 1859 147 57 di
1291 1859 294 57 Baviera.
1512 1859 245 57 Studiô
1684 1859 221 57 nell’
1806 1859 123 57 Ac-

675 1929 298 66 cademia
892 1929 163 66 di
973 1929 244 66 Belle
1136 1929 217 66 Arti
1271 1929 163 66 di
1353 1929 271 66 Monaco
1542 1929 190 66 dal
1624 1929 298 66 1879

681 1987 132 62 e
733 1987 159 62 fu
813 1987 344 62 discepolo
1077 1987 185 62 del
1183 1987 238 62 prof.
1342 1987 265 62 Ludwig
1527 1987 291 62 L6fftz.
1739 1987 185 62 Tra
1818 1987 106 62 le

680 2059 211 52 opere
820 2059 328 52 principali
1078 2059 141 52 di
1149 2059 211 52 quest
1290 2059 282 52 artista,
1501 2059 141 52 la
1571 2059 164 52 cui
1665 2059 188 52 nota
1759 2059 164 52 domi-

684 2122 180 58 nante
804 2122 100 58 é
844 2122 120 58 l’
904 2122 320 58 affettività,
1164 2122 280 58 ricordiamo
1383 2122 100 58 :
1423 2122 340 58 «Scuola
1683 2122 240 58 festi

683 2194 302 51 va»
921 2194 151 51 che
1007 2194 108 51 e
1050 2194 151 51 nel
1136 2194 194 51 Museo
1265 2194 129 51 di
1330 2194 302 51 Buda-Pest,
1567 2194 216 51 «La
1696 2194 216 51 fede

678 2259 152 54 che
765 2259 173 54 orna
873 2259 130 54 la
938 2259 303 54 Pinacoteca
1177 2259 130 54 di
1242 2259 238 54 Lipsia,
1415 2259 108 54 «
1458 2259 238 54 Casa
1631 2259 130 54 in
1675 2259 238 54 lutto

677 2322 218 67 (Museo
830 2322 131 67 di
895 2322 326 67 Breslavia),
1156 2322 218 67 «Il
1287 2322 413 67 paternoster».

724 2417 574 59 106
1175 2417 903 59 Guarigione
1914 2417 123 59 É

758 2563 412 64 Fisher
1097 2563 242 64 Melton
1267 2563 121 64 —
1315 2563 145 64 N.
1388 2563 121 64 a
1436 2563 267 64 Londra;
1630 2563 218 64 viene
1751 2563 170 64 spes

374 3086 216 61 Digitized
524 3086 66 61 by

491 3060 396 119 Google

1785 3049 199 73 Original
1918 3049 100 73 from

1620 3122 339 49 UNIVERSITY
1886 3122 145 49 OF
1934 3122 242 49 MICHIGAN
