2550 3299
1684 411 182 41 SALA

569 491 443 56 Besnard
938 491 197 56 Paul
1061 491 270 56 Albert.
1258 491 123 56 —
1307 491 148 56 N.
1381 491 123 56 a
1430 491 246 56 Parigi
1602 491 148 56 il
1651 491 74 56 2

479 554 255 74 giugno
657 554 230 74 1849.
810 554 153 74 Fu
887 554 281 74 allievo
1091 554 230 74 della
1244 554 255 74 scuola
1422 554 306 74 parigina
1626 554 102 74 di

482 628 249 72 Belle
648 628 249 72 Arti.
814 628 166 72 La
897 628 249 72 prima
1063 628 249 72 opera
1229 628 194 72 che
1340 628 166 72 ne
1423 628 304 72 divulgô
1616 628 111 72 il

482 690 204 74 nome
609 690 229 74 fuori
761 690 153 74 di
838 690 254 74 patria
1016 690 153 74 fu
1092 690 153 74 il
1168 690 254 74 quadro
1346 690 407 74 raffigurante
1652 690 76 74 i

479 762 204 58 suoi
606 762 280 58 bambini
810 762 306 58 raccolti
1039 762 229 58 nella
1191 762 255 58 stanza
1370 762 229 58 d’una
1522 762 204 58 casa
1624 762 102 58 di

479 827 332 52 campagna,
734 827 179 52 nel
836 827 230 52 quale
989 827 153 52 la
1065 827 255 52 parete
1244 827 179 52 che
1346 827 230 52 forma
1499 827 153 52 lo
1550 827 179 52 sfon-

478 892 136 55 do
546 892 114 55 é
592 892 227 55 rossa.
751 892 114 55 e
797 892 205 55 rossi
933 892 182 55 sono
1047 892 318 55 egualmente
1297 892 159 55 gli
1388 892 205 55 abiti
1524 892 159 55 dei
1593 892 136 55 fan-

478 964 280 55 ciulli.
681 964 229 55 Altre
834 964 178 55 sue
936 964 229 55 opere
1089 964 356 55 notissime,
1369 964 178 55 ove
1445 964 280 55 predomina

484 1019 152 65 un
560 1019 203 65 solo
687 1019 254 65 colore
864 1019 203 65 sono
991 1019 254 65 «La
1169 1019 305 65 Sirena»
1397 1019 127 65 e
1423 1019 305 65 «L’au

480 1094 377 58 tunno)
791 1094 311 58 Incaricato
1035 1094 377 58 ufficialmente
1346 1094 200 58 dell’
1457 1094 266 58 esecuzione

481 1164 124 55 di
543 1164 207 55 alcuni
689 1164 269 55 affreschi
896 1164 332 55 all'Hôtel
1165 1164 124 55 de
1228 1164 269 55 Ville
1435 1164 104 55 e
1476 1164 166 55 alla
1559 1164 166 55 Scuola

475 1226 156 58 di
553 1226 312 58 Farmacia
787 1226 156 58 di
865 1226 286 58 Parigi,
1073 1226 156 58 il
1152 1226 286 58 Besnard
1360 1226 260 58 mostrô
1542 1226 156 58 la
1594 1226 130 58 sua

478 1299 280 72 perizia
681 1299 229 72 anche
833 1299 330 72 in-questo
1088 1299 203 72 ramo
1215 1299 305 72 poderoso
1443 1299 229 72 dell’
1571 1299 153 72 arte

455 1363 276 72 pittorica.

556 1468 471 64 23.
927 1468 471 64 Visione
1297 1468 202 64 di
1398 1468 471 64 donna
1735 1468 101 64 H

569 1538 294 60 24
796 1538 339 60 Ritratto
1067 1538 136 60 di
1135 1538 294 60 donna
1361 1538 271 60 (effetto
1565 1538 136 60 di
1632 1538 226 60 sera).
1768 1538 68 60 H

564 1723 385 56 Bezzi
877 1723 361 56 Bartolomeo.
1166 1723 120 56 —
1214 1723 145 56 N.
1286 1723 120 56 a
1335 1723 241 56 Fucine
1479 1723 241 56 d’Ossana

477 1787 153 57 in
553 1787 229 57 Valle
706 1787 153 57 di
782 1787 204 57 Sole
909 1787 356 57 (Trentino)
1189 1787 178 57 nel
1291 1787 229 57 1851;
1443 1787 204 57 vive
1570 1787 127 57 a
1596 1787 127 57 Ve-

479 1866 248 49 nezia.
653 1866 273 49 Rimasto
852 1866 248 49 orfano
1026 1866 124 49 a
1075 1866 248 49 undici
1249 1866 224 49 anni,
1398 1866 149 49 fu
1448 1866 273 49 costretto

476 1939 127 41 a
526 1939 382 41 guadagnarsi
832 1939 153 41 la
908 1939 204 41 vita
1035 1939 280 41 facendo
1239 1939 153 41 il
1315 1939 382 41 merciaiuolo
1595 1939 127 41 am-

478 1987 292 60 bulante.
697 1987 219 60 Vinte
843 1987 146 60 le
916 1987 341 60 reluttanze
1184 1987 146 60 d’
1257 1987 171 60 uno
1355 1987 171 60 zio
1452 1987 244 60 prete,
1598 1987 122 60 suo

473 2050 285 66 tutore,
680 2050 207 66 poté
810 2050 311 66 studiare
1043 2050 207 66 all’
1173 2050 337 66 Accademia
1432 2050 155 66 di
1484 2050 233 66 Milano.

479 2123 149 56 Ma
554 2123 149 56 l’
628 2123 273 56 artista
826 2123 174 56 che
926 2123 298 56 esercitô
1149 2123 174 56 una
1248 2123 298 56 profonda
1471 2123 248 56 azione
1620 2123 99 56 su

475 2187 152 62 di
551 2187 203 62 lui,
677 2187 127 62 e
728 2187 177 62 ch’
829 2187 203 62 egli
956 2187 253 62 chiama
1133 2187 177 62 con
1235 2187 405 62 riconoscente
1539 2187 177 62 orgo-

473 2271 199 60 glio
598 2271 299 60 Maestro,
822 2271 149 60 fu
896 2271 274 60 Filippo
1096 2271 299 60 Carcano.
1320 2271 149 60 Il
1394 2271 224 60 Bezzi
1519 2271 199 60 tratta

471 2323 376 65 specialmente
776 2323 141 65 il
847 2323 235 65 paese,
1011 2323 165 65 con
1105 2323 165 65 una
1199 2323 282 65 visibile
1387 2323 329 65 predilezione

474 2403 171 65 per
571 2403 171 65 gli
669 2403 318 65 orizzonti
913 2403 293 65 alpestri
1133 2403 122 65 e
1182 2403 171 65 per
1280 2403 147 65 la
1353 2403 293 65 mobilità
1549 2403 171 65 lumi-

473 2459 181 57 nosa
587 2459 204 57 delle
722 2459 226 57 acque.
881 2459 159 57 Fra
972 2459 136 57 le
1040 2459 159 57 sue
1130 2459 181 57 tele
1243 2459 317 57 accenniamo
1470 2459 249 57 «I

478 2522 213 58 mio
627 2522 299 58 paesello»,
862 2522 299 58 «Mattino»,
1096 2522 107 58 «
1139 2522 427 58 Pescarenico»,
1480 2522 235 58 «Sole

1785 3058 198 65 Original
1918 3058 99 65 from

1621 3123 337 49 UNIVERSITY
1885 3123 144 49 OF
1934 3123 240 49 MICHIGAN
