2550 3299
1867 403 185 41 SALA

1283 402 237 59 74
1362 402 119 59 —

762 483 325 65 Blaas
1022 483 173 65 (de)
1131 483 260 65 Eugenio.
1326 483 108 65 —
1369 483 217 65 Nacque
1521 483 130 65 il
1586 483 130 65 24
1651 483 217 65 luglio
1781 483 130 65 1843

673 548 165 71 ad
755 548 275 71 Albano
948 548 275 71 presso
1140 548 248 71 Roma,
1305 548 165 71 da
1388 548 330 71 famiglia
1608 548 303 71 viennese;

671 618 132 57 é
723 618 343 57 veneziano
987 618 185 57 per
1093 618 264 57 dimora
1277 618 132 57 e
1330 618 369 57 parentele.
1620 618 264 57 Esordi
1778 618 132 57 con

673 682 165 57 un
755 682 275 57 quadro
948 682 165 57 di
1030 682 275 57 genere
1223 682 248 57 sacro
1388 682 193 57 per
1498 682 193 57 una
1608 682 275 57 chiesa
1773 682 138 57 del

675 748 272 62 Tirolo;
873 748 173 62 poi
972 748 272 62 dipinse
1170 748 222 62 molti
1318 748 297 62 ritratti
1540 748 371 62 commessigli
1812 748 99 62 da

672 819 297 57 famiglie
895 819 446 57 aristocratiche
1266 819 297 57 viennesi
1489 819 124 57 e
1539 819 347 57 veneziane.
1786 819 124 57 In-

670 884 228 55 segnô
822 884 228 55 nell’
974 884 329 55 Accademia
1227 884 152 55 di
1303 884 304 55 Venezia.
1531 884 177 55 Fra
1632 884 127 55 1
1683 884 203 55 suoi
1784 884 127 55 la-

673 955 198 71 vori
797 955 173 71 più
896 955 198 71 noti
1020 955 371 71 rammentiamo
1316 955 322 71 «Nozze
1564 955 148 71 in
1613 955 297 71 sacre

668 1038 257 53 stia
855 1038 140 53 »,
925 1038 117 53 «
972 1038 140 53 La
1042 1038 257 53 tombola
1229 1038 140 53 in
1300 1038 304 53 campiello
1534 1038 117 53 a
1557 1038 351 53 Venezia»,

677 1084 270 55 «Una
874 1084 221 55 scena
1021 1084 147 55 di
1095 1084 319 55 burattini
1341 1084 147 55 in
1415 1084 147 55 un
1464 1084 442 55 educandato».

684 1155 305 71 «Ninetta
938 1155 152 71 »
1023 1155 152 71 (1887).

770 1284 178 56 35
910 1284 114 56 In
973 1284 165 56 attesa

747 1474 415 57 Boldini
1093 1474 300 57 Giovanni.
1323 1474 115 57 —
1369 1474 138 57 N.
1438 1474 115 57 a
1484 1474 253 57 Ferrara
1669 1474 161 57 nel
1738 1474 161 57 1844,

662 1537 205 76 vive
790 1537 128 76 a
816 1537 205 76 Parigi

720 1602 133 65 V.
786 1602 266 65 Comitato
986 1602 133 65 di
1031 1602 266 65 patrocinio

749 1707 241 64 36
935 1707 279 64 Ritratio
1158 1707 130 64 del
1232 1707 204 64 maestro
1362 1707 223 64 Verd.

751 1778 253 57 37
950 1778 271 57 Ritratto
1166 1778 163 57 della
1275 1778 307 57 Signorina
1510 1778 126 57 E....

738 1986 447 66 Bonnat
1106 1986 210 66 Léon
1237 1986 132 66 —
1290 1986 158 66 N.
1369 1986 158 66 il
1448 1986 158 66 20
1527 1986 263 66 giugno
1711 1986 210 66 1833
1816 1986 79 66 a

656 2049 278 58 Bayonne
858 2049 329 58 (Francia,
1111 2049 227 58 Bassi
1262 2049 329 58 Pirenei).
1515 2049 152 58 Fu
1591 2049 303 58 allevato
1793 2049 101 58 in

660 2114 264 65 Ispagna,
858 2114 198 65 dove,
990 2114 176 65 agli
1100 2114 198 65 inizf
1232 2114 198 65 della
1364 2114 154 65 sua
1452 2114 264 65 carriera
1628 2114 264 65 artistica,

650 2179 216 73 subi
785 2179 405 73 l’influenza
1109 2179 189 73 del
1217 2179 297 73 Ribera.
1434 2179 135 73 A
1488 2179 216 73 Roma
1596 2179 297 73 (1858

652 2250 268 74 dipinse
847 2250 219 74 scene
993 2250 292 74 popolari
1212 2250 122 74 e
1261 2250 244 74 quadri
1431 2250 341 74 religiosi,
1699 2250 195 74 come
1797 2250 97 74 il

665 2317 272 55 «Sant
869 2317 318 55 Andrea
1119 2317 113 55 »
1164 2317 113 55 e
1210 2317 204 55 «iSan
1346 2317 272 55 Vincen;o
1550 2317 136 55 di
1595 2317 295 55 Paola».

650 2379 285 57 Tornato
857 2379 129 57 a
909 2379 285 57 Parigi,
1116 2379 155 57 si
1193 2379 233 57 diede
1349 2379 233 57 quasi
1478 2379 414 57 esclusivamente

652 2452 146 55 al
725 2452 315 55 ritratto,
967 2452 121 55 e
1016 2452 170 55 gli
1113 2452 243 55 uomini
1283 2452 170 55 più
1380 2452 291 55 eminenti
1598 2452 218 55 della
1719 2452 170 55 Fran-

647 2514 207 66 cia,
776 2514 259 66 Victor
958 2514 233 66 Hugo,
1113 2514 285 66 Gounod,
1320 2514 233 66 Dumas
1475 2514 285 66 figlio,
1656 2514 233 66 Thiers,

1786 3052 198 71 Original
1919 3052 99 71 from

1621 3114 337 57 UNIVERSITY
1886 3114 145 57 OF
1934 3114 241 57 MICHIGAN

1786 1708 234 133 e
