2550 3299
1849 401 183 50 SALA

670 479 293 86 ratorio
884 479 160 86 di
963 479 320 86 scultura
1203 479 160 86 in
1283 479 240 86 legno
1443 479 133 86 e
1496 479 213 86 solo
1630 479 187 86 più
1709 479 187 86 tardi

672 555 339 57 frequentô
933 555 417 57 l’Accademia,
1271 555 287 57 ov’ebbe
1480 555 130 57 a
1506 555 391 57 maestri

673 627 313 55 Ferrari
900 627 142 55 e
957 627 313 55 Antonio
1185 627 199 55 Dal
1299 627 285 55 Zotto.
1498 627 142 55 —
1526 627 370 55 Abbandonata

671 690 431 74 definitivamente
1034 690 227 74 l’arte
1193 690 340 74 decorativa,
1464 690 227 74 esegui
1623 690 113 74 i
1668 690 204 74 busti
1782 690 113 74 del

673 755 318 72 Favretto,
917 755 171 72 del
1015 755 293 72 Cairoli,
1234 755 171 72 del
1332 755 220 72 Varè,
1479 755 171 72 del
1552 755 342 72 Maurogonato,

671 826 171 57 del
768 826 318 57 Robillant
1013 826 122 57 e
1062 826 220 57 della
1209 826 294 57 contessa
1430 826 294 57 Andriana
1626 826 269 57 Marcello.

675 892 298 63 Presentô
899 892 472 63 all’Esposizione
1297 892 149 63 di
1371 892 273 63 Venezia
1570 892 174 63 del
1669 892 199 63 1887
1769 892 124 63 una

671 963 220 56 bella
817 963 245 56 statua
989 963 440 56 simboleggiante
1356 963 294 56 l’Istria
1576 963 122 56 e
1600 963 294 56 intitolata

686 1027 239 64 «Soror
851 1027 203 64 tua».

720 1122 430 67 405
1058 1122 307 67 Dal
1273 1122 369 67 cunicolo
1550 1122 184 67 di
1642 1122 400 67 Veio
1919 1122 92 67 E

753 1250 411 57 Maltoni
1095 1250 274 57 Attilio.
1301 1250 114 57 —
1346 1250 137 57 N.
1415 1250 114 57 a
1460 1250 274 57 Ravenna,
1666 1250 160 57 ove
1734 1250 160 57 vive.

677 1315 220 57 Espose
831 1315 110 57 a
875 1315 242 57 Venezia
1051 1315 286 57 nell’1887
1360 1315 286 57 Battaglia
1558 1315 330 57 incruenta

670 1387 111 56 e
714 1387 111 56 «
759 1387 267 56 Fiore
959 1387 134 56 di
1026 1387 334 56 risaia».
1293 1387 111 56 A
1338 1387 245 56 Milano,
1516 1387 156 56 nel
1605 1387 200 56 1894,
1716 1387 178 56 furono

670 1468 255 39 notati
848 1468 127 39 i
899 1468 204 39 suoi
1026 1468 255 39 gruppi
1204 1468 458 39 d’inspirazione
1586 1468 229 39 umana
1739 1468 127 39 e
1765 1468 127 39 so-

673 1523 209 57 <ciale
820 1523 377 57 «Congedati»
1134 1523 105 57 e
1155 1523 461 57 «Diseredate».

712 1610 518 66 406
1119 1610 407 66 Alla
1415 1610 629 66 spiaggia
1896 1610 111 66 C

749 1747 406 64 Marini
1084 1747 239 64 Luigi.
1251 1747 119 64 —
1299 1747 143 64 N.
1370 1747 143 64 il
1442 1747 143 64 24
1514 1747 287 64 Novembre
1729 1747 191 64 1857
1824 1747 72 64 a

667 1810 320 57 Venezia.
907 1810 240 57 Nella
1067 1810 266 57 nostra
1254 1810 346 57 Accademia
1520 1810 160 57 fu
1600 1810 293 57 allievo
1786 1810 107 57 di

671 1874 229 58 Luigi
823 1874 306 58 Ferrari;
1053 1874 306 58 cominciô
1282 1874 153 58 ad
1359 1874 280 58 esporre
1563 1874 127 58 a
1614 1874 255 58 Milano
1767 1874 127 58 nel

673 1946 239 57 1881.
833 1946 213 57 Alla
966 1946 266 57 Mostra
1152 1946 346 57 veneziana
1418 1946 186 57 del
1524 1946 213 57 1887
1630 1946 266 57 presentô

671 2010 337 58 Frine
945 2010 105 58 e
987 2010 211 58 l’anno
1135 2010 253 58 seguente
1325 2010 105 58 a
1367 2010 232 58 Bologna
1536 2010 274 58 «Primo
1725 2010 169 58 a

670 2067 416 73 tacco).
1016 2067 115 73 E
1063 2067 231 73 autore
1224 2067 162 73 del
1317 2067 208 73 busto
1455 2067 115 73 a
1501 2067 277 73 Giacinto
1686 2067 208 73 Gallina

665 2144 246 59 eretto
837 2144 172 59 per
936 2144 442 59 sottoscrizione
1304 2144 270 59 privata
1501 2144 221 59 nell’
1648 2144 221 59 atrio
1771 2144 123 59 del

668 2210 264 58 Teatro
853 2210 317 58 Goldoni,
1090 2210 132 58 a
1117 2210 264 58 Venezia.

702 2307 589 59 407
1165 2307 884 59 L’innesto
1881 2307 126 59 7

751 2436 389 62 Marsili
1075 2436 238 62 Émilio.
1248 2436 108 62 —
1291 2436 173 62 Nato
1399 2436 108 62 e
1442 2436 281 62 residente
1658 2436 108 62 a
1680 2436 216 62 Venezia,

672 2514 260 66 studiô
854 2514 156 66 in
932 2514 521 66 quest’Accademia,
1375 2514 208 66 indi
1505 2514 156 66 fu
1583 2514 130 66 a
1636 2514 286 66 Parigi,
1818 2514 78 66 a

1786 3043 198 77 Original
1919 3043 99 77 from

1620 3123 337 48 UNIVERSITY
1884 3123 144 48 OF
1933 3123 240 48 MICHIGAN
