2550 3299
1185 411 179 57 —
1257 411 251 57 154
1364 411 108 57 —

1854 412 186 48 SALA

754 490 408 62 Gabrici
1094 490 249 62 Giacomo
1276 490 113 62 —
1321 490 136 62 N.
1389 490 113 62 a
1412 490 249 62 Cividale.

734 586 215 65 397
902 586 138 65 In
979 586 230 65 Ferriera

752 762 441 65 Giudici
1119 762 245 65 Primo.
1291 762 245 65 Nacque
1462 762 123 65 a
1511 762 245 65 Milano
1683 762 172 65 nel
1756 762 147 65 1854

672 827 120 72 e
720 827 241 72 studiô
889 827 409 72 all'Accademia
1226 827 144 72 di
1298 827 241 72 Brera.
1467 827 169 72 Nel
1563 827 193 72 1879
1683 827 217 72 vinse
1804 827 96 72 il

669 908 280 55 premio
865 908 168 55 di
949 908 392 55 fondazione
1257 908 336 55 Canonica
1509 908 196 55 con
1621 908 168 55 un
1677 908 224 55 gruppo

672 962 442 57 rappresentante
1041 962 344 57 l’episodio
1311 962 368 57 leggendario
1605 962 221 57 della
1728 962 172 57 madre

670 1027 352 63 fiorentina
946 1027 176 63 che
1047 1027 226 63 salva
1198 1027 151 63 il
1273 1027 176 63 suo
1373 1027 276 63 bambino
1574 1027 151 63 da
1650 1027 151 63 un
1700 1027 201 63 leone,

674 1092 153 58 Fu
751 1092 306 58 premiato
981 1092 153 58 in
1057 1092 306 58 parecchi
1287 1092 306 58 concorsi
1517 1092 204 58 come
1645 1092 153 58 in
1696 1092 204 58 quello

666 1163 201 69 pel
781 1163 372 69 monumento
1067 1163 344 69 equestre
1325 1163 172 69 al
1411 1163 172 69 Re
1497 1163 344 69 Vittorio
1726 1163 172 69 Ema-

674 1227 208 62 nuele
812 1227 139 62 da
882 1227 277 62 erigersi
1090 1227 115 62 a
1136 1227 231 62 Milano
1298 1227 139 62 Le
1367 1227 208 62 opere
1505 1227 231 62 «Il
1644 1227 254 62 primo

672 1300 307 56 dono
917 1300 102 56 »
958 1300 102 56 e
999 1300 205 56 «Il
1143 1300 369 56 ghiottone»
1450 1300 123 56 ne
1512 1300 307 56 affermarono
1758 1300 123 56 il
1799 1300 102 56 va-

672 1363 188 62 lore
790 1363 188 62 alla
908 1363 235 62 Mostra
1073 1363 141 62 di
1143 1363 259 62 Venezia
1332 1363 165 62 del
1426 1363 212 62 1887.
1567 1363 212 62 Nella
1685 1363 212 62 recente

674 1427 328 61 Esposizione
936 1427 262 61 milanese
1133 1427 306 61 figuravano
1373 1427 109 61 «
1417 1427 197 61 Il
1548 1427 284 61 Garibaldi
1745 1427 153 61 a

670 1503 431 60 cavallo»
1033 1503 340 60 (bellissimo
1306 1503 295 60 modellino
1533 1503 136 60 in
1601 1503 250 60 bronzo)
1783 1503 113 60 e
1805 1503 91 60 il

678 1564 365 60 «Ritratto
974 1564 159 60 del
1066 1564 273 60 generale
1271 1564 228 60 Nicola
1407 1564 342 60 Fabriz».

733 1659 215 72 398
901 1659 153 72 Due
994 1659 199 72 orfan.

754 1812 332 55 Gulli
1024 1812 228 55 Nicola.
1190 1812 104 55 —
1231 1812 124 55 N.
1294 1812 104 55 a
1335 1812 187 55 Palmi
1459 1812 290 55 (Calabria)
1688 1812 145 55 ove
1750 1812 145 55 vive.

733 1899 262 73 389
942 1899 157 73 Il
1047 1899 157 73 primo
1134 1899 280 73 mozzicone

751 2050 360 58 Jerace
1047 2050 297 58 Francesco.
1281 2050 106 58 —
1323 2050 254 58 Scultore
1514 2050 297 58 calabrese,
1725 2050 170 58 d’alto

666 2118 260 53 valore,
855 2118 236 53 nacque
1021 2118 118 53 a
1068 2118 307 53 Polistena
1304 2118 165 53 nel
1399 2118 213 53 1853;
1541 2118 189 53 vive
1659 2118 118 53 a
1682 2118 213 53 Napoli.

668 2179 200 63 Fece
793 2179 125 63 i
843 2179 225 63 primi
994 2179 225 63 studi
1144 2179 225 63 sotto
1294 2179 225 63 l’avo
1444 2179 275 63 materno
1620 2179 275 63 Francesco

671 2250 269 58 Morani,
866 2250 171 58 poi
964 2250 220 58 entrô
1110 2250 171 58 nel
1208 2250 147 58 R.
1281 2250 293 58 Istituto
1501 2250 147 58 di
1574 2250 220 58 Belle
1721 2250 195 58 Arti
1819 2250 73 58 a

666 2315 281 57 Napoli.
871 2315 179 57 Già
973 2315 179 57 nel
1075 2315 230 57 1878,
1228 2315 128 57 a
1279 2315 255 57 Parigi
1458 2315 153 57 si
1535 2315 332 57 segnalava
1764 2315 128 57 col

667 2393 260 57 gruppo»
856 2393 236 57 Eva
1022 2393 118 57 e
1069 2393 425 57 Lucifero).
1423 2393 118 57 A
1471 2393 236 57 Torino
1636 2393 236 57 furono
1778 2393 118 57 am-

665 2450 241 58 mirate
833 2450 120 58 e
881 2450 289 58 premiate
1098 2450 385 58 «Victa»
1411 2450 120 58 e
1435 2450 457 58 «Germanicus».

663 2515 225 58 Opere
813 2515 150 58 di
888 2515 325 58 Francesco
1138 2515 250 58 Jerace
1314 2515 200 58 sono
1439 2515 150 58 la
1514 2515 250 58 statua
1689 2515 150 58 di
1739 2515 150 58 Vit

1786 3057 198 65 Original
1919 3057 99 65 from

1622 3122 337 50 UNIVERSITY
1886 3122 144 50 OF
1935 3122 240 50 MICHIGAN
