2550 3299
1672 453 179 48 SALA

999 453 180 64 —
1071 453 252 64 159
1179 453 108 64 —

562 539 452 54 Quadrelli
947 539 249 54 Emilio.
1128 539 113 54 —
1173 539 136 54 N.
1241 539 113 54 a
1286 539 226 54 Milane
1445 539 158 54 l'8
1512 539 204 54 gennaio

495 608 196 51 1863.
626 608 130 51 Si
691 608 217 51 rivelô
843 608 152 51 con
930 608 130 51 l’
995 608 196 51 opera
1126 608 261 51 vigorosa
1322 608 109 51 «
1365 608 196 51 La
1474 608 239 51 notte

484 668 273 55 vinta
689 668 159 55 dal
780 668 409 55 pensiero»,
1120 668 227 55 bronzo
1279 668 250 55 esposto
1461 668 114 55 a
1507 668 182 55 Roma
1597 668 114 55 nel

492 722 224 74 1883.
641 722 124 74 É
691 722 249 74 autore
866 722 149 74 di
940 722 249 74 alcuni
1115 722 324 74 monumenti
1363 722 274 74 funebri
1538 722 174 74 assai

481 803 266 57 lodati
668 803 133 57 e
721 803 187 57 del
828 803 320 57 progetto
1068 803 187 57 per
1174 803 160 57 la
1254 803 240 57 tomba
1414 803 160 57 di
1494 803 187 57 Ugo
1574 803 133 57 Fo-

484 883 223 60 scolo,
640 883 201 60 degno
774 883 290 60 dell’alto
997 883 201 60 poeta
1130 883 201 60 delle
1264 883 401 60 Grarie
1576 883 134 60 Pre-

484 939 217 56 sentô
628 939 337 56 all’ultima
893 939 361 56 Esposizione
1182 939 144 56 di
1254 939 241 56 Milano
1423 939 144 56 il
1471 939 241 56 ritratto

483 1002 137 57 di
552 1002 342 57 Giuseppe
825 1002 319 57 Verd,
1076 1002 137 57 la
1144 1002 205 57 bella
1281 1002 296 57 statuetta
1509 1002 137 57 in
1554 1002 160 57 marmo

492 1076 534 48 «Reliquiario»
959 1076 111 48 e
1003 1076 156 48 un’
1092 1076 178 48 urna
1203 1076 245 48 funebre
1381 1076 133 48 di
1448 1076 222 48 eletta
1582 1076 133 48 con-

487 1139 266 56 cezione
681 1139 121 56 e
705 1139 242 56 fattura.

518 1244 653 74 A17
1041 1244 827 74 Lagrime
1693 1244 131 74 C

564 1459 391 56 Rajano
886 1459 276 56 Gennaro.
1093 1459 115 56 —
1139 1459 138 56 N.
1207 1459 115 56 a
1253 1459 253 56 Napoli.
1437 1459 184 56 Alla
1529 1459 184 56 Mostra

485 1524 338 55 triennale
745 1524 312 55 milanese
979 1524 182 55 del
1083 1524 208 55 1894
1213 1524 234 55 mandô
1369 1524 182 55 due
1447 1524 260 55 statuine

481 1587 154 64 in
558 1587 257 64 bronzo
738 1587 154 64 di
816 1587 309 64 soggetto
1047 1587 309 64 popolare
1253 1587 334 64 napoletano.

530 1695 402 61 418
846 1695 259 61 Me
1019 1695 172 61 lo
1105 1695 230 61 bevo
1248 1695 316 61 io!
1478 1695 373 61 (bronzo).
1737 1695 86 61 C

561 1898 482 58 Ramazzotti
974 1898 298 58 Serafino.
1204 1898 115 58 —
1250 1898 138 58 N.
1319 1898 115 58 a
1365 1898 253 58 SozzagO
1525 1898 184 58 (prov.

479 1973 154 46 di
556 1973 283 46 Novara)
762 1973 180 46 nel
865 1973 232 46 1846;
1020 1973 206 46 vive
1149 1973 129 46 a
1200 1973 283 46 Padova.
1406 1973 257 46 Studiô
1561 1973 154 46 nel-

481 2032 385 69 l’Accademia
789 2032 154 69 di
866 2032 282 69 Torino,
1071 2032 231 69 sotto
1225 2032 308 69 Vincenzo
1456 2032 231 69 Vela;
1584 2032 128 69 poi

482 2098 251 57 andato
658 2098 126 57 a
708 2098 226 57 Roma,
858 2098 251 57 povero
1034 2098 126 57 e
1084 2098 402 57 sconosciuto,
1411 2098 226 57 passô
1536 2098 176 57 gior-

481 2171 164 57 ni
563 2171 246 57 assai
727 2171 301 57 tristi.
945 2171 191 57 Uno
1055 2171 164 57 de
1137 2171 219 57 suoi
1274 2171 246 57 primi
1438 2171 273 57 lavori
1602 2171 109 57 fu

489 2234 239 65 «La
657 2234 239 65 povera
824 2234 263 65 fioraia
1016 2234 144 65 «,
1088 2234 287 65 statuina
1303 2234 335 65 illustrata
1566 2234 144 65 da
1614 2234 96 65 un

479 2316 284 62 sonetto
686 2316 181 62 del
789 2316 232 62 Dall’
943 2316 284 62 Ongaro.
1150 2316 284 62 Modellô
1356 2316 155 62 il
1433 2316 181 62 bel
1511 2316 206 62 gruppo

492 2370 177 57 «<Lo
602 2370 243 57 spirito
779 2370 133 57 di
845 2370 265 57 liberta»
1044 2370 110 57 e
1088 2370 177 57 «Il
1199 2370 243 57 ritorno
1376 2370 155 57 dul
1442 2370 265 57 campo»

485 2435 251 55 esposto
668 2435 114 55 a
713 2435 251 55 Parigi,
895 2435 182 55 dove
1009 2435 137 55 lo
1078 2435 274 55 scultore
1283 2435 205 55 visse
1420 2435 251 55 qualche
1579 2435 137 55 tem-

487 2516 148 64 po.
572 2516 106 64 A
614 2516 233 64 Venezia
783 2516 212 64 (1887)
932 2516 191 64 mandô
1059 2516 127 64 il
1122 2516 191 64 busto
1249 2516 212 64 «Un
1376 2516 339 64 rève:;

482 2570 120 73 à
530 2570 241 73 Milano
698 2570 241 73 (1894)
867 2570 313 73 «Dante
1108 2570 144 73 »,
1180 2570 192 73 «Una
1276 2570 433 73 educatrice»,

492 3062 395 117 Google

1785 3053 198 70 Original
1918 3053 99 70 from

1621 3117 337 53 UNIVERSITY
1886 3117 145 53 OF
1934 3117 241 53 MICHIGAN
