2550 3299
1721 464 172 43 SALLA

1049 453 180 71 —
1121 453 252 71 157
1229 453 108 71 —

532 547 365 55 Bruxelles,
818 547 130 55 e
871 547 156 55 in
949 547 260 55 queste
1131 547 234 55 città
1287 547 286 55 conobbe
1496 547 156 55 lo
1548 547 208 55 Chapu,

530 610 157 56 il
608 610 287 56 Dubois,
817 610 157 56 il
896 610 183 56 Van
1000 610 183 56 der
1105 610 314 56 Stappen,
1340 610 157 56 il
1418 610 157 56 De
1497 610 261 56 Vigne,
1653 610 105 56 ed

530 675 221 64 altri
678 675 295 64 scultori
899 675 320 64 eminenti.
1145 675 148 64 Al
1219 675 221 64 Salon
1367 675 246 64 espose
1539 675 148 64 il
1588 675 172 64 busto

530 747 156 57 di
608 747 339 57 Francesco
869 747 287 57 Sarcey.
1077 747 287 57 Tornato
1286 747 156 57 in
1364 747 287 57 Italia,
1573 747 156 57 le
1625 747 130 57 sue

531 826 222 57 opere
679 826 173 57 «La
778 826 222 57 prima
926 826 222 57 prova
1075 826 148 57 »,
1149 826 123 57 «
1198 826 321 57 Vocazione
1445 826 148 57 »,
1494 826 272 57 «Sca

535 883 462 57 miciato»,
928 883 462 57 rappresentazione
1321 883 231 57 vivace
1483 883 139 57 ed
1529 883 231 57 elegante

531 947 212 57 della
673 947 188 57 vita
790 947 329 57 infantile,
1049 947 165 57 gli
1143 947 400 57 procacciarono
1472 947 212 57 larga
1589 947 165 57 lode.

533 1010 209 74 Ornô
664 1010 157 74 il
742 1010 261 74 grande
925 1010 287 74 scalone
1134 1010 183 74 del
1238 1010 287 74 palazzo
1421 1010 340 74 Franchetti,

532 1082 379 58 architettato
840 1082 142 58 da
911 1082 260 58 Camillo
1100 1082 237 58 Boito,
1266 1082 166 58 coi
1361 1082 379 58 bassorilievi
1645 1082 118 58 al-

538 1146 215 59 legorici
699 1146 286 59 raffiguranti
932 1146 107 59 la
985 1146 322 59 Poesia
1254 1146 107 59 la
1308 1146 322 59 Musica
1576 1146 107 59 l'
1612 1146 143 59 Ar.

530 1212 393 63 chitettura,
857 1212 131 63 la
923 1212 436 63 Scultura
1294 1212 109 63 A
1337 1212 262 63 Venezia,
1534 1212 153 63 nel
1599 1212 153 63 1887,

533 1282 223 73 espose
689 1282 134 73 il
756 1282 223 73 gruppo
912 1282 312 73 «Triste
1157 1282 424 73 maternita),
1514 1282 156 73 che
1603 1282 111 73 é
1625 1282 134 73 oggi

529 1338 235 66 nella
685 1338 313 66 Galleria
920 1338 339 66 nazionale
1181 1338 156 66 di
1259 1338 235 66 Roma.
1415 1338 130 66 E
1467 1338 182 66 suo
1572 1338 156 66 il
1624 1338 130 66 mo-

526 1419 307 56 numento
750 1419 140 56 a
806 1419 196 56 Fra
917 1419 252 56 Paolo
1085 1419 280 56 Sarpi,
1281 1419 391 56 inaugurato
1588 1419 140 56 a
1616 1419 140 56 Ve-

530 1484 225 71 nezia
680 1484 175 71 nel
780 1484 225 71 1892.
929 1484 175 71 Per
1029 1484 150 71 la
1104 1484 225 71 città
1254 1484 150 71 di
1329 1484 250 71 Feltre
1503 1484 250 71 esegui
1653 1484 100 71 di

531 1554 279 58 recente
734 1554 127 58 i
785 1554 229 58 busti
937 1554 152 58 di
1013 1554 305 58 Giuseppe
1242 1554 330 58 Garibaldi
1496 1554 127 58 e
1547 1554 152 58 di
1598 1554 152 58 Vit-

534 1618 244 66 torio
669 1618 298 66 Emanuele.

584 1715 309 59 A08
831 1715 267 59 Statua
1037 1715 144 59 del
1119 1715 267 59 monumento
1325 1715 288 59 sepolcrale
1531 1715 226 59 della

740 1786 653 73 Jamiglia
1263 1786 653 73 Ceresa
1742 1786 131 73 C

580 1851 359 57 409
868 1851 383 57 Bozzetto
1179 1851 192 57 dell
1299 1851 240 57 intero
1467 1851 431 57 monumento
1802 1851 72 57 C

569 1922 529 58 410
992 1922 600 58 Teresa
1486 1922 423 58 (busto).
1768 1922 106 58 D

608 2058 354 65 Mayer
895 2058 287 65 Giovanni.
1116 2058 110 65 —
1160 2058 133 65 N.
1227 2058 110 65 a
1271 2058 265 65 Trieste,
1470 2058 133 65 v.
1536 2058 110 65 a
1558 2058 199 65 Milano.

559 2138 637 66 411
1059 2138 410 66 Al
1332 2138 592 66 Lido
1742 2138 137 66 W

608 2283 518 64 Mazzuchelli
1056 2283 283 64 Alfonso.
1268 2283 118 64 —
1315 2283 283 64 Scultore
1504 2283 259 64 milanese,

528 2368 302 43 cominciô
755 2368 151 43 ad
830 2368 277 43 esporre
1032 2368 176 43 nel
1132 2368 227 43 :881.
1283 2368 353 43 Ricordiamo
1535 2368 227 43 «Re

532 2417 482 58 miniscenza»
949 2417 285 58 (Venezia,
1168 2417 197 58 1887)
1300 2417 110 58 e
1343 2417 153 58 «L’
1431 2417 219 58 arrivo
1563 2417 197 58 del

525 2482 293 82 papà
760 2482 98 82 »
799 2482 235 82 (Milano,
956 2482 156 82 1894).

575 2569 312 60 A12.
943 2569 283 60 Chi
1141 2569 255 60 dorme
1311 2569 198 60 non
1425 2569 283 60 piglia
1623 2569 283 60 pesce.
1793 2569 85 60 C

491 3062 396 117 Google

1785 3055 199 66 Original
1918 3055 100 66 from

1621 3124 337 46 UNIVERSITY
1886 3124 145 46 OF
1934 3124 241 46 MICHIGAN
