2550 3299
1743 366 180 53 SALA

549 450 231 58 lico,
703 450 256 58 frutto
882 450 307 58 naturale
1113 450 154 58 di
1190 450 154 58 un
1267 450 333 58 istintivo
1497 450 282 58 idealismo

550 514 231 71 («L’
711 514 231 71 angelo
873 514 208 71 della
1011 514 231 71 vita:,
1173 514 138 71 L’
1242 514 231 71 angelo
1403 514 184 71 dell
1495 514 277 71 amore»

560 587 232 57 «Da
722 587 139 57 un
792 587 209 57 fiore
931 587 209 57 delle
1070 587 232 57 Alpi»,
1232 587 186 57 «Per
1348 587 139 57 le
1418 587 255 57 cattive
1580 587 209 57 ma

550 650 364 58 dr).
846 650 114 58 A
891 650 250 58 Milano,
1073 650 159 58 nel
1164 650 205 58 1894,
1301 650 136 58 si
1369 650 205 58 tenne
1505 650 159 58 una
1573 650 205 58 esposi-

549 723 231 55 zione
703 723 231 55 delle
857 723 179 55 sue
960 723 256 55 opere,
1139 723 179 55 nel
1242 723 308 55 Catalogo
1472 723 231 55 della
1601 723 179 55 quale

551 785 201 75 sono
677 785 352 75 riprodotte
953 785 251 75 alcune
1129 785 277 75 lettere
1330 785 201 75 dove
1456 785 151 75 il
1506 785 277 75 Segantini

552 858 284 73 dichiara
765 858 142 73 le
836 858 260 73 proprie
1025 858 189 73 idee
1143 858 213 73 sull’
1285 858 213 73 arte.
1427 858 165 73 «L’
1521 858 213 73 arte,
1639 858 142 73 egli

553 924 260 64 scrive,
743 924 189 64 deve
861 924 284 64 rivelare
1074 924 331 64 sensazioni
1334 924 213 64 nuove
1476 924 189 64 allo
1571 924 213 64 spirito

557 995 201 57 dell’
691 995 358 57 iniziato....
981 995 134 57 la
1048 995 358 57 suggestività
1339 995 313 57 d’un’opera
1585 995 112 57 é
1630 995 134 57 in
1674 995 112 57 ra-

554 1074 217 57 gione
698 1074 217 57 della
843 1074 217 57 forza
987 1074 169 57 con
1084 1074 169 57 cui
1180 1074 144 57 fu
1252 1074 265 57 sentita
1445 1074 217 57 dall’
1565 1074 217 57 artista

556 1144 165 44 rel
651 1144 353 44 concepirla,
933 1144 118 44 e
980 1144 235 44 questa
1145 1144 118 44 è
1192 1144 141 44 in
1262 1144 259 44 ragione
1451 1144 212 44 della
1568 1144 212 44 finezza

557 1195 126 56 e
607 1195 227 56 della
758 1195 277 56 purezza
960 1195 151 56 de
1035 1195 202 56 suoi
1136 1195 227 56 sensi.»

613 1291 267 56 311
826 1291 249 56 Ritorno
1022 1291 107 56 al
1075 1291 160 56 paese
1164 1291 231 56 nativo

632 1465 406 66 Sezanne
971 1465 271 66 Augusto.
1174 1465 113 66 —
1219 1465 271 66 Pittore,
1422 1465 338 66 decoratore,
1670 1465 113 66 ar-

550 1531 341 57 chitetto,
812 1531 157 57 n.
891 1531 131 57 a
943 1531 288 57 Firenze
1153 1531 184 57 nel
1258 1531 236 57 1856.
1415 1531 131 57 I
1467 1531 210 57 suoi
1572 1531 210 57 quadri

556 1609 286 58 principali
781 1609 164 58 sono
883 1609 471 58 «Autunnalia»
1292 1609 205 58 (1884)
1415 1609 368 58 «Tristez

556 1666 134 65 zα
623 1666 358 65 invernale</»
914 1666 246 65 (1887),
1093 1666 268 65 «Sole
1294 1666 380 65 d'inverno
1585 1666 201 65 (1888),

553 1741 114 70 «
599 1741 320 70 Armonie
850 1741 388 70 d’estate»
1170 1741 251 70 (1889),
1353 1741 274 70 Pubblicô
1559 1741 114 70 a
1581 1741 206 70 Parigi,

552 1800 261 59 editore
742 1800 142 59 il
813 1800 332 59 Rotschild,
1073 1800 142 59 la
1144 1800 166 59 sua
1239 1800 308 59 splendida
1476 1800 284 59 raccolta
1666 1800 118 59 dei

556 1866 232 57 disegni
725 1866 295 57 allegorici
957 1866 169 57 sull
1062 1866 359 57 Acqua
1358 1866 127 57 Di
1421 1866 169 57 lui,
1527 1866 169 57 come
1611 1866 169 57 archi-

552 1931 227 64 tetto
703 1931 126 64 e
753 1931 378 64 decoratore,
1056 1931 378 64 ricorderemo
1358 1931 151 64 la
1433 1931 202 64 casa
1559 1931 227 64 detta
1685 1931 101 64 il

560 2003 284 56 Canton
778 2003 349 56 deifior
1062 2003 109 56 a
1106 2003 240 56 Bologna
1280 2003 109 56 e
1324 2003 436 56 l’ornamentazione
1673 2003 109 56 mu-

553 2083 201 49 rale
679 2083 226 49 della
829 2083 201 49 Sala
955 2083 176 49 del
1056 2083 327 49 Consiglio
1307 2083 327 49 cittadino
1559 2083 151 49 di
1609 2083 176 49 Rove-

553 2123 227 89 reto,
704 2123 302 89 entrambi
931 2123 227 89 nello
1082 2123 227 89 stile
1233 2123 176 89 del
1334 2123 252 89 secolo
1510 2123 176 89 XV.
1611 2123 126 89 É
1636 2123 151 89 pro-

555 2204 264 64 fessore
747 2204 288 64 d’ornato
964 2204 409 64 nell’Istituto
1300 2204 144 64 di
1372 2204 216 64 Belle
1517 2204 192 64 Arti
1637 2204 120 64 a
1661 2204 120 64 Ve

530 2276 195 56 nezia.

607 2363 365 65 312
899 2363 219 65 Ex
1045 2363 219 65 corda
1191 2363 268 65 antiqua
1386 2363 171 65 ars
1484 2363 439 65 novissima
1825 2363 73 65 G

633 2523 468 63 Sigmundt
1027 2523 271 63 Ludwig.
1224 2523 123 63 —
1273 2523 148 63 N.
1347 2523 123 63 a
1396 2523 221 63 Gratz
1544 2523 148 63 il
1618 2523 123 63 2
1642 2523 148 63 Set

1787 3055 198 66 Original
1918 3055 99 66 from

1621 3124 337 47 UNIVERSITY
1886 3124 145 47 OF
1934 3124 241 47 MICHIGAN
