2550 3299
1696 411 183 49 SALA

1115 412 235 58 123
1216 412 101 58 —

504 507 215 57 getti
647 507 453 57 disparatissimi.
1029 507 119 57 I
1076 507 334 57 visitatori
1339 507 191 57 dell
1434 507 310 57 Esposizione

500 563 337 55 veneziana
759 563 181 55 del
863 563 207 55 1887
992 563 181 55 non
1096 563 233 55 hanno
1251 563 388 55 dimenticato
1562 563 155 55 il
1614 563 129 55 suo

512 626 377 58 «Ronzino
813 626 377 58 sardo».
1114 626 201 58 Alla
1240 626 251 58 Mostra
1416 626 301 58 milanese
1616 626 126 58 del

513 691 171 56 1894
620 691 279 56 partecipô
834 691 150 56 col
920 691 214 56 quadro
1070 691 107 56 «
1112 691 300 56 Fortune
1327 691 321 56 diverse».

571 786 184 59 277
715 786 118 59 Il
781 786 157 59 circo

582 970 403 73 Redon
909 970 252 73 Odilon
1085 970 126 73 —
1136 970 151 73 N.
1211 970 176 73 nel
1312 970 201 73 1862
1438 970 126 73 a
1463 970 277 73 Bordeaux,

501 1043 190 57 vive
620 1043 119 57 a
668 1043 262 57 Parigi.
858 1043 357 57 Disegnatore
1144 1043 119 57 e
1192 1043 286 57 incisore
1406 1043 143 57 di
1453 1043 286 57 sbrigliata

501 1118 292 62 fantasia,
725 1118 224 62 legato
882 1118 135 62 al
949 1118 224 62 gruppo
1107 1118 314 62 letterario
1353 1118 157 62 dei
1421 1118 314 62 deca

499 1182 369 70 dent,
803 1182 152 70 ama
890 1182 217 70 spesso
1042 1182 369 70 rappresentare
1345 1182 130 70 le
1411 1182 304 70 concezioni
1628 1182 108 70 più

496 1256 264 44 strane
680 1256 132 44 e
733 1256 370 44 terrifiche
1024 1256 264 44 L’arte
1209 1256 185 44 sua
1314 1256 185 44 (di
1420 1256 185 44 cui
1526 1256 238 44 mança
1658 1256 79 44 à

495 1324 275 48 questa
688 1324 275 48 Mostra
881 1324 165 48 un
963 1324 275 48 saggio
1156 1324 358 48 veramente
1404 1324 330 48 caratteri

496 1392 263 60 stico)
680 1392 158 60 ha
759 1392 290 60 qualche
970 1392 474 60 rassomiglianza
1364 1392 184 60 con
1470 1392 158 60 la
1522 1392 211 60 poesià

493 1443 172 72 di
579 1443 315 72 Edgardo
779 1443 172 72 Poe.

541 1539 538 57 278
964 1539 461 57 Donna
1310 1539 577 57 etrusca
1733 1539 115 57 H

538 1603 614 61 279
1029 1603 860 61 Giovineza
1725 1603 123 61 H

580 1794 433 57 Reycend
941 1794 265 57 Enrico.
1133 1794 120 57 —
1182 1794 265 57 Fecondo
1374 1794 313 57 paesista,
1615 1794 144 57 n.
1663 1794 72 57 a

497 1858 303 57 Torino.
717 1858 193 57 Fra
827 1858 138 57 i
882 1858 220 57 suoi
1019 1858 275 57 ultimi
1212 1858 275 57 quadri
1377 1858 358 57 rammentiamo

511 1938 334 58 «Sorrisi
778 1938 134 58 di
845 1938 289 58 marzo»
1067 1938 111 58 e
1112 1938 312 58 «Cantuccio
1357 1938 334 58 quieto»
1601 1938 134 58 (Mi-

497 1995 219 73 lano.
618 1995 195 73 1894).

544 2090 477 58 280
919 2090 443 58 Quiete
1259 2090 613 58 montanina
1736 2090 102 58 G

579 2268 377 64 Ribarz
886 2268 259 64 Rudolf.
1075 2268 118 64 —
1122 2268 142 64 N.
1193 2268 118 64 a
1240 2268 236 64 Vienna
1405 2268 165 64 nel
1499 2268 212 64 1848.
1617 2268 118 64 Al-

498 2338 218 58 lievo
643 2338 218 58 dell’
788 2338 315 58 Accademia
1030 2338 145 58 di
1103 2338 266 58 Vienna,
1296 2338 194 58 dove
1417 2338 242 58 studiô
1563 2338 169 58 sotto

493 2403 165 64 1o
575 2403 412 64 Zimmermann,
905 2403 165 64 si
987 2403 220 64 recô
1125 2403 192 64 nel
1234 2403 220 64 1875
1372 2403 137 64 a
1399 2403 330 64 Bruxelles,

496 2475 186 55 indi
612 2475 116 55 a
659 2475 256 55 Parigi.
845 2475 140 55 In
915 2475 233 55 questa
1078 2475 210 55 città
1218 2475 233 55 rimase
1381 2475 186 55 fino
1497 2475 140 55 al
1567 2475 186 55 1892
1660 2475 70 55 e

492 2540 155 55 vi
570 2540 283 55 divenne
776 2540 232 55 caldo
930 2540 361 55 ammiratore
1214 2540 232 55 della
1368 2540 258 55 grande
1523 2540 206 55 scuola

1785 3053 198 70 Original
1918 3053 99 70 from

1622 3122 336 48 UNIVERSITY
1886 3122 144 48 OF
1934 3122 240 48 MICHIGAN
