2550 3299
1631 466 194 41 SALA

977 457 193 68 —
1054 457 231 68 77
1131 457 116 68 —

436 538 160 67 in
516 538 534 67 quell’Accademia.
970 538 133 67 É
1024 538 267 67 autore
1210 538 160 67 di
1291 538 267 67 quadri
1477 538 160 67 di
1531 538 160 67 sog-

432 625 246 60 getto
595 625 491 60 svariatissimo.
1005 625 136 60 A
1059 625 273 60 Milano
1250 625 191 60 nel
1360 625 218 60 1894
1469 625 218 60 espose

452 681 367 58 «Costiera
750 681 138 58 di
819 681 321 58 Sorrento»,
1071 681 115 58 «
1117 681 229 58 Verso
1277 681 275 58 sera
1484 681 183 58 (sul
1575 681 115 58 Ve-

438 759 345 62 suvio)»,
719 759 108 62 «
762 759 474 62 Primavera».
1171 759 129 62 Fu
1236 759 215 62 intimo
1386 759 151 62 del
1451 759 237 62 compianto

439 816 156 60 De
517 816 286 60 Nittis,
725 816 182 60 dal
829 816 234 60 quale
985 816 234 60 venne
1141 816 286 60 indotto
1349 816 130 60 a
1375 816 312 60 riprendere

437 880 139 77 la
506 880 162 77 via
599 880 324 77 dell’arte,
854 880 185 77 che,
970 880 139 77 in
1039 880 162 77 un’
1132 880 162 77 ora
1225 880 139 77 di
1294 880 348 77 scoramento,
1549 880 139 77 egli

430 961 253 53 aveva
570 961 394 53 abbandonata.

522 1041 325 76 49
777 1041 348 76 Scirocco
1055 1041 209 76 sulla
1195 1041 278 76 costiera
1404 1041 139 76 di
1473 1041 348 76 Amalf.
1728 1041 70 76 D

523 1205 411 78 Caprile
865 1205 297 78 Vincenzo.
1094 1205 114 78 —
1139 1205 137 78 N.
1208 1205 114 78 a
1253 1205 251 78 Napoli,
1436 1205 251 78 pittore
1596 1205 91 78 di

431 1273 271 76 genere,
628 1273 468 76 rappresentatore
1023 1273 296 76 efficace
1244 1273 172 76 del
1343 1273 271 76 costume
1516 1273 172 76 meri-

430 1337 295 58 dionale.
651 1337 147 58 Il
725 1337 172 58 suo
823 1337 245 58 quadro
995 1337 319 58 «Maria
1241 1337 319 58 Rosa»
1486 1337 147 58 fu
1560 1337 221 58 assai
1707 1337 172 58 no¬
1805 1337 123 58 —
1854 1337 123 58 .
1879 1337 98 58 ..

432 1418 220 67 tato
570 1418 248 67 nell’
735 1418 413 67 Esposizione
1066 1418 193 67 del
1176 1418 248 67 1887.
1341 1418 165 67 Le
1423 1418 275 67 ultime
1616 1418 220 67 cose
1754 1418 165 67 r.
1809 1418 110 67 ..

429 1465 303 67 esposte
650 1465 193 67 dal
760 1465 330 67 Caprile,
1008 1465 275 67 furono
1200 1465 468 67 «Autunno»,
1586 1465 275 67 «Ponte
1779 1465 165 67 J.
1834 1465 220 67 e11...

433 1552 308 61 della
665 1552 308 61 Canonica
896 1552 128 61 a
947 1552 283 61 Venezia
1153 1552 154 61 »,
1230 1552 128 61 à
1281 1552 257 61 Gabbia
1461 1552 154 61 di
1538 1552 385 61 scim¬.
1821 1552 77 61 .

442 1610 274 75 mie
658 1610 98 75 »
697 1610 216 75 (Milano
834 1610 157 75 1894).

517 1696 360 86 50
794 1696 249 86 La
960 1696 277 86 strage
1154 1696 249 86 degli
1320 1696 498 86 innocent.
1708 1696 83 86 C

518 1857 426 68 Carcano
873 1857 284 68 Filippo.
1086 1857 118 68 —
1133 1857 142 68 N.
1204 1857 166 68 nel
1299 1857 189 68 1840
1417 1857 118 68 a
1441 1857 213 68 Milano.

499 1922 133 50 V.
565 1922 267 50 Comitato
766 1922 133 50 di
810 1922 289 50 Patrocinio.

525 2001 236 75 51
707 2001 255 75 Prealpi
889 2001 327 75 bergamasche

533 2074 156 59 52
641 2074 180 59 Arses

547 2226 436 58 Cargnel
910 2226 267 58 Vettore
1104 2226 194 58 Ant.
1225 2226 121 58 —
1274 2226 145 58 N.
1347 2226 121 58 a
1395 2226 267 58 Venezia
1565 2226 121 58 nel

433 2290 275 74 gennaio
633 2290 175 74 del
733 2290 225 74 1872;
883 2290 275 74 apprese
1084 2290 125 74 i
1134 2290 325 74 rudimenti
1384 2290 175 74 del
1459 2290 225 74 disegno

429 2371 444 49 all’Accademia
795 2371 157 49 di
873 2371 235 49 belle
1030 2371 235 49 arti,
1187 2371 183 49 poi
1291 2371 209 49 ebbe
1422 2371 131 49 a
1448 2371 235 49 maestro

426 2425 267 55 Cesare
613 2425 347 55 Laurenti.
880 2425 160 55 La
960 2425 214 55 tela
1094 2425 294 55 esposta
1307 2425 160 55 in
1387 2425 267 55 questa
1548 2425 133 55 Mo-

426 2490 206 67 stra
555 2490 129 67 é
606 2490 154 67 il
684 2490 180 67 suo
787 2490 232 67 primo
915 2490 232 67 lavoro.

520 2585 298 59 53
749 2585 298 59 Averte
979 2585 229 59 faciem
1139 2585 183 59 tuam
1254 2585 115 59 a
1300 2585 275 59 peccatis
1506 2585 298 59 meis
1712 2585 69 59 F

488 3059 401 122 Google

1783 3045 202 79 Original
1918 3045 101 79 from

1618 3109 340 63 UNIVERSITY
1885 3109 146 63 OF
1934 3109 243 63 MICHIGAN
