2550 3299
1081 402 132 57 141

1694 404 168 39 SALLA

573 490 504 57 Vannutelli
1005 490 312 57 Scipione.
1245 490 120 57 —
1293 490 144 57 N.
1365 490 120 57 a
1413 490 192 57 Roma
1533 490 168 57 nel
1605 490 120 57 no-

493 546 267 65 vembre
680 546 187 65 del
787 546 241 65 1834,
948 546 160 65 m.
1028 546 134 65 a
1081 546 214 65 Roma
1215 546 187 65 nel
1322 546 241 65 1894.
1482 546 160 65 Il
1536 546 187 65 padre

493 618 147 57 di
567 618 246 57 questo
739 618 295 57 illustre
960 618 123 57 e
1009 618 319 57 rimpianto
1255 618 270 57 artista
1426 618 295 57 s’opponeva

494 692 193 55 all’
615 692 266 55 intenso
808 692 314 55 desiderio
1050 692 169 55 del
1147 692 242 55 figlio
1316 692 145 55 di
1388 692 363 55 abbandonare
1654 692 73 55 i

495 755 290 57 classici
712 755 169 57 per
809 755 218 57 darsi
954 755 363 57 interamente
1244 755 314 57 all’arte.
1486 755 193 57 Alla
1583 755 145 57 fine

498 819 139 56 la
567 819 325 56 pertinacia
823 819 162 56 del
916 819 232 56 figlio
1078 819 232 56 vinse;
1241 819 186 56 egli
1357 819 139 56 fu
1426 819 209 56 posto
1566 819 116 56 a
1589 819 139 56 stu-

495 891 202 58 diar
621 891 278 58 disegno
823 891 227 58 sotto
974 891 151 58 il
1050 891 303 58 Minardi,
1277 891 126 58 e
1327 891 202 58 poco
1453 891 227 58 tempo
1580 891 151 58 dopo

501 955 369 56 frequentava
797 955 148 56 lo
870 955 246 56 studio
1042 955 172 56 del
1141 955 344 56 Wursinger,
1411 955 271 56 valente
1583 955 148 56 pit-

501 1019 219 64 tore
637 1019 355 64 viennese.
911 1019 164 64 La
993 1019 246 64 prima
1157 1019 246 64 opera
1321 1019 191 64 che
1430 1019 219 64 fece
1540 1019 191 64 cono-

501 1090 217 57 scere
645 1090 144 57 il
718 1090 337 57 Vannutelli
983 1090 169 57 era
1079 1090 144 57 di
1151 1090 289 57 soggetto
1368 1090 337 57 veneziano,
1609 1090 120 57 una

501 1154 399 55 risurrezione
825 1154 224 55 della
975 1154 274 55 Venezia
1174 1154 424 55 aristocratica
1523 1154 174 55 del
1597 1154 125 55 se-

499 1243 182 40 CClo
613 1243 182 40 XVI.
726 1243 227 40 Questo
885 1243 227 40 quadro
1044 1243 250 40 piacque
1226 1243 204 40 tanto
1362 1243 136 40 al
1407 1243 318 40 Salon

502 1291 313 71 parigino
737 1291 183 71 del
841 1291 209 71 1864
972 1291 183 71 che
1076 1291 209 71 Léon
1207 1291 313 71 Lagrange
1442 1291 209 71 poté
1546 1291 183 71 scri-

502 1355 213 80 vere:
644 1355 260 80 >«Il
833 1355 331 80 Vannutelli
1094 1355 142 80 ci
1164 1355 213 80 manda
1306 1355 142 80 un
1377 1355 260 80 quadro
1543 1355 189 80 d

497 1425 287 74 genere
718 1425 155 74 con
806 1425 177 74 cui,
916 1425 177 74 d’un
1027 1425 221 74 colpo,
1181 1425 287 74 schiaccia
1402 1425 155 74 tre
1468 1425 265 74 quart

499 1510 224 46 dei
655 1510 224 46 nostri
812 1510 291 46 deliziosi
1036 1510 246 46 maestri
1216 1510 403 46 francesi»
1552 1510 134 46 La
1597 1510 134 46 fama

500 1563 179 72 del
603 1563 358 72 Vannutelli
884 1563 179 72 era
986 1563 358 72 assicurata
1268 1563 153 72 ed
1344 1563 205 72 egli
1472 1563 230 72 passô
1600 1563 128 72 poi

498 1627 145 62 di
570 1627 290 62 vittoria
788 1627 145 62 in
860 1627 314 62 vittoria,
1101 1627 217 62 dando
1246 1627 193 62 all’
1367 1627 193 62 arte
1488 1627 169 62 dei
1560 1627 169 62 capo-

496 1699 247 57 lavori
669 1699 198 57 come
793 1699 123 57 «
842 1699 247 57 Fra
1015 1699 296 57 Girolamo
1237 1699 469 57 Savonarola»
1632 1699 123 57 e
1657 1699 74 57 i

509 1771 109 64 «
553 1771 326 64 Funerali
814 1771 130 64 di
879 1771 413 64 Giulietta»
1227 1771 217 64 L’arte
1379 1771 152 64 del
1444 1771 283 64 Vannutelli,

496 1834 193 65 dice
617 1834 193 65 bene
737 1834 145 65 il
810 1834 314 65 Vassallo,
1052 1834 193 65 era,
1172 1834 193 65 come
1293 1834 266 65 l’uomo,
1462 1834 266 65 semplice,

492 1899 231 63 sana,
646 1899 308 63 robusta.
877 1899 154 63 Il
954 1899 179 63 suo
1056 1899 359 63 entusiasmo
1338 1899 179 63 per
1441 1899 154 63 la
1492 1899 231 63 pittura

494 1983 157 61 si
572 1983 261 61 palesa
755 1983 157 61 in
834 1983 261 61 queste
1016 1983 261 61 parole
1199 1983 366 61 nobilmente
1461 1983 261 61 ingenue:

506 2058 111 56 «
550 2058 267 56 Tutte
750 2058 133 56 le
817 2058 200 56 volte
950 2058 156 56 che
1039 2058 267 56 comincio
1239 2058 133 56 un
1306 2058 244 56 quadro,
1484 2058 133 56 mi
1528 2058 200 56 par

495 2106 208 58 di
634 2106 277 58 prendere
842 2106 139 58 la
911 2106 301 58 tavolozza
1142 2106 162 58 per
1235 2106 139 58 la
1304 2106 208 58 prima
1420 2106 301 58 volta»

500 2178 153 57 Da
576 2178 280 57 qualche
780 2178 229 57 tempo
932 2178 178 57 era
1034 2178 229 57 stato
1187 2178 306 57 nominato
1416 2178 178 57 dal
1493 2178 229 57 governo

493 2251 479 56 sopraintendente
896 2251 202 56 alla
1022 2251 151 56 R.
1098 2251 378 56 Calcografia
1400 2251 126 56 e
1451 2251 277 56 sperava
1627 2251 101 56 di

491 2314 206 65 dare
620 2314 129 65 a
671 2314 257 65 questo
851 2314 206 65 ramo
980 2314 334 65 dell’arte
1237 2314 154 65 un
1315 2314 232 65 nuovo
1443 2314 309 65 indirizzo,

498 2371 255 71 quando
676 2371 153 71 la
753 2371 230 71 morte
906 2371 255 71 spezzô
1084 2371 153 71 la
1161 2371 179 71 sua
1263 2371 230 71 fibra
1390 2371 306 71 gagliarda.

554 2458 251 66 351
755 2458 251 66 Querelle
956 2458 100 66 d’
989 2458 201 66 amour

559 2523 197 65 352
700 2523 169 65 Stud.

1622 3115 336 56 UNIVERSITY
1886 3115 144 56 OF
1934 3115 240 56 MICHIGAN
