2550 3299
576 539 378 72 Hulton
887 539 267 72 William.
1087 539 111 72 –
1131 539 133 72 N.
1198 539 133 72 in
1264 539 355 72 Inghilterra,
1553 539 156 72 v.a
1620 539 111 72 Ve

473 608 187 52 nezia.

562 680 206 50 157
710 680 206 50 Mattino

577 738 156 55 158
689 738 156 55 Sera

1093 457 127 42 101

578 869 221 58 Hunt
716 869 303 58 William
937 869 303 58 Holman.
1158 869 138 58 —
1213 869 166 58 N.
1296 869 193 58 nel
1406 869 221 58 1827
1544 869 138 58 a
1571 869 166 58 Lon

492 933 205 55 dra,
621 933 205 55 vive
749 933 128 55 a
800 933 282 55 Fulham.
1005 933 154 55 Fu
1082 933 179 55 tra
1185 933 128 55 i
1236 933 333 55 promotori
1492 933 179 55 del
1569 933 154 55 pre

494 1002 387 53 rafaellismo,
808 1002 169 53 con
905 1002 217 53 Dante
1050 1002 290 53 Gabriele
1267 1002 314 53 Rossetti,
1509 1002 169 53 col
1581 1002 145 53 Mil

491 1074 195 50 lais,
622 1074 109 50 e
665 1074 152 50 con
752 1074 195 50 altri
882 1074 239 50 artisti
1056 1074 347 50 elettissimi.
1338 1074 261 50 Cominciô
1534 1074 109 50 a
1555 1074 174 50 dargli

496 1133 178 50 fama
607 1133 134 50 il
674 1133 245 50 quadro»
852 1133 201 50 La
986 1133 178 50 luce
1097 1133 156 50 del
1186 1133 334 50 mondo»,
1454 1133 178 50 dove
1543 1133 178 50 Cristo

489 1202 142 58 s’
560 1202 236 58 avanza
726 1202 165 58 fra
820 1202 142 58 le
891 1202 284 58 tenebre,
1104 1202 165 58 con
1198 1202 165 58 una
1293 1202 284 58 lanterna
1505 1202 142 58 in
1553 1202 165 58 mano,

491 1274 321 53 cercando
732 1274 321 53 un’anima
973 1274 295 53 sveglia
1187 1274 187 53 nel
1295 1274 241 53 mondo
1428 1274 295 53 addormen

545 1341 168 52 tato
650 1341 189 52 (1854
776 1341 273 52 Soggiornô
987 1341 105 52 a
1029 1341 189 52 lungo
1155 1341 126 52 in
1218 1341 189 52 Terra
1344 1341 210 52 Santa,
1492 1341 105 52 e
1534 1341 168 52 ani¬

495 1397 184 58 mato
610 1397 138 58 da
679 1397 276 58 profonda
886 1397 184 58 fede
1001 1397 322 58 religiosa,
1255 1397 276 58 illustrô
1462 1397 161 58 con
1554 1397 138 58 le
1600 1397 115 58 sue

503 1474 211 55 opere
643 1474 141 55 la
714 1474 188 55 vita
831 1474 164 55 del
925 1474 329 55 Redentore.
1183 1474 352 55 Tenacissimo
1465 1474 211 55 delle
1582 1474 141 55 pro

490 1535 182 58 prie
604 1535 365 58 convinzioni,
900 1535 319 58 lavoratore
1151 1535 365 58 infaticabile
1447 1535 114 58 e
1470 1535 251 58 conscien

492 1605 228 59 zioso,
652 1605 205 59 narrô
789 1605 137 59 le
857 1605 160 59 sue
949 1605 251 59 vicende
1131 1605 342 59 artistiche,
1405 1605 114 59 e
1451 1605 205 59 sopra
1565 1605 160 59 tutto

486 1676 134 52 le
553 1676 201 52 lotte
687 1676 157 52 dei
776 1676 403 52 prerafaellisti
1112 1676 224 52 contro
1269 1676 134 52 le
1336 1676 268 52 tendenze
1515 1676 201 52 accade

489 1740 238 59 miche,
656 1740 143 59 in
727 1740 167 59 una
822 1740 214 59 serie
965 1740 143 59 d’
1037 1740 309 59 articoli,
1275 1740 167 59 che
1370 1740 286 59 raccolse
1560 1740 167 59 sotto

483 1809 127 55 il
546 1809 232 55 titolo:
715 1809 106 55 «
757 1809 211 55 Una
905 1809 274 55 battaglia
1116 1809 148 55 per
1201 1809 127 55 l’
1243 1809 253 55 Arte».

544 1903 303 54 159
783 1903 303 54 Mattina
1021 1903 130 54 di
1086 1903 217 54 Maggio
1238 1903 195 54 sulla
1368 1903 195 54 torre
1476 1903 347 54 Maddalena

542 1987 157 54 Nel
631 1987 270 54 Collegio
834 1987 202 54 della
968 1987 292 54 Maddalena
1193 1987 135 54 ad
1260 1987 225 54 Oxford
1418 1987 135 54 ha
1485 1987 202 54 luogo
1597 1987 135 54 ogni

480 2047 185 52 anno,
604 2047 123 52 la
665 2047 185 52 prima
788 2047 226 52 mattina
952 2047 123 52 di
1014 2047 226 52 Maggio,
1178 2047 144 52 unt
1260 2047 205 52 antica
1404 2047 267 52 cerimonia
1609 2047 164 52 flo¬

482 2096 190 52 reale.
615 2096 114 52 Il
672 2096 285 52 Presidente,
899 2096 133 52 gli
975 2096 247 52 studenti,
1165 2096 95 52 i
1203 2096 209 52 coristi
1355 2096 209 52 salgono
1506 2096 171 52 sulla
1601 2096 133 52 torre

480 2153 145 55 per
563 2153 249 55 cantarvi
750 2153 124 55 un
812 2153 186 55 inno,
936 2153 145 55 con
1019 2153 124 55 la
1081 2153 207 55 faccia
1226 2153 228 55 rivolta
1392 2153 124 55 ad
1454 2153 249 55 oriente,
1619 2153 104 55 nel

479 2205 237 50 momento
652 2205 129 50 in
716 2205 151 50 cui
802 2205 129 50 il
867 2205 172 50 sole
974 2205 237 50 spunta.
1146 2205 129 50 La
1211 2205 215 50 storia
1361 2205 194 50 narra
1490 2205 151 50 che
1555 2205 172 50 questa

475 2264 281 50 cerimonia
691 2264 216 50 veniva
842 2264 281 50 celebrata
1058 2264 194 50 anche
1188 2264 129 50 da
1252 2264 151 50 due
1339 2264 194 50 altri
1468 2264 259 50 Collegi,
1662 2264 108 50 i

481 2318 141 50 cui
561 2318 221 50 addetti
722 2318 241 50 salivano
903 2318 121 50 in
963 2318 301 50 processione
1204 2318 121 50 su
1265 2318 181 50 certe
1385 2318 241 50 colline,
1566 2318 141 50 per
1627 2318 100 50 as

476 2369 236 52 sistere
647 2369 129 52 al
711 2369 236 52 sorgere
883 2369 150 52 del
968 2369 193 52 sole;
1097 2369 129 52 ma
1161 2369 129 52 ai
1225 2369 193 52 tempi
1354 2369 193 52 della
1482 2369 236 52 Riforma
1632 2369 86 52 la

477 2427 304 52 processione
720 2427 223 52 provocô
882 2427 263 52 disordini
1084 2427 101 52 e
1125 2427 121 52 fu
1185 2427 243 52 abolita.
1368 2427 101 52 I
1408 2427 202 52 membri
1550 2427 142 52 del
1611 2427 121 52 Col

476 2482 190 52 legio
603 2482 295 52 Maddalena,
835 2482 232 52 potendo
1003 2482 211 52 salire
1151 2482 127 52 la
1215 2482 190 52 torre
1341 2482 190 52 senza
1468 2482 253 52 trovarsi
1637 2482 84 52 in

477 2533 241 52 contatto
658 2533 221 52 diretto
819 2533 141 52 col
899 2533 201 52 popolo
1040 2533 100 52 e
1080 2533 181 52 senza
1200 2533 221 52 urtarne
1361 2533 161 52 cosi
1462 2533 121 52 il
1502 2533 221 52 rigorismo

480 2580 274 59 puritano,
691 2580 316 59 protrassero
944 2580 169 59 fino
1049 2580 105 59 a
1091 2580 148 59 noi
1176 2580 211 59 questa
1323 2580 211 59 remota
1450 2580 274 59 costumanza.
