2550 3299
1184 406 189 62 —
1260 406 227 62 70
1336 406 114 62 —

1839 418 183 41 SALA

650 498 173 57 che
749 498 198 57 egli
873 498 173 57 ama
971 498 543 57 appassionatamente.
1441 498 123 57 A
1490 498 222 57 scopo
1638 498 148 57 di
1687 498 198 57 studio

649 562 354 58 intraprese
927 562 253 58 viaggi
1103 562 152 58 in
1179 562 278 58 Egitto,
1381 562 227 58 nella
1533 562 278 58 Grecia,
1735 562 126 58 a
1760 562 126 58 Co-

652 635 361 57 stantinopoli.
949 635 127 57 Ha
1013 635 234 57 esposto
1183 635 127 57 al
1247 635 340 57 Salon
1523 635 127 57 di
1587 635 212 57 Parigi
1735 635 106 57 e
1757 635 127 57 alla

652 699 284 65 Royal
865 699 355 65 Academy
1150 699 142 65 di
1221 699 261 65 Londra.
1410 699 166 65 Fra
1505 699 142 65 le
1576 699 166 65 sue
1671 699 189 65 cose
1766 699 118 65 più

651 772 291 54 originali
875 772 313 54 ricordiamo
1121 772 134 54 il
1188 772 224 54 quadro
1345 772 313 54 «Musica
1591 772 112 54 e
1613 772 269 54 chiaro

661 833 146 59 di
742 833 194 59 luna».

849 922 399 54 18<i>Orfeo
1191 922 114 54 ed
1248 922 228 54 Éuridice
1419 922 171 54 sulle
1533 922 152 54 rive
1628 922 133 54 del
1685 922 152 54 Lete.

855 987 203 55 19<i>Sui
1016 987 128 55 mont.

839 1050 311 78 20<Melagran</i>.

729 1211 401 73 Béraud
1059 1211 212 73 Jean.
1201 1211 118 73 —
1248 1211 141 73 N.
1319 1211 118 73 a
1366 1211 353 73 Pietroburgo
1648 1211 141 73 il
1719 1211 141 73 31
1766 1211 118 73 di-

644 1291 275 56 cembre
836 1291 247 56 1849;
1001 1291 220 56 vive
1138 1291 137 56 a
1193 1291 302 56 Parigi.
1413 1291 302 56 Allievo
1633 1291 192 56 del
1715 1291 165 56 Bon-

649 1339 186 61 nat,
765 1339 140 61 ha
835 1339 279 61 ritratto
1045 1339 140 61 l’
1114 1339 303 61 eleganza,
1347 1339 140 61 il
1417 1339 233 61 lusso,
1580 1339 140 61 il
1627 1339 256 61 movimento

646 1397 223 71 della
795 1397 297 71 capitale
1017 1397 322 71 francese.
1265 1397 124 71 É
1314 1397 173 71 fra
1413 1397 173 71 gli
1512 1397 272 71 artisti
1710 1397 173 71 che
1784 1397 99 71 si

644 1476 202 71 sono
770 1476 303 71 proposti
998 1476 152 71 di
1073 1476 329 71 rievocare
1326 1476 354 71 l’immagine
1604 1476 253 71 divina
1756 1476 126 71 del

647 1555 234 57 Cristo
811 1555 164 57 fra
904 1555 141 57 le
975 1555 211 57 scene
1115 1555 117 57 e
1162 1555 117 57 i
1209 1555 258 57 costumi
1396 1555 211 57 della
1537 1555 187 57 vita
1631 1555 234 57 moderna.

731 1624 269 60 21
938 1624 186 60 Le
1063 1624 145 60 due
1145 1624 166 60 Muse
1249 1624 104 60 e
1290 1624 124 60 il
1352 1624 186 60 poeta
1477 1624 228 60 Armando
1642 1624 373 60 Silvestre
1932 1624 62 60 H

725 1779 392 62 Bergh
1043 1779 270 62 Richard
1239 1779 123 62 —
1288 1779 147 62 N.
1362 1779 123 62 a
1411 1779 294 62 Stocolma
1631 1779 172 62 nel
1705 1779 172 62 1858.

646 1852 173 68 Pel
745 1852 321 68 carattere
992 1852 222 68 della
1140 1852 173 68 sua
1238 1852 296 68 pittura,
1461 1852 148 68 il
1535 1852 247 68 Bergh,
1707 1852 173 68 fin
1781 1852 99 68 da

638 1932 270 56 quando
827 1932 405 56 frequentava
1151 1932 162 56 l’
1232 1932 378 56 Accademia,
1529 1932 270 56 veniva
1691 1932 189 56 chia-

639 1987 220 57 mato
776 1987 193 57 dai
886 1987 330 57 compagni
1134 1987 165 57 il
1216 1987 495 57 Bastien-Lepage
1601 1987 275 57 svedese.

638 2051 137 57 A
692 2051 275 57 Parigi
885 2051 275 57 (1881)
1077 2051 220 57 ebbe
1214 2051 192 57 per
1324 2051 302 57 maestro
1544 2051 165 57 il
1598 2051 275 57 Laurens.

645 2120 130 60 Si
710 2120 173 60 fece
818 2120 281 60 conoscere
1034 2120 151 60 per
1121 2120 130 60 la
1186 2120 194 60 prima
1315 2120 194 60 volta
1445 2120 130 60 al
1510 2120 346 60 Salon
1769 2120 108 60 col

642 2186 224 69 quadro
798 2186 112 69 «
843 2186 291 69 Seduta
1067 2186 403 69 ipnotica».
1403 2186 112 69 I
1448 2186 269 69 ritratti
1650 2186 134 69 si
1695 2186 179 69 giudi-

639 2252 198 59 cano
763 2252 396 59 generalmente
1084 2252 148 59 le
1159 2252 173 59 sue
1258 2252 198 59 cose
1381 2252 322 59 migliori,
1629 2252 173 59 per
1703 2252 173 59 l'in-

637 2323 269 57 timità
825 2323 350 57 domestica
1094 2323 161 57 di
1175 2323 188 57 cui
1282 2323 215 57 sono
1417 2323 350 57 impressi.
1686 2323 215 57 Vive
1793 2323 81 57 a

638 2394 280 66 Varberg
816 2394 280 66 (Svezia).

723 2476 237 72 22
901 2476 297 72 Ritratto
1139 2476 178 72 della
1258 2476 257 72 Signorina
1455 2476 218 72 Bonnier
1594 2476 277 72 (pittri

911 2539 438 74 ce
1204 2539 633 74 syedese).
1642 2539 341 74 I

491 3060 396 121 Google

1785 3057 199 66 Original
1918 3057 100 66 from

1622 3121 337 49 UNIVERSITY
1886 3121 144 49 OF
1935 3121 240 49 MICHIGAN
