2550 3299
1107 451 237 58 125
1209 451 101 58 —

1688 451 185 40 SALA

573 539 363 64 Roll
863 539 266 64 Alfred.
1056 539 121 64 —
1105 539 145 64 N.
1177 539 145 64 il
1250 539 145 64 10
1322 539 218 64 Marzo
1467 539 193 64 1847
1588 539 121 64 à
1612 539 121 64 Pa-

492 601 233 58 rigi,
647 601 207 58 dove
777 601 233 58 abita
932 601 207 58 Come
1061 601 155 58 lo
1138 601 207 58 Zola
1268 601 181 58 nel
1371 601 181 58 suo
1474 601 233 58 ciclo
1604 601 129 58 dei

493 675 515 66 Rougon-Macquart.
931 675 206 66 cosi
1060 675 232 66 anche
1215 675 155 66 il
1292 675 206 66 Roll
1421 675 155 66 si
1498 675 129 66 e
1524 675 206 66 p.opo-

492 746 164 50 sto
585 746 141 50 di
656 746 281 50 ritrarre
867 746 141 50 la
937 746 188 50 vita
1054 746 258 50 sociale
1242 746 258 50 moderna
1429 746 141 50 in
1500 746 164 50 una
1570 746 164 50 serie

498 802 121 58 di
558 802 202 58 grandi
700 802 222 58 quadri:
861 802 161 58 tali
962 802 121 58 il
1023 802 101 58 «
1063 802 343 58 Lavoro
1346 802 121 58 »,
1406 802 101 58 «
1446 802 141 58 iLa
1507 802 222 58 guer

492 866 210 65 ra
632 866 140 65 »,
702 866 163 65 «Lo
795 866 280 65 sciopero
1005 866 163 65 dei
1099 866 397 65 minator»
1426 866 117 65 1
1472 866 233 65 motivi
1612 866 117 65 do-

493 941 272 54 minanti
691 941 347 54 nell’opera
964 941 173 54 sua
1063 941 198 54 sono
1186 941 297 54 ricavati
1409 941 223 54 dalla
1558 941 198 54 vita
1657 941 74 54 e

490 1026 195 42 dalle
620 1026 239 42 miserie
794 1026 152 42 dei
881 1026 325 42 lavoratori.
1141 1026 174 42 Levô
1250 1026 217 42 rumore
1380 1026 347 42 «i>L’inon

489 1075 309 57 dazione
732 1075 132 57 di
798 1075 309 57 Tolosa
1040 1075 132 57 ».
1106 1075 243 57 tragica
1283 1075 441 57 rappresentazione
1636 1075 88 57 di

489 1152 155 59 un
567 1152 258 59 gruppo
747 1152 155 59 di
825 1152 336 59 contadini
1083 1152 336 59 confinati
1341 1152 232 59 sopra
1496 1152 155 59 un
1547 1152 181 59 tetto

490 1210 119 57 e
538 1210 333 57 circondati
799 1210 214 57 dalla
942 1210 357 57 minacciante
1228 1210 262 57 distesa
1418 1210 214 57 delle
1537 1210 190 57 acque.

491 1275 172 64 Del
590 1275 196 64 Roll
712 1275 147 64 si
786 1275 221 64 hanno
933 1275 196 64 pure
1056 1275 270 64 fresche
1252 1275 221 64 scene
1375 1275 294 64 campestri.

534 1378 476 66 285
915 1378 412 66 Operai
1232 1378 286 66 della
1423 1378 444 66 terra
1740 1378 95 66 H

534 1447 455 77 286
898 1447 182 77 L’
989 1447 516 77 ammiraglio
1414 1447 455 77 Krantz
1748 1447 91 77 H

568 1667 332 57 Rosa
834 1667 222 57 Luigi.
989 1667 111 57 —
1033 1667 133 57 N.
1100 1667 111 57 a
1144 1667 244 57 Venezia
1321 1667 133 57 il
1388 1667 111 57 6
1432 1667 222 57 Agosto
1565 1667 155 57 1850.

549 1771 202 58 287
707 1771 144 58 Nel
794 1771 159 58 coro

560 1993 394 51 Rossi
880 1993 246 51 Luigi.
1053 1993 123 51 —
1102 1993 148 51 N.
1176 1993 172 51 nel
1274 1993 197 51 1853
1397 1993 123 51 a
1446 1993 271 51 Lugano,
1619 1993 98 51 ma

475 2058 124 58 a
525 2058 174 58 tre
624 2058 199 58 anni
748 2058 149 58 fu
823 2058 298 58 condotto
1046 2058 124 58 a
1096 2058 273 58 Milano.
1294 2058 223 58 Nelle
1418 2058 298 58 concezioni

480 2122 143 58 di
552 2122 238 58 questo
718 2122 286 58 artista,
933 2122 167 58 che
1028 2122 119 58 é
1076 2122 214 58 anche
1219 2122 262 58 geniale
1385 2122 334 58 illustratore

479 2201 135 43 di
547 2201 203 43 opere
682 2201 338 43 letterarie,
952 2201 135 43 la
1020 2201 180 43 nota
1133 2201 293 43 gaiamente
1358 2201 270 43 satirica
1560 2201 135 43 s’
1605 2201 113 43 al-

481 2250 218 66 terna
626 2250 121 66 a
675 2250 242 66 quella
844 2250 218 66 dell’
989 2250 291 66 affetto.
1207 2250 436 66 Caratteristici
1571 2250 121 66 i
1595 2250 121 66 due

478 2322 249 62 quadri
652 2322 249 62 «In
826 2322 273 62 assenza
1025 2322 174 62 dei
1124 2322 298 62 padroni»
1348 2322 124 62 e
1398 2322 174 62 «Il
1472 2322 249 62 fra

478 2386 280 66 tellino
678 2386 320 66 ammalato».

516 2495 511 69 288
917 2495 328 69 Un
1136 2495 255 69 bel
1282 2495 584 69 mattino
1720 2495 109 69 G

457 2563 477 101 289
839 2563 286 101 La
1029 2563 318 101 scuola
1252 2563 223 101 del
1379 2563 477 101 dolore
1729 2563 95 101 G

1785 3054 199 70 Original
1918 3054 100 70 from

1620 3124 338 47 UNIVERSITY
1885 3124 145 47 OF
1934 3124 241 47 MICHIGAN
