2550 3299
1053 394 186 58 —
1127 394 223 58 81
1202 394 112 58 —

1706 410 183 42 SALA

598 491 452 58 Coleman
974 491 276 58 Enrico.
1175 491 125 58 —
1225 491 151 58 N.
1300 491 125 58 a
1351 491 201 58 Roma
1476 491 151 58 il
1551 491 151 58 21
1601 491 151 58 giu-

512 563 181 63 gno
616 563 233 63 1846.
771 563 181 63 Suo
874 563 233 63 padre
1029 563 181 63 era
1133 563 155 63 un
1210 563 284 63 valente
1417 563 310 63 pittore,
1624 563 129 63 in-

509 627 224 64 glese
658 627 149 64 di
733 627 299 64 nascita,
957 627 149 64 il
1032 627 224 64 quale
1181 627 249 64 venuto
1356 627 124 64 a
1405 627 199 64 Roma
1530 627 174 64 per
1605 627 149 64 stu-

511 708 239 49 diarne
678 708 143 49 le
750 708 286 49 gallerie
965 708 358 49 artistiche.
1251 708 143 49 s’
1322 708 286 49 innamorô
1513 708 239 49 talmente

511 762 253 57 della
680 762 338 57 campagna
933 762 282 57 romana
1130 762 197 57 che
1243 762 225 57 pose
1384 762 282 57 stanza
1553 762 197 57 nella

511 835 234 65 grande
674 835 210 65 città
814 835 117 65 e
861 835 140 65 vi
931 835 234 65 rimase
1095 835 187 65 fino
1212 835 187 65 alla
1328 835 234 65 morte.
1492 835 140 65 Il
1539 835 210 65 Coleman

514 899 173 73 non
613 899 198 73 ebbe
737 899 272 73 bisogno
934 899 148 73 di
1009 899 371 73 inscriversi
1305 899 148 73 in
1379 899 173 73 una
1453 899 297 73 Accademia;

508 979 284 46 diventô
715 979 284 46 pittore
922 979 414 46 frequentando
1258 979 155 46 lo
1335 979 259 46 studio
1490 979 259 46 paterno.

523 1044 227 47 «iQuel
682 1044 204 47 tanto
819 1044 159 47 che
909 1044 318 47 faccio
1159 1044 114 47 —
1205 1044 182 47 egli
1318 1044 227 47 scrive
1455 1044 295 47 argutamente

509 1106 122 51 —
557 1106 146 51 eé
630 1106 170 51 l
728 1106 243 51 frutto
898 1106 316 51 spontaneo
1142 1106 146 51 di
1215 1106 170 51 cio
1312 1106 170 51 che
1409 1106 219 51 credo
1531 1106 219 51 una

519 1171 296 57 malattia
737 1171 356 57 ereditaria».

599 1294 310 61 67.
843 1294 222 61 Sul
998 1294 177 61 gran
1109 1294 199 61 Sasso
1242 1294 355 61 d’Italia
1530 1294 355 61 (Settembre).
1796 1294 66 61 F

596 1529 415 59 Collier
942 1529 208 59 John.
1081 1529 115 59 —
1127 1529 138 59 N.
1196 1529 115 59 a
1242 1529 231 59 Londra
1404 1529 162 59 nel
1496 1529 208 59 1850.
1635 1529 115 59 É
1658 1529 92 59 il

506 1595 449 56 secondogenito
875 1595 158 56 d’
955 1595 158 56 un
1034 1595 238 56 lord,
1192 1595 185 56 che
1298 1595 238 56 tenne
1456 1595 158 56 in
1509 1595 238 56 Inghil-

508 1661 228 62 terra
660 1661 253 62 uffici
837 1661 329 62 eminenti.
1090 1661 177 62 Gli
1191 1661 152 62 fu
1267 1661 304 62 maestro,
1495 1661 228 62 nella
1621 1661 127 62 sua

509 1740 423 48 adolescenza,
852 1740 158 48 il
931 1740 317 48 Poynter,
1169 1740 158 48 e,
1248 1740 264 48 quando
1433 1740 158 48 si
1512 1740 211 48 recô
1618 1740 132 48 al-

508 1795 119 63 1
556 1795 239 63 estero
723 1795 119 63 a
771 1795 215 63 scopo
914 1795 143 63 di
985 1795 477 63 perfezionamento,
1391 1795 239 63 studiô
1558 1795 119 63 a
1582 1795 167 63 Pari-

510 1864 149 74 gi
585 1864 223 74 sotto
733 1864 149 74 la
808 1864 223 74 guida
956 1864 149 74 di
1031 1864 198 74 Jean
1154 1864 198 74 Paul
1278 1864 297 74 Laurens.
1501 1864 173 74 Più
1576 1864 173 74 tardi

514 1931 155 64 fu
592 1931 335 64 discepolo
849 1931 155 64 di
927 1931 206 64 Alma
1056 1931 284 64 Tadema.
1262 1931 309 64 Cominciô
1494 1931 155 64 ad
1546 1931 206 64 espor-

508 2009 146 59 re
581 2009 171 59 nel
678 2009 195 59 1876
800 2009 146 59 al
873 2009 390 59 Salon
1190 2009 292 59 parigino
1409 2009 146 59 un
1482 2009 171 59 suo
1555 2009 195 59 quadro

520 2068 114 55 «
566 2068 295 55 Andrea
793 2068 159 55 dal
884 2068 386 55 Castagno»
1202 2068 204 55 Oltre
1338 2068 136 55 ad
1406 2068 159 55 una
1497 2068 204 55 serie
1611 2068 136 55 rag-

505 2131 335 74 guardevole
768 2131 144 74 di
840 2131 311 74 ritratti,
1080 2131 144 74 ha
1151 2131 287 74 condotto
1367 2131 120 74 a
1415 2131 263 74 termine
1582 2131 168 74 molti

509 2203 217 62 quadri
661 2203 282 62 segnalati
878 2203 130 62 di
944 2203 217 62 genere
1096 2203 261 62 storico,
1291 2203 174 62 come
1378 2203 369 62 «L’ulti

508 2283 238 46 mo
666 2283 291 46 viaggio
877 2283 158 46 di
957 2283 264 46 Enrico
1142 2283 291 46 Hudson»
1353 2283 132 46 «
1406 2283 158 46 La
1458 2283 291 46 morte

508 2338 206 58 di
646 2338 298 58 Cleopatra
875 2338 137 58 »,
943 2338 115 58 «
989 2338 137 58 Un
1058 2338 298 58 bicchiere
1287 2338 137 58 di
1356 2338 183 58 vino
1470 2338 160 58 con
1539 2338 206 58 Ce

505 2403 222 73 sare
646 2403 283 73 Borgia».

577 2522 473 57 68
940 2522 437 57 Ninfa
1268 2522 255 57 del
1413 2522 509 57 bosco

1659 2616 114 60 6

1785 3053 199 70 Original
1918 3053 100 70 from

1622 3123 337 48 UNIVERSITY
1886 3123 144 48 OF
1935 3123 240 48 MICHIGAN
