2550 3299
1670 470 182 47 SALA

1016 458 186 73 —
1090 458 223 73 89
1165 458 112 73 —

475 554 262 57 abilità
666 554 191 57 alla
785 554 262 57 pittura
976 554 262 57 storica
1167 554 119 57 e
1215 554 143 57 al
1286 554 239 57 quadro
1454 554 143 57 di
1501 554 215 57 genere.

478 618 143 57 Il
550 618 167 57 suo
645 618 119 57 «
693 618 310 57 Cristo
931 618 167 57 fra
1026 618 119 57 i
1074 618 262 57 bambini
1264 618 119 57 »
1312 618 262 57 esposto
1503 618 119 57 a
1526 618 191 57 Torino

473 686 177 53 nel
574 686 228 53 1880,
726 686 152 53 fu
802 686 354 53 acquistato
1080 686 177 53 dal
1181 686 329 53 Ministero
1435 686 228 53 della
1561 686 152 53 Pub-

478 754 208 57 blica
593 754 301 57 istruzione.

555 857 321 53 97
802 857 370 53 Bozzetto
1098 857 148 53 di
1172 857 271 53 plafond
1370 857 173 53 per
1468 857 271 53 teatro.
1641 857 173 53 D

580 922 552 53 98
1004 922 679 53 Ritratto.
1513 922 297 53 D

536 990 573 50 99
977 990 705 50 Ritratto.
1506 990 309 50 D

577 1154 498 57 Facchinetti
1007 1154 249 57 Nicolô.
1188 1154 113 57 —
1234 1154 272 57 Pittore,
1415 1154 294 57 architetto.

471 1219 426 57 caricaturista,
826 1219 142 57 n.
897 1219 118 57 a
945 1219 284 57 Treviso,
1158 1219 189 57 vive
1276 1219 166 57 ora
1371 1219 118 57 a
1394 1219 237 57 Venezia.

528 1310 486 61 100
917 1310 389 61 Fosse
1208 1310 648 61 abbandonate
1727 1310 97 61 F

552 1483 408 56 Fattori
893 1483 295 56 Giovanni.
1119 1483 113 56 —
1165 1483 136 56 N.
1233 1483 113 56 a
1278 1483 249 56 Livorno
1460 1483 136 56 il
1528 1483 136 56 25
1573 1483 136 56 Set-

467 1553 265 59 tembre
652 1553 238 59 1828;
811 1553 212 59 vive
943 1553 132 59 a
996 1553 318 59 Firenze.
1234 1553 132 59 É
1287 1553 185 59 uno
1393 1553 185 59 dei
1473 1553 238 59 maestri

467 1620 220 52 della
613 1620 244 52 scuola
784 1620 293 52 toscana.
1003 1620 220 52 Entrô
1150 1620 195 52 all’
1272 1620 317 52 Accademia
1491 1620 220 52 fioren-

467 1682 203 58 tina
593 1682 177 58 nel
695 1682 203 58 1847
822 1682 127 58 e
872 1682 152 58 vi
948 1682 254 58 studiô
1126 1682 228 58 sotto
1278 1682 152 58 la
1354 1682 330 58 direzione
1582 1682 127 58 del

469 1755 219 64 prof.
615 1755 292 64 Bezzuoli
833 1755 146 64 La
906 1755 365 64 rivoluzione
1198 1755 170 64 del
1295 1755 194 64 1848
1416 1755 146 64 lo
1465 1755 243 64 distolse

468 1818 214 55 dagli
611 1818 214 55 studi
754 1818 119 55 e
802 1818 191 55 fino
921 1818 143 55 al
992 1818 191 55 1859
1111 1818 286 55 produsse
1326 1818 214 55 assai
1469 1818 214 55 poco.
1588 1818 119 55 Li-

469 1882 297 57 beratosi
692 1882 223 57 dalle
841 1882 273 57 pastoie
1039 1882 396 57 accademiche,
1361 1882 149 57 si
1435 1882 198 57 fece
1535 1882 173 57 caldo

467 1956 381 63 propugnatore
777 1956 191 63 dell
896 1956 191 63 arte
1016 1956 215 63 nuova
1159 1956 119 63 e
1206 1956 286 63 illustrô
1421 1956 167 63 gli
1492 1956 215 63 episodi

468 2034 160 57 più
560 2034 251 57 celebri
742 2034 206 57 della
879 2034 228 57 guerra
1039 2034 206 57 dell’
1176 2034 366 57 indipendenza
1451 2034 251 57 italiana:

475 2101 228 47 «La
635 2101 296 47 battaglia
862 2101 137 47 di
931 2101 251 47 Magenta
1113 2101 137 47 »,
1181 2101 114 47 «
1227 2101 228 47 Carica
1386 2101 137 47 di
1432 2101 273 47 caval

469 2155 280 72 leria
679 2155 117 72 a
725 2155 327 72 Montebello
982 2155 140 72 »,
1052 2155 304 72 «Quadrato
1286 2155 163 72 del
1379 2155 140 72 49
1426 2155 280 72 reggi

472 2221 264 63 mento
670 2221 110 63 a
714 2221 374 63 Custoza».
1022 2221 132 63 Il
1088 2221 242 63 cavallo
1264 2221 110 63 é
1308 2221 154 63 uno
1396 2221 154 63 dei
1484 2221 176 63 suoi
1572 2221 132 63 temi

469 2291 250 51 favoriti.
661 2291 115 51 Ci
719 2291 173 51 basti
834 2291 250 51 ricordare
1026 2291 115 51 la
1084 2291 269 51 bellissima
1295 2291 173 51 tela:
1411 2291 154 51 «
1488 2291 211 51 Mer

467 2356 245 57 cato
645 2356 134 57 di
712 2356 245 57 cavalli
890 2356 134 57 in
957 2356 223 57 Piazza
1113 2356 201 57 della
1246 2356 245 57 Trinità
1425 2356 111 57 a
1447 2356 245 57 Roma»

464 2419 285 73 premiata
678 2419 190 73 all’
797 2419 356 73 Esposizione
1082 2419 428 73 internazionale
1439 2419 143 73 di
1486 2419 214 73 Vienna.

522 2511 405 76 101
846 2511 243 76 L’
1008 2511 297 76 appello
1225 2511 216 76 dopo
1360 2511 162 76 la
1441 2511 405 76 carica
1738 2511 81 76 F

517 2579 487 57 102
906 2579 454 57 Butteri
1263 2579 584 57 maremman.
1718 2579 97 57 C

491 3060 395 119 Google

1787 3056 198 67 Original
1918 3056 99 67 from

1621 3123 338 47 UNIVERSITY
1886 3123 145 47 OF
1935 3123 241 47 MICHIGAN
