2550 3299
1216 389 175 63 —
1286 389 245 63 130
1391 389 105 63 —

1877 387 182 48 SALA

769 474 518 58 Schônberger
1217 474 283 58 Martino.
1429 474 118 58 —
1476 474 141 58 N.
1547 474 118 58 a
1594 474 236 58 Monaco
1759 474 141 58 di
1806 474 94 58 Ba

694 538 242 65 viera,
863 538 145 65 v.
935 538 121 65 a
960 538 242 65 Firenze.

757 650 204 74 309
918 650 131 74 Al
990 650 175 74 poxzo.

774 818 537 58 Schônleber
1235 818 281 58 Gustav.
1439 818 128 58 —
1490 818 153 58 N.
1567 818 153 58 il
1644 818 128 58 3
1669 818 256 58 Decembre

706 883 199 56 1851
830 883 124 56 a
880 883 348 56 Bietisheim
1154 883 447 56 (Wuirtemberg),
1526 883 149 56 v.
1601 883 124 56 a
1626 883 298 56 Karlsruhe.

757 948 174 47 Vedi
866 948 261 47 Comitato
1062 948 131 47 di
1106 948 283 47 Patrocinio.

756 1042 338 63 310
1026 1042 225 63 San
1183 1042 383 63 Fruttuoso
1498 1042 270 63 (Riviera
1701 1042 135 63 di
1768 1042 293 63 levante).
1971 1042 68 63 K

781 1242 465 72 Segantini
1176 1242 303 72 Giovanni.
1409 1242 116 72 —
1456 1242 140 72 N.
1525 1242 140 72 ad
1595 1242 256 72 Arco</>
1781 1242 140 72 il
1828 1242 93 72 15

703 1314 275 73 gennaio
903 1314 175 73 del
1003 1314 225 73 1858,
1153 1314 200 73 vive
1278 1314 125 73 a
1328 1314 325 73 Savognino
1577 1314 375 73 (Grigioni).
1852 1314 75 73 —

705 1379 153 63 La
782 1379 230 63 prima
935 1379 358 63 giovinezza
1217 1379 153 63 di
1293 1379 256 63 quest’
1472 1379 281 63 artista
1651 1379 281 63 originale

706 1451 160 57 fu
786 1451 187 57 ben
893 1451 240 57 detta
1053 1451 160 57 un
1133 1451 320 57 romanzo.
1372 1451 293 57 Rimasto
1586 1451 293 57 orfano,
1772 1451 160 57 andô

704 1522 131 63 a
756 1522 287 63 Milano,
965 1522 209 63 poi,
1096 1522 157 63 un
1174 1522 183 63 bel
1278 1522 287 63 giorno,
1487 1522 287 63 imprese
1696 1522 131 63 a
1722 1522 209 63 piedi,

704 1586 266 73 ancora
891 1586 426 73 adolescente,
1237 1586 160 73 un
1317 1586 293 73 viaggio
1530 1586 187 73 per
1637 1586 293 73 recarsi
1823 1586 107 73 in

711 1652 286 62 Francia
919 1652 130 62 a
971 1652 312 62 tentarvi
1205 1652 156 62 la
1283 1652 312 62 fortuna.
1517 1652 338 62 Estenuato
1751 1652 182 62 dalla

710 1723 226 54 fame,
860 1723 226 54 venne
1011 1723 301 54 raccolto
1236 1723 150 54 da
1311 1723 150 54 un
1387 1723 276 54 fattore
1587 1723 125 54 e
1612 1723 326 54 diventô....

709 1804 325 56 guardiano
959 1804 150 56 di
1034 1804 250 56 porci.
1209 1804 150 56 Un
1284 1804 275 56 profilo
1484 1804 275 56 porcino
1659 1804 275 56 disegnato

710 1859 178 56 sur
811 1859 153 56 un
888 1859 229 56 sasso
1041 1859 153 56 fu
1117 1859 153 56 il
1194 1859 229 56 primo
1347 1859 255 56 saggio
1525 1859 229 56 della
1678 1859 178 56 sua
1755 1859 178 56 voca-

710 1938 261 42 zione.
893 1938 287 42 Tornato
1102 1938 131 42 a
1154 1938 287 42 Milano,
1363 1938 339 42 frequentô
1598 1938 339 42 l’Accademia

709 1987 157 57 di
787 1987 261 57 Brera,
970 1987 157 57 ma
1048 1987 183 57 non
1153 1987 157 57 vi
1231 1987 261 57 rimase
1414 1987 131 57 a
1466 1987 261 57 lungo,
1649 1987 261 57 troppo
1805 1987 131 57 in-

716 2058 336 57 dipendente
980 2058 264 57 essendo
1172 2058 144 57 il
1244 2058 168 57 suo
1340 2058 288 57 spirito.
1555 2058 144 57 Il
1627 2058 216 57 primo
1747 2058 192 57 quadro

715 2122 168 57 che
811 2122 144 57 ne
883 2122 264 57 divulgô
1075 2122 144 57 il
1147 2122 192 57 nome
1267 2122 144 57 fu
1339 2122 144 57 il
1411 2122 120 57 «
1459 2122 264 57 Caro
1651 2122 144 57 di
1699 2122 240 57 San

717 2201 168 59 l’
813 2201 384 59 Antonio»
1125 2201 120 59 a
1173 2201 168 59 cui
1269 2201 312 59 seguirono
1508 2201 216 59 altre
1652 2201 216 59 opere
1772 2201 168 59 ammi-

722 2259 188 57 rate
839 2259 117 57 e
886 2259 282 57 discusse
1097 2259 164 57 per
1191 2259 141 57 la
1261 2259 235 57 novità
1426 2259 211 57 della
1566 2259 282 57 tecnica.
1778 2259 141 57 Il
1825 2259 117 57 Se-

718 2324 264 71 gantini
910 2324 144 71 ha
982 2324 240 71 tratto
1150 2324 216 71 larga
1294 2324 216 71 fonte
1438 2324 432 71 d’inspirazione
1774 2324 168 71 dalla

721 2410 318 42 montagna,
965 2410 220 42 dalla
1112 2410 196 42 vita
1234 2410 342 42 pastorale.
1503 2410 220 42 dalle
1650 2410 269 42 vicende
1821 2410 122 42 de-

719 2467 179 65 gli
822 2467 255 65 umili;
1000 2467 153 65 ma
1077 2467 204 65 nell
1204 2467 255 65 ultimo
1383 2467 281 65 periodo
1587 2467 153 65 la
1663 2467 179 65 sua
1765 2467 204 65 arte
1867 2467 77 65 e

721 2531 266 56 venuta
907 2531 346 56 assumendo
1173 2531 186 56 non
1280 2531 159 56 di
1359 2531 213 56 rado
1492 2531 346 56 carattère
1731 2531 213 56 simbo

1785 3056 200 62 Original
1919 3056 100 62 from

1621 3120 337 50 UNIVERSITY
1885 3120 144 50 OF
1934 3120 240 50 MICHIGAN
