2550 3299
1014 447 183 61 —
1088 447 256 61 127
1197 447 110 61 —

1713 452 155 47 SALA

494 543 253 48 appena
671 543 480 48 diciassettenne;
1075 543 177 48 poi
1176 543 328 48 soggiornô
1428 543 177 48 due
1529 543 202 48 anni
1630 543 101 48 in

500 603 242 57 Italia.
676 603 132 57 La
742 603 154 57 sua
829 603 110 57 «
873 603 329 57 Cacciata
1137 603 198 57 degli
1269 603 198 57 Ebrei
1401 603 198 57 dalla
1510 603 220 57 Spa

496 667 293 73 gna
726 667 104 73 »
768 667 104 73 é
810 667 146 73 uno
893 667 146 73 dei
977 667 209 73 quadri
1123 667 230 73 storici
1290 667 146 73 più
1374 667 251 73 notevoli
1562 667 125 73 di
1604 667 125 73 que-

493 730 170 74 sti
590 730 243 74 ultimi
736 730 194 74 tempi.

532 824 611 60 293
1013 824 873 60 Tramonto
1711 824 131 60 H

543 875 424 104 294
876 875 273 104 Da
1058 875 363 104 galeotto
1330 875 151 104 a
1391 875 515 104 marinaro
1815 875 151 104 H
1845 875 91 104 }

573 1107 352 58 Sanchez
849 1107 377 58 Barbudo
1151 1107 327 58 Salvador.
1402 1107 126 58 —
1453 1107 151 58 N.
1528 1107 126 58 a
1553 1107 176 58 Xeres

491 1170 165 66 de
573 1170 165 66 la
656 1170 330 66 Frontera
903 1170 193 66 nel
1013 1170 248 66 1858,
1178 1170 220 66 vive
1316 1170 138 66 a
1371 1170 248 66 Roma.
1536 1170 220 66 Fece
1646 1170 83 66 i

496 1258 222 58 primi
644 1258 222 58 studi
792 1258 123 58 a
842 1258 296 58 Siviglia
1064 1258 173 58 col
1163 1258 321 58 Villegas,
1409 1258 197 58 poi,
1508 1258 222 58 essendo

492 1307 231 57 stato
647 1307 308 57 chiamato
878 1307 231 57 sotto
1032 1307 154 57 le
1109 1307 231 57 armi,
1263 1307 154 57 fu
1340 1307 283 57 addetto
1546 1307 154 57 al
1597 1307 129 57 Mi-

495 1378 271 74 nistero
693 1378 222 74 della
840 1378 247 74 guerra
1013 1378 123 74 a
1062 1378 271 74 Madrid,
1260 1378 123 74 e
1309 1378 222 74 negli
1432 1378 296 74 intervalli

496 1455 148 53 di
570 1455 221 53 tempo
718 1455 172 53 che
816 1455 148 53 il
890 1455 295 53 servizio
1111 1455 172 53 gli
1210 1455 295 53 lasciava
1431 1455 271 53 liberi,
1603 1455 123 53 di-

493 1524 237 76 pinse
651 1524 158 76 il
730 1524 184 76 suo
835 1524 237 76 primo
993 1524 290 76 quadro.
1204 1524 369 76 Pensionato
1494 1524 184 76 dal
1573 1524 158 76 mar-

493 1579 231 57 chese
648 1579 154 57 di
725 1579 360 57 Castrillo,
1007 1579 154 57 si
1084 1579 206 57 recô
1213 1579 129 57 a
1264 1579 283 57 Londra,
1470 1579 206 57 dove
1573 1579 154 57 ese-

496 1659 156 57 gui
585 1659 134 57 l’
652 1659 402 57 Amleto
987 1659 224 57 quadro
1144 1659 134 57 di
1211 1659 224 57 grandi
1367 1659 335 57 dimensioni,
1613 1659 112 57 che

493 1714 132 57 é
545 1714 185 57 ora
651 1714 185 57 nel
757 1714 238 57 Museo
915 1714 159 57 di
968 1714 344 57 Barcellona.

556 1802 168 74 295
758 1802 185 74 Lago
875 1802 269 74 Piedilugo

560 1874 217 74 296
733 1874 130 74 Un
805 1874 217 74 filosofo

554 1939 258 56 297
756 1939 111 56 La
793 1939 369 56 convalescente

575 2155 433 58 Sanctis
936 2155 192 58 (de)
1056 2155 313 58 Giuseppe.
1296 2155 120 58 —
1344 2155 144 58 N.
1416 2155 144 58 il
1489 2155 144 58 21
1537 2155 192 58 giugno

501 2219 200 57 1858
626 2219 125 57 a
676 2219 275 57 Napoli,
876 2219 275 57 allievo
1076 2219 150 57 di
1150 2219 300 57 Domenico
1375 2219 300 57 Morelli.
1575 2219 150 57 Fan-

495 2290 217 57 tasia
640 2290 290 57 fervida,
857 2290 241 57 tratta
1026 2290 362 57 felicemente
1316 2290 290 57 soggetti
1509 2290 217 57 moderni

494 2339 126 73 e
544 2339 302 73 soggetti
770 2339 352 73 orientali.
1047 2339 126 73 É
1097 2339 352 73 ammiratore
1374 2339 352 73 entusiasta
1625 2339 101 73 di

495 2417 301 61 Venezia,
721 2417 226 61 dalla
871 2417 226 61 quale
1022 2417 151 61 ha
1097 2417 276 61 attinto
1298 2417 326 61 frequenti
1523 2417 201 61 motivi

469 2490 417 72 d’inspirazione.

537 2582 476 56 298
918 2582 539 56 Procuratie
1362 2582 508 56 vecchie
1743 2582 95 56 G

491 3060 396 120 Google

1784 3050 201 74 Original
1918 3050 101 74 from

1621 3122 337 49 UNIVERSITY
1886 3122 145 49 OF
1934 3122 241 49 MICHIGAN
