2550 3299
1740 385 168 66 SAILA

1148 410 234 60 143
1248 410 100 60 —

544 492 240 55 t’anni
712 492 432 55 nell’Accademia
1072 492 144 55 di
1144 492 216 55 Belle
1288 492 192 55 Arti
1408 492 144 55 di
1456 492 312 55 Dusseldorf.

539 563 196 64 Nel
651 563 224 64 1883
791 563 168 64 un
875 563 252 64 vasto
1043 563 280 64 quadro
1238 563 504 64 rappresentante
1630 563 140 64 una

537 627 247 74 scena
701 627 247 74 della
866 627 220 74 vita
1003 627 165 74 di
1086 627 302 74 Lutero,
1305 627 275 74 quadro
1497 627 192 74 che
1607 627 137 74 é
1635 627 137 74 ora

542 690 216 58 nella
686 690 336 58 pinacoteca
950 690 144 58 di
1022 690 288 58 Amburgo,
1238 690 288 58 attirava
1454 690 144 58 l’
1502 690 264 58 attenzio-

538 755 168 73 ne
622 755 336 73 pubblica
874 755 196 73 sul
986 755 224 73 nome
1126 755 196 73 del
1238 755 280 73 Vogel.
1434 755 308 73 Dipinse
1630 755 140 73 poi

540 827 217 73 altre
685 827 193 73 tele
805 827 145 73 di
878 827 314 73 carattere
1119 827 289 73 storico,
1336 827 145 73 le
1408 827 217 73 quali
1553 827 241 73 ornano
1698 827 72 73 i

540 892 350 70 principali
815 892 225 70 Musei
965 892 325 70 artistici
1216 892 225 70 della
1366 892 325 70 Germania,
1616 892 125 70 e
1641 892 125 70 pa-

539 958 262 77 recchi
722 958 367 77 affreschi,
1010 958 210 77 come
1141 958 262 77 quelli
1325 958 183 77 del
1429 958 341 77 municipio
1665 958 105 77 di

543 1028 300 56 Berlino.
768 1028 225 56 Anche
918 1028 150 56 il
993 1028 300 56 ritratto
1218 1028 125 56 e
1268 1028 150 56 il
1343 1028 250 56 quadro
1518 1028 150 56 di
1568 1028 200 56 genere

537 1099 201 64 sono
663 1099 151 64 da
738 1099 176 64 lui
838 1099 302 64 trattati
1065 1099 176 64 con
1165 1099 201 64 rara
1291 1099 327 64 maestria.
1542 1099 176 64 Dal
1617 1099 151 64 1893

541 1163 272 55 insegna
739 1163 223 55 nell’
888 1163 322 55 Accademia
1110 1163 297 55 berlinese.

598 1258 292 57 358
831 1258 272 57 Giovane
1045 1258 175 57 prete
1162 1258 136 57 che
1240 1258 214 57 traccia
1395 1258 117 57 il
1454 1258 175 57 piano
1551 1258 214 57 d’una

832 1323 199 65 chiesa

599 1395 165 73 359
781 1395 198 73 Messa
930 1395 99 73 di
963 1395 298 73 suffragio

614 1531 401 56 Watts
940 1531 250 56 George
1115 1531 326 56 Frederic.
1365 1531 125 56 —
1415 1531 150 56 N.
1491 1531 175 56 nel
1591 1531 200 56 1818
1691 1531 75 56 a

540 1594 264 59 Londra.
732 1594 432 59 Diciassettenne
1092 1594 264 59 ancor.,
1284 1594 240 59 espose
1452 1594 168 59 per
1548 1594 144 59 la
1596 1594 168 59 prima

540 1666 223 56 volta;
696 1666 201 56 oggi,
830 1666 112 56 a
875 1666 380 56 settantasette
1187 1666 201 56 anni,
1321 1666 268 56 continua
1522 1666 112 56 a
1545 1666 223 56 lavorare

537 1731 162 56 cen
629 1731 254 56 intatta
814 1731 277 56 vigoria.
1022 1731 185 56 Egli
1137 1731 139 56 ha
1207 1731 300 56 riassunto
1438 1731 115 56 i
1484 1731 185 56 suoi
1576 1731 185 56 inten-

538 1803 233 54 dimenti
707 1803 276 54 artistici
920 1803 127 54 in
983 1803 212 54 questa
1132 1803 212 54 frase:
1280 1803 191 54 Io
1407 1803 276 54 dipingo
1598 1803 170 54 le

543 1867 305 72 idee
791 1867 191 72 non
925 1867 114 72 le
982 1867 248 72 cose:
1173 1867 114 72 da
1230 1867 134 72 ciô
1306 1867 114 72 la
1363 1867 134 72 sua
1440 1867 305 72 predilezione
1669 1867 95 72 pel

536 1932 204 55 mito
664 1932 128 55 e
715 1932 179 55 pel
817 1932 306 55 simbolo.
1047 1932 153 55 La
1123 1932 357 55 produzione
1404 1932 153 55 di
1480 1932 153 55 G.
1557 1932 128 55 F
1582 1932 179 55 Watts

534 1994 125 65 é
584 1994 400 65 ricchissima;
909 1994 200 65 egli
1034 1994 275 65 dipinse
1233 1994 225 65 molti
1383 1994 325 65 affreschi
1633 1994 125 65 e
1658 1994 100 65 un

534 2066 273 56 numero
725 2066 327 56 cospicuo
970 2066 164 56 di
1052 2066 273 56 quadri
1242 2066 164 56 d’
1324 2066 354 56 argomento
1569 2066 191 56 clas-

533 2123 209 72 sico
664 2123 131 72 e
716 2123 366 72 religioso.
1004 2123 131 72 E
1056 2123 418 72 valentissimo
1396 2123 235 72 anche
1553 2123 183 72 nel
1631 2123 131 72 ri-

535 2204 287 55 tratto.
743 2204 156 55 G.
822 2204 130 55 F
874 2204 261 55 Watts,
1056 2204 156 55 se
1134 2204 156 55 da
1213 2204 182 55 una
1317 2204 235 55 parte
1473 2204 156 55 si
1525 2204 235 55 collega

534 2281 144 59 al
606 2281 361 59 classicismo
895 2281 409 59 tradizionale,
1231 2281 216 59 dall’
1375 2281 216 59 altra
1520 2281 144 59 ha
1568 2281 192 59 prean-

535 2339 307 56 nunciato
766 2339 128 56 i
817 2339 332 56 novissimi
1072 2339 358 56 avviamenti
1354 2339 230 56 dell’
1507 2339 230 56 arte.
1635 2339 128 56 Fra

533 2403 164 56 le
615 2403 246 56 opere
779 2403 191 56 che
888 2403 273 56 meglio
1079 2403 437 56 raccomandano
1434 2403 164 56 la
1516 2403 191 56 sua
1598 2403 164 56 fama

533 2483 277 46 citiamo
734 2483 126 46 «
784 2483 302 46 Orfeo
1011 2483 151 46 ed
1086 2483 352 46 Euridice»,
1363 2483 176 46 «La
1463 2483 327 46 morte
1690 2483 75 46 e

534 2531 201 65 l
659 2531 226 65 amore
810 2531 151 65 ».
885 2531 125 65 «
935 2531 226 65 Amore
1086 2531 125 65 e
1136 2531 251 65 vita»,
1312 2531 176 65 «Il
1387 2531 376 65 Guerriero

1787 3054 198 69 Original
1918 3054 99 69 from

1622 3117 337 54 UNIVERSITY
1886 3117 144 54 OF
1935 3117 240 54 MICHIGAN
