2550 3299
1701 436 186 47 SALA

1052 423 163 77 —
1118 423 195 77 97
1183 423 130 77 ——

589 524 356 68 Gude
874 524 214 68 Hans.
1016 524 119 68 —
1064 524 142 68 N.
1135 524 119 68 a
1183 524 356 68 Christiania
1467 524 142 68 il
1538 524 142 68 13
1586 524 166 68 Marzo

517 586 227 58 1825.
668 586 202 58 vive
794 586 126 58 a
844 586 302 58 Berlino.
1071 586 151 58 Fu
1147 586 126 58 a
1197 586 353 58 Düsseldorf
1474 586 176 58 nel
1575 586 202 58 1841
1675 586 76 58 e

507 661 159 63 vi
586 661 211 63 ebbe
718 661 132 63 a
771 661 291 63 maestro
982 661 159 63 l’
1062 661 370 63 Achenbach.
1352 661 159 63 Il
1432 661 264 63 genere
1590 661 159 63 pre-

508 725 244 70 ferito
678 725 146 70 da
751 725 244 70 quest’
922 725 268 70 artista
1117 725 122 70 é
1166 725 146 70 il
1239 725 341 70 paesaggio,
1507 725 171 70 nel
1580 725 171 70 quale

501 787 153 74 si
577 787 255 74 studia
755 787 153 74 di
832 787 280 74 rendere
1036 787 178 74 gli
1138 787 280 74 aspetti
1341 787 178 74 più
1418 787 331 74 pittoreschi

505 857 233 59 della
661 857 259 59 nativa
842 857 337 59 Norvegia,
1102 857 259 59 benché
1283 857 233 59 abbia
1439 857 233 59 preso
1568 857 182 59 ormai

498 922 267 58 dimora
685 922 320 58 abituale
925 922 160 58 in
979 922 293 58 Germania.

570 1003 391 75 132
877 1003 419 75 Tramonto
1213 1003 251 75 sulle
1380 1003 251 75 coste
1548 1003 503 75 norveges.
1967 1003 140 75 I

588 1185 411 67 Haanen
926 1185 218 67 Cecil
1072 1185 194 67 van.
1193 1185 121 67 —
1241 1185 145 67 N.
1314 1185 121 67 a
1362 1185 242 67 Vienna
1531 1185 145 67 il
1604 1185 121 67 3
1628 1185 121 67 no-

499 1258 413 74 vembre:844,
830 1258 220 74 vive
968 1258 138 74 a
995 1258 276 74 Venezia.

604 1322 132 67 V.
670 1322 263 67 Comitato
867 1322 132 67 di
911 1322 285 67 patrocinio.

573 1407 293 85 138
783 1407 377 85 Lavandaie

585 1579 441 72 Hartmann
956 1579 209 72 Carl.
1095 1579 116 72 —
1142 1579 255 72 Pittore
1327 1579 255 72 tedesco
1490 1579 255 72 giovanis-

495 1641 241 59 simo.
656 1641 161 59 n.
736 1641 161 59 ad
816 1641 375 59 Heilbronn,
1111 1641 214 59 vive
1244 1641 134 59 a
1271 1641 241 59 Monaco.

547 1737 554 60 134
983 1737 356 60 Il
1221 1737 673 60 desinare
1735 1737 119 60 K

575 1888 445 61 Herkomer
949 1888 258 61 Hubert,
1137 1888 141 61 R.
1207 1888 141 61 A.
1277 1888 117 61 —
1324 1888 141 61 N.
1395 1888 141 61 il
1465 1888 187 61 1849
1582 1888 117 61 a
1605 1888 141 61 Waal

494 1962 372 67 (Baviera);
787 1962 213 67 vive
919 1962 133 67 a
973 1962 292 67 Bushey.
1185 1962 266 67 Questo
1371 1962 292 67 celebre
1557 1962 186 67 arti-

492 2035 169 59 sta
588 2035 121 59 é
637 2035 241 59 figlio
805 2035 145 59 di
878 2035 145 59 un
950 2035 241 59 povero
1119 2035 265 59 operaio
1312 2035 314 59 bavarese,
1553 2035 145 59 il
1601 2035 145 59 qua-

492 2090 187 75 le,
599 2090 267 75 avendo
786 2090 320 75 emigrato
1025 2090 400 75 inutilmente
1345 2090 160 75 in
1425 2090 293 75 America
1612 2090 133 75 per

491 2161 295 60 tentarvi
713 2161 295 60 fortuna,
935 2161 148 60 al
1008 2161 172 60 suo
1107 2161 271 60 ritorno
1304 2161 148 60 in
1378 2161 246 60 Europa
1550 2161 148 60 si
1599 2161 148 60 sta-

499 2226 188 65 bili
616 2226 141 65 in
686 2226 376 65 Inghilterra.
992 2226 282 65 Cominciô
1203 2226 117 65 a
1250 2226 329 65 segnalarsi
1508 2226 164 65 nel
1579 2226 164 65 1873,

487 2297 218 55 all’
623 2297 354 55 Accademia
896 2297 245 55 Reale
1059 2297 164 55 di
1141 2297 300 55 Londra.
1359 2297 191 55 Nel
1468 2297 245 55 1878,
1605 2297 136 55 al-

496 2362 139 74 l’
565 2362 348 74 Esposizione
843 2362 324 74 universale
1098 2362 139 74 di
1168 2362 255 74 Parigi,
1353 2362 255 74 ottenne
1538 2362 139 74 la
1585 2362 162 74 gran-

494 2427 134 57 de
561 2427 268 57 medaglia
762 2427 134 57 d’
829 2427 156 57 oro
918 2427 156 57 col
1007 2427 246 57 quadro:
1186 2427 424 57 «L’ultima
1521 2427 223 57 ras

491 2498 334 57 segna
763 2498 125 57 »,
825 2498 167 57 dove
930 2498 146 57 gli
1014 2498 251 57 invalidi
1202 2498 188 57 dell’
1327 2498 230 57 ospizio
1494 2498 251 57 militare
1661 2498 84 57 di

492 2562 255 50 Chelsea
677 2562 325 50 assistono,
932 2562 301 50 allineati
1164 2562 162 50 sui
1257 2562 186 50 loro
1373 2562 255 50 banchi,
1535 2562 209 50 all’uf

1637 2671 123 61 7

491 3060 396 119 Google

1785 3048 200 76 Original
1919 3048 100 76 from

1621 3106 346 66 <UNIVERSITY
1898 3106 139 66 OF
1944 3106 231 66 MICHIGAN
