2550 3299
1856 398 245 64 SALA

696 490 313 57 morente
942 490 134 57 »,
1009 490 112 57 «
1054 490 224 57 Riva
1211 490 134 57 di
1278 490 313 57 Trento»
1524 490 112 57 e
1569 490 224 57 «Sulle
1703 490 224 57 rive

697 554 245 58 dell’
881 554 205 58 Adige»
1024 554 266 58 (Venezia,
1228 554 205 58 1887),
1372 554 102 58 «
1413 554 286 58 Vigilia
1638 554 184 58 della
1740 554 184 58 sa

695 619 275 72 gra
911 619 98 72 »
950 619 235 72 (Milano,
1107 619 157 72 1894).

782 714 192 74 25
930 714 163 74 Alto
1034 714 177 74 Adige

778 785 228 75 26
954 785 228 75 Giorno
1130 785 105 75 di
1165 785 211 75 magro

774 938 416 59 Bianchi
1120 938 208 59 Mosé.
1259 938 116 59 —
1305 938 139 59 N.
1375 938 116 59 a
1421 938 231 59 Monza,
1582 938 185 59 vive
1698 938 116 59 a
1721 938 208 59 Milano.

694 994 123 64 E
744 994 173 64 tra
842 994 173 64 gl’
941 994 345 64 iniziatori
1212 994 222 64 della
1361 994 271 64 moderna
1558 994 247 64 scuola
1706 994 222 64 lombar-

691 1067 185 61 da,
796 1067 132 61 e
849 1067 238 61 anche
1007 1067 158 61 in
1086 1067 343 61 vecchiaia
1350 1067 317 61 conserva
1562 1067 369 61 l’entusiasmo

693 1138 121 57 e
741 1138 364 57 l’operosità
1032 1138 218 57 della
1178 1138 364 57 giovinezza.
1468 1138 194 57 Tipo
1590 1138 267 57 amabile
1784 1138 121 57 e
1808 1138 121 57 ca-

694 1202 380 59 ratteristico
1003 1202 237 59 d’uomo
1169 1202 119 59 e
1216 1202 332 59 d’artista,
1477 1202 119 59 e
1525 1202 332 59 circondato
1762 1202 166 59 dalla

696 1275 313 57 rispettosa
942 1275 268 57 simpatia
1143 1275 156 57 dei
1232 1275 268 57 giovani.
1433 1275 134 57 La
1500 1275 156 57 sua
1567 1275 358 57 «Monaca

694 1338 195 57 di
824 1338 303 57 Monza»
1062 1338 130 57 fu
1127 1338 195 57 forse
1257 1338 130 57 la
1322 1338 195 57 prima
1452 1338 195 57 opera
1582 1338 152 57 che
1668 1338 152 57 gli
1733 1338 195 57 procac-

694 1403 233 58 ciasse
857 1403 210 58 larga
997 1403 210 58 fama.
1137 1403 186 58 Egli
1253 1403 117 58 é
1300 1403 256 58 passato
1486 1403 163 58 con
1579 1403 256 58 agilità
1743 1403 186 58 grande

690 1474 173 66 dal
789 1474 247 66 quadro
962 1474 272 66 storico
1160 1474 148 66 al
1234 1474 247 66 quadro
1408 1474 148 66 di
1482 1474 272 66 genere,
1680 1474 148 66 al
1729 1474 198 66 paese,

694 1552 140 59 al
764 1552 304 59 ritratto.
997 1552 444 59 All’Esposizione
1371 1552 304 59 veneziana
1604 1552 163 59 del
1698 1552 187 59 1887
1791 1552 140 59 pre-

694 1603 214 73 sentô
837 1603 237 73 cinque
1003 1603 190 73 tele
1122 1603 119 73 «
1169 1603 404 73 Mascherata
1478 1603 451 73 chioggiotta»,

700 1666 300 66 «Laguna
918 1666 164 66 in
1000 1666 328 66 burrasca
1246 1666 164 66 »,
1328 1666 136 66 «
1382 1666 273 66 Parola
1573 1666 164 66 di
1628 1666 300 66 Dio».

700 1738 123 56 «
750 1738 369 56 Vaporino
1044 1738 147 56 di
1118 1738 393 56 Chioggia
1438 1738 147 56 »,
1511 1738 172 56 che
1610 1738 319 56 mettevano
1831 1738 98 56 in

692 1819 214 58 piena
835 1819 190 58 luce
954 1819 238 58 alcuni
1121 1819 167 58 fra
1216 1819 119 58 i
1263 1819 190 58 lati
1383 1819 167 58 più
1478 1819 262 58 geniali
1668 1819 119 58 e
1716 1819 167 58 più
1787 1819 143 58 fre-

692 1876 195 57 schi
813 1876 219 57 della
960 1876 171 57 sua
1057 1876 341 57 produzione
1301 1876 292 57 pittorica.

780 1962 222 74 27
951 1962 256 74 Partenza
1156 1962 120 74 pel
1207 1962 222 74 duello

784 2034 186 75 28
912 2034 272 75 Alpigiana

773 2185 400 75 Bilbao
1103 2185 283 75 Gonzalo.
1315 2185 118 75 —
1362 2185 141 75 N.
1433 2185 165 75 nel
1527 2185 188 75 1861
1645 2185 118 75 a
1668 2185 259 75 Siviglia,

691 2251 177 72 ove
792 2251 278 72 dimora.
994 2251 303 72 Compiuti
1221 2251 253 72 appena
1398 2251 177 72 gli
1499 2251 227 72 studi
1650 2251 152 72 in
1701 2251 227 72 patria,

692 2322 222 65 venne
841 2322 148 65 in
915 2322 247 65 Italia
1088 2322 272 65 (1881),
1285 2322 173 65 ove
1384 2322 222 65 restô
1533 2322 222 65 circa
1681 2322 173 65 tre
1755 2322 173 65 anni,

689 2387 361 62 dipingendo
973 2387 232 62 sotto
1128 2387 155 62 la
1205 2387 232 62 guida
1360 2387 181 62 del
1463 2387 335 62 Villegas.
1721 2387 232 62 Passô
1850 2387 77 62 a

691 2461 230 54 Roma
835 2461 172 54 la
921 2461 316 54 maggior
1150 2461 258 54 parte
1323 2461 172 54 di
1409 2461 287 54 questo
1609 2461 287 54 tempo,
1782 2461 143 54 non

688 2523 330 58 mancando
936 2523 220 58 perô
1074 2523 165 58 di
1156 2523 330 58 visitare
1404 2523 330 58 Firenze,
1652 2523 303 58 Venezia
1844 2523 83 58 e

1785 3049 199 75 Original
1918 3049 100 75 from

1621 3111 346 59 <UNIVERSITY
1898 3111 139 59 OF
1944 3111 231 59 MICHIGAN
