2550 3299
1012 380 336 113 —
1146 380 471 113 115
1415 380 336 113 —
1483 380 404 113 SALA

600 524 414 71 Morelli
945 524 299 71 Domenico.
1175 524 115 71 —
1220 524 138 71 N.
1289 524 115 71 a
1335 524 230 71 Napoli
1496 524 207 71 nell’
1611 524 138 71 ago-

516 594 177 58 sto
617 594 177 58 del
693 594 177 58 1826.

575 658 132 48 V.
641 658 263 48 Comitato
838 658 132 48 di
882 658 285 48 Patrocinio.

574 739 296 57 227
806 739 317 57 Evangelo
1059 739 127 57 di
1123 739 127 57 S.
1186 739 274 57 Marco
1397 739 106 57 —
1439 739 169 57 Cap.
1545 739 127 57 l.
1608 739 148 57 13:
1672 739 84 57 «E

803 811 198 73 Ju
935 811 198 73 quivi
1068 811 154 73 nel
1156 811 243 73 deserto
1332 811 265 73 quaranta
1508 811 243 73 gior

818 891 212 41 ni,
966 891 233 41 tentato
1135 891 127 41 da
1199 891 275 41 Satana;
1410 891 106 41 e
1453 891 190 41 stava
1559 891 190 41 con

814 947 186 58 le
939 947 228 58 ifiere,
1104 947 104 58 e
1146 947 145 58 gli
1228 947 207 58 angeli
1373 947 145 58 gli
1435 947 311 58 ministra

769 1008 1158 68 vano».
1655 1008 204 68 G

572 1082 332 74 223
838 1082 332 74 Ritratto
1104 1082 155 74 del
1192 1082 199 74 Prof.
1325 1082 244 74 Achille
1502 1082 377 74 Carrillo
1791 1082 66 74 G

573 1144 357 59 229
859 1144 357 59 Ritratto
1145 1144 167 59 del
1240 1144 190 59 Sig.
1359 1144 238 59 Andrea
1526 1144 357 59 Berner
1788 1144 71 59 G

595 1331 435 57 Munthe
954 1331 307 57 Gerhard.
1185 1331 128 57 —
1236 1331 154 57 N.
1313 1331 128 57 a
1364 1331 384 57 Skanshagen,
1646 1331 102 57 in

513 1395 342 74 Norvegia,
776 1395 158 74 il
855 1395 158 74 17
934 1395 263 74 Luglio
1118 1395 237 74 1849,
1276 1395 210 74 vive
1407 1395 132 74 a
1433 1395 316 74 Sandviken,

511 1467 246 65 presso
659 1467 344 65 Christiania.

701 1562 401 56 Fantasie
1022 1562 134 56 e
1075 1562 321 56 leggende
1316 1562 374 56 norvegesi:
1609 1562 134 56 —
1636 1562 107 56 12

784 1627 324 69 acquarelli:

722 1702 237 46 230
908 1702 186 46 Cosi
1044 1702 85 46 s
1077 1702 186 46 accende
1213 1702 118 46 nei
1280 1702 152 46 cuori
1382 1702 102 46 l’
1416 1702 186 46 amore

723 1754 138 65 231
831 1754 108 65 Mele
900 1754 108 65 nere

721 1826 196 74 232
875 1826 210 74 Angoscie
1044 1826 84 74 di
1072 1826 224 74 fanciull.

729 1890 181 58 233
871 1890 181 58 Traccie
1014 1890 78 58 di
1040 1890 155 58 donne

717 1962 198 74 234
873 1962 128 74 Il
958 1962 184 74 fanciullo
1099 1962 71 74 e
1128 1962 71 74 l
1142 1962 184 74 angelo

716 2026 199 73 235
872 2026 142 73 Nel
971 2026 114 73 coyo
1043 2026 99 73 dei
1085 2026 199 73 gigant.

714 2090 197 65 236
869 2090 127 65 Il
953 2090 155 65 cavallo
1066 2090 113 65 dell
1122 2090 197 65 inferno

713 2162 254 59 237
913 2162 163 59 Le
1022 2162 182 59 figlie
1149 2162 145 59 dell
1240 2162 182 59 Aurora
1367 2162 200 59 boreale
1512 2162 91 59 e
1548 2162 91 59 i
1566 2162 182 59 loro

800 2227 240 73 galant.

714 2299 299 66 238<i>La
966 2299 142 66 porta
1060 2299 142 66 della
1139 2299 283 66 principessa

726 2363 246 74 239<i>Tre
923 2363 221 74 principesse

720 2435 237 64 240<i>La
906 2435 187 64 matrigna

714 2499 343 56 241<i>La
1003 2499 235 56 contadina
1183 2499 162 56 balla
1292 2499 235 56 cantando,
1472 2499 162 56 canta
1562 2499 181 56 bal

811 2563 262 58 lando
1008 2563 240 58 davanti
1182 2563 131 58 al
1248 2563 131 58 re
1313 2563 153 58 suo
1378 2563 284 58 amante

437 3059 239 120 ized
587 3059 180 120 by
647 3059 239 120 Google

1785 3046 199 75 Original
1918 3046 100 75 from

1622 3123 335 48 UNIVERSITY
1886 3123 144 48 OF
1933 3123 240 48 MICHIGAN
