2550 3299
1647 435 186 49 SALA

985 427 179 72 —
1057 427 250 72 163
1164 427 107 72 —

468 523 200 57 forte
601 523 334 57 concezione,
868 523 111 57 e
913 523 133 57 il
979 523 111 57 «
1024 523 289 57 Giulio
1246 523 222 57 Cesare
1402 523 156 57 che
1469 523 222 57 cade

465 588 272 56 sotto
669 588 136 56 il
737 588 249 56 pugnale
919 588 159 56 dei
1010 588 454 56 congiurati»
1395 588 159 56 Una
1463 588 227 56 graziosa

463 669 358 56 attrattiva
745 669 205 56 dell
873 669 384 56 Esposizione
1180 669 153 56 di
1256 669 281 56 Venezia
1461 669 179 56 del
1538 669 153 56 1887

466 723 157 57 era
555 723 134 57 il
622 723 224 57 gruppo
779 723 112 57 «
824 723 313 57 Ragazzi
1070 723 201 57 messi
1204 723 134 57 in
1271 723 268 57 fila
1472 723 134 57 »,
1517 723 179 57 inspi-

469 811 175 40 rato
579 811 153 40 dal
666 811 351 40 Cuore
951 811 132 40 di
1017 811 132 40 E.
1083 811 132 40 De
1149 811 241 40 Amicis,
1324 811 132 40 il
1390 811 197 40 quale
1500 811 197 40 scrisse

470 858 134 74 al
537 858 313 74 penetrante
783 858 246 74 artista
962 858 157 74 che
1052 858 179 74 quei
1164 858 179 74 tipi
1276 858 202 74 erano
1388 858 313 74 «tal

466 942 250 54 quali
648 942 136 54 li
716 942 205 54 aveva
853 942 318 54 immaginati
1103 942 114 54 e
1148 942 250 54 veduti,
1307 942 387 54 meraviglio

468 994 440 64 samente
839 994 463 64 ncredibilmente
1233 994 185 64 veri
1348 994 139 64 ».
1418 994 139 64 Lo
1464 994 232 64 Ximenes,

463 1059 161 57 ha
544 1059 242 57 vinto
705 1059 161 57 il
785 1059 322 57 concorso
1027 1059 188 57 pel
1134 1059 349 57 monumento
1403 1059 134 57 a
1430 1059 268 57 Giuseppe

468 1131 319 57 Garibaldi
714 1131 172 57 che
812 1131 196 57 sarà
934 1131 172 57 tra
1032 1131 221 57 breve
1179 1131 343 57 inaugurato
1449 1131 123 57 a
1473 1131 221 57 Milano.

508 1222 559 61 439
955 1222 335 61 La
1179 1222 671 61 Rinascita
1700 1222 112 61 E

508 1293 507 55 440
906 1293 434 55 Busto
1232 1293 217 55 di
1340 1293 507 55 donna
1702 1293 109 55 E

375 3080 213 67 Digitized
522 3080 66 67 by

1787 3056 198 67 Original
1918 3056 99 67 from

1621 3122 337 47 UNIVERSITY
1885 3122 144 47 OF
1934 3122 240 47 MICHIGAN
