2550 3299
1893 392 185 52 SALA

1242 386 185 74 —
1316 386 222 74 96
1390 386 111 74 —

702 483 517 55 dell’esecuzione.
1141 483 155 55 Il
1219 483 207 55 Gola
1348 483 155 55 ha
1425 483 310 55 studiato
1658 483 181 55 con
1735 483 207 55 grande

699 546 235 59 amore
855 546 156 59 il
934 546 339 59 paesaggio
1168 546 313 59 brianzuolo

771 642 286 57 127
1000 642 229 57 Lungo
1172 642 115 57 il
1229 642 191 57 Canale
1363 642 95 57 a
1382 642 248 57 Milano

770 715 273 73 128
988 715 291 73 Paesaggio
1225 715 109 73 in
1261 715 255 73 Brianza

779 886 412 54 Grosso
1118 886 291 54 Giacomo.
1336 886 121 54 —
1385 886 145 54 N.
1457 886 121 54 a
1506 886 291 54 Cambiano
1700 886 242 54 (Piemon-

591 946 189 59 te)
699 946 189 59 nel
807 946 243 59 1860,
969 946 216 59 vive
1104 946 135 59 a
1158 946 297 59 Torino.
1375 946 162 59 Fu
1456 946 297 59 allievo
1672 946 243 59 dell’
1807 946 135 59 Ac-

697 1013 285 70 cademia
904 1013 336 70 Albertina
1163 1013 207 70 fino
1292 1013 155 70 al
1370 1013 233 70 1884,
1525 1013 129 70 e
1577 1013 181 70 dal
1680 1013 207 70 1889
1810 1013 155 70 vi
1861 1013 78 70 é

669 1083 388 73 «professore
980 1083 155 73 di
1058 1083 311 73 disegno.
1291 1083 129 73 A
1342 1083 259 73 Torino
1524 1083 181 73 nel
1627 1083 207 73 1884
1731 1083 207 73 espose

698 1154 198 51 otto
822 1154 272 51 quadri,
1020 1154 173 51 fra
1119 1154 124 51 i
1169 1154 223 51 quali
1317 1154 149 51 fu
1391 1154 396 51 specialmente
1713 1154 248 51 notato
1862 1154 74 51 e

601 1219 124 57 1
651 1219 297 57 ammirato
874 1219 124 57 :
923 1219 124 57 «
973 1219 223 57 La
1121 1219 223 57 cella
1270 1219 223 57 delle
1418 1219 272 57 pazze
1616 1219 149 57 ».
1690 1219 124 57 A
1715 1219 223 57 Venezia

698 1295 177 46 nel
799 1295 202 46 1887
925 1295 228 46 mandô
1077 1295 253 46 «L’
1254 1295 278 46 inverno
1456 1295 126 46 a
1507 1295 405 46 Torino».
1811 1295 126 46 Una

695 1355 228 56 delle
847 1355 228 56 opere
999 1355 177 56 più
1100 1355 329 56 attraenti
1353 1355 228 56 della
1505 1355 253 56 Mostra
1683 1355 152 56 di
1733 1355 203 56 Milano

547 1419 149 55 e.
622 1419 223 55 1894)
770 1419 173 55 era
869 1419 149 55 il
943 1419 173 55 suo
1043 1419 396 55 «Ritratto
1364 1419 149 55 d’
1439 1419 173 55 una
1538 1419 396 55 Signora»
1835 1419 99 55 in

565 1488 321 93 grigio.

767 1579 264 73 129
979 1579 159 73 Il
1084 1579 194 73 supremo
1208 1579 264 73 convegno

674 1643 262 71 130
880 1643 168 71 La
974 1643 224 71 femme

778 1817 311 63 Grubicy
1022 1817 133 63 De
1089 1817 311 63 Dragon
1333 1817 266 63 Vittore.
1532 1817 111 63 —
1577 1817 266 63 Pittore,
1754 1817 178 63 acqua-

697 1890 316 58 fortista,
940 1890 291 58 critico,
1158 1890 146 58 n.
1231 1890 121 58 a
1279 1890 267 58 Milano,
1474 1890 194 58 dove
1595 1890 219 58 vive.
1716 1890 219 58 Viaggiô

695 1955 369 57 lungamente
984 1955 211 57 all’
1116 1955 290 57 estero,
1326 1955 237 57 sopra
1484 1955 237 57 tutto
1642 1955 158 57 in
1695 1955 237 57 Olanda.

694 2020 316 63 Scrittore
937 2020 389 63 battagliero,
1253 2020 170 63 sta
1350 2020 243 63 sempre
1520 2020 194 63 all’
1617 2020 316 63 avanguardia

691 2090 174 57 del
791 2090 323 57 movimento
1039 2090 348 57 artistico.
1313 2090 199 57 Oggi
1437 2090 124 57 é
1487 2090 348 57 accalorato
1736 2090 199 57 difen-

690 2163 195 56 sore
812 2163 171 56 del
909 2163 219 56 nuovo
1055 2163 317 56 idealismo
1299 2163 122 56 e
1348 2163 219 56 della
1494 2163 268 56 tecnica
1665 2163 268 56 pittorica

693 2241 149 43 che
778 2241 128 43 si
842 2241 192 43 fonda
970 2241 149 43 sul
1055 2241 277 43 principio
1268 2241 319 43 scientifico
1523 2241 192 43 della
1630 2241 298 43 divi

698 2291 275 57 sione
921 2291 120 57 dei
973 2291 155 57 colori.

760 2387 297 61 131
998 2387 297 61 Raccolta
1236 2387 218 61 d'acque
1395 2387 178 61 forti
1514 2387 337 61 original
1771 2387 159 61 (Prove

988 2457 255 59 tirate
1166 2457 204 59 dall
1293 2457 255 59 autore
1472 2457 178 59 con
1573 2457 255 59 lastre
1752 2457 127 59 a
1777 2457 153 59 soli

978 2523 388 65 tratti,
1260 2523 318 65 senza
1472 2523 600 65 mezza-tinta).
1931 2523 106 65 D

490 3059 395 121 Google

1785 3049 200 73 Original
1919 3049 100 73 from

1621 3123 337 48 UNIVERSITY
1886 3123 145 48 OF
1934 3123 241 48 MICHIGAN
