2550 3299
1324 403 232 64 142
1423 403 100 64 —

1903 410 180 41 SALA

793 491 393 53 Villegas
1124 491 186 53 José.
1248 491 103 53 —
1290 491 124 53 N.
1352 491 103 53 a
1393 491 248 53 Siviglia
1579 491 124 53 il
1641 491 124 53 24
1683 491 248 53 Agosto

718 555 242 64 1848,
879 555 215 64 vive
1014 555 134 64 a
1041 555 188 64 Roma.

767 618 175 58 Vedi
876 618 262 58 Comitato
1073 618 131 58 di
1117 618 284 58 patrocinio.

767 693 294 69 353
1002 693 313 69 Incoronaz
1257 693 157 69 ione
1355 693 176 69 della
1473 693 255 69 dogaressa
1649 693 274 69 Foscar.

770 770 247 57 354
967 770 247 57 Ritratto
1165 770 99 57 di
1214 770 99 57 R.
1247 770 132 57 V

787 940 608 52 Vizzotto-Alberti
1328 940 293 52 Giuseppe.
1553 940 113 52 —
1598 940 225 52 Nacque
1756 940 113 52 a
1778 940 158 52 Oder-

703 1010 158 57 20
782 1010 158 57 il
860 1010 158 57 29
939 1010 263 57 maggio
1123 1010 237 57 1862;
1281 1010 315 57 cominciô
1517 1010 131 57 a
1570 1010 342 57 dipingere
1807 1010 131 57 an-

702 1075 197 57 cora
826 1075 370 57 adolescente
1121 1075 173 57 col
1220 1075 247 57 padre,
1393 1075 173 57 che
1491 1075 173 57 era
1590 1075 345 57 decoratore
1836 1075 99 57 di

703 1161 260 42 stanze,
892 1161 118 42 e
939 1161 118 42 a
987 1161 378 42 diciott'anni
1294 1161 212 42 parti
1435 1161 165 42 per
1530 1161 260 42 Venezia
1719 1161 142 42 in
1766 1161 165 42 cerca

702 1211 148 56 di
776 1211 271 56 lavoro.
973 1211 197 56 Poté
1096 1211 369 56 frequentare
1392 1211 369 56 l’Accademia
1687 1211 123 56 e
1736 1211 148 56 ne
1785 1211 148 56 usci

701 1283 180 56 nel
804 1283 231 56 1886.
958 1283 154 56 In
1035 1283 283 56 seguito
1241 1283 154 56 ad
1318 1283 154 56 un
1395 1283 334 56 concorso,
1652 1283 206 56 ebbe
1755 1283 180 56 l’in-

702 1347 250 57 carico
877 1347 150 57 di
952 1347 300 57 decorare
1177 1347 125 57 a
1227 1347 200 57 buon
1353 1347 250 57 fresco
1528 1347 150 57 l’
1603 1347 250 57 abside
1753 1347 175 57 della

699 1411 261 65 chiesa
882 1411 157 65 di
960 1411 157 65 S.
1038 1411 235 65 Maria
1195 1411 183 65 dei
1299 1411 313 65 Miracoli
1534 1411 131 65 a
1587 1411 235 65 Motta
1743 1411 157 65 di
1795 1411 131 65 Li-

697 1484 256 65 venza,
876 1484 332 65 monumento
1132 1484 332 65 nazionale
1388 1484 153 65 di
1465 1484 179 65 cui
1567 1484 205 65 egli
1669 1484 256 65 progettô

700 1547 172 72 poi
799 1547 147 72 la
872 1547 417 72 ricostruzione
1216 1547 442 72 architettonica
1584 1547 123 72 e
1609 1547 319 72 decorativa.

699 1619 182 57 Nel
803 1619 208 57 1892
933 1619 260 57 esegui
1115 1619 182 57 per
1219 1619 156 57 la
1297 1619 234 57 Torre
1454 1619 156 57 di
1532 1619 156 57 S.
1610 1619 286 57 Martino
1792 1619 130 57 due

694 1698 251 57 grandi
870 1698 251 57 quadri
1046 1698 302 57 storici,
1272 1698 277 57 dipinti
1473 1698 151 57 ad
1549 1698 327 57 encausto.
1775 1698 151 57 Par-

700 1752 245 59 tecipô
871 1752 196 59 all’
993 1752 367 59 Esposizione
1287 1752 147 59 di
1360 1752 245 59 Milano
1531 1752 245 59 (1894)
1703 1752 171 59 coi
1776 1752 147 59 qua-

693 1819 165 57 dri
788 1819 118 57 «
835 1819 354 57 Vespro»,
1118 1819 401 57 «Preludio»,
1449 1819 189 57 «Ave
1543 1819 307 57 Maria».

759 1907 236 73 355
945 1907 203 73 Sotto
1097 1907 101 73 la
1131 1907 219 73 pioggia

769 2068 450 63 Voerman
1144 2068 200 63 Jan.
1269 2068 125 63 —
1319 2068 275 63 Pittore
1520 2068 325 63 olandese,
1770 2068 150 63 n.
1820 2068 100 63 ad

664 2139 258 65 Hattem.

750 2234 258 61 356
952 2234 203 61 Dopo
1100 2234 111 61 il
1137 2234 332 61 mezzogiorno

753 2306 251 73 357
954 2306 184 73 Dopo
1088 2306 100 73 la
1121 2306 234 73 pioggia

763 2467 408 62 Vogel
1095 2467 230 62 Hugo.
1248 2467 128 62 —
1299 2467 128 62 N
1351 2467 153 62 il
1427 2467 153 62 15
1504 2467 306 62 Febbrajo
1733 2467 204 62 1855
1835 2467 77 62 a

685 2538 398 67 Magdeburg,
998 2538 228 67 vive
1140 2538 142 67 a
1197 2538 341 67 Berlino.
1453 2538 256 67 Entrô
1623 2538 142 67 a
1652 2538 256 67 diciot

492 3060 392 119 Google

1787 3053 198 70 Original
1918 3053 99 70 from

1622 3117 336 54 UNIVERSITY
1886 3117 144 54 OF
1934 3117 240 54 MICHIGAN
