2550 3299
1696 451 182 48 SALA

1041 434 189 72 —
1117 434 227 72 83
1193 434 114 72 —

508 531 190 65 rato
627 531 119 65 é
674 531 356 65 «Pioggia
959 531 332 65 d’oro»
1220 531 261 65 effetto
1410 531 142 65 di
1481 531 190 65 sole
1600 531 142 65 in
1647 531 95 65 un

507 600 210 76 bosco
647 600 210 76 dalle
787 600 234 76 gialle
951 600 234 76 foglie
1091 600 234 76 cadenti.

601 690 226 59 71
778 690 177 59 Sole
907 690 97 59 di
939 690 258 59 Settembre

594 763 217 57 72
761 763 200 57 Vento
911 763 117 57 del
961 763 184 57 Nord

585 914 640 73 Dagnan-Bouveret
1152 914 148 73 P.
1226 914 148 73 A.
1300 914 148 73 J.
1374 914 123 73 —
1423 914 148 73 N.
1497 914 148 73 il
1571 914 123 73 7
1595 914 148 73 gen-

500 978 216 66 naio
635 978 216 66 1852
770 978 135 66 à
824 978 297 66 Parigi.
1040 978 162 66 Fu
1121 978 351 66 discepolo
1391 978 162 66 di
1472 978 270 66 Gérôme
1634 978 108 66 ed

502 1056 229 68 espose
663 1056 160 68 per
754 1056 138 68 la
823 1056 206 68 prima
961 1056 206 68 volta
1098 1056 138 68 al
1167 1056 367 68 Salon
1465 1056 160 68 del
1557 1056 183 68 1879
1648 1056 92 68 il

500 1120 238 66 quadro
667 1120 119 66 «
714 1120 214 66 Un
857 1120 333 66 matrimonio
1119 1120 286 66 mediante
1310 1120 428 66 fotografie»,

501 1187 161 65 cui
593 1187 298 65 seguirono
822 1187 115 65 «
868 1187 413 65 Benedizione
1212 1187 184 65 d’un
1327 1187 298 65 Par»
1534 1187 206 65 (1882),

514 1250 153 50 «La
602 1250 394 50 Vaccinazione»<
930 1250 241 50 (1883),
1105 1250 109 50 «
1149 1250 306 50 Cavalli
1390 1250 153 50 all
1455 1250 285 50 abbeve

507 1322 332 50 ratoio»
783 1322 203 50 (1884),
930 1322 92 50 «
967 1322 221 50 Santa
1133 1322 276 50 Vergine
1354 1322 184 50 (1885)
1483 1322 92 50 «
1501 1322 240 50 Pane

505 1386 442 57 bencdetto
880 1386 133 57 ».
947 1386 133 57 Le
1013 1386 199 57 opere
1146 1386 155 57 del
1234 1386 420 57 Dagnan-Bouveret
1587 1386 133 57 s’
1632 1386 110 57 in-

498 1449 284 58 spirano
705 1449 129 58 a
756 1449 181 58 una
860 1449 362 58 concezione
1144 1449 310 58 delicata
1376 1449 232 58 della
1531 1449 232 58 vita,
1661 1449 77 58 e

500 1517 233 71 spesso
663 1517 140 71 ad
733 1517 140 71 un
803 1517 327 71 sentimento
1060 1517 140 71 di
1130 1517 210 71 dolce
1270 1517 374 71 religiosità.
1574 1517 187 71 Egli
1667 1517 70 71 é

499 1586 149 59 il
574 1586 224 59 poeta
723 1586 224 59 delle
872 1586 174 59 pie
971 1586 348 59 costumanze
1220 1586 248 59 bretoni.

562 1679 596 60 73
1020 1679 870 60 Madonna
1708 1679 137 60 H

583 1835 433 71 Dalbono
944 1835 289 71 Eduardo.
1160 1835 120 71 —
1208 1835 144 71 N.
1280 1835 120 71 a
1328 1835 240 71 Napoli
1497 1835 168 71 nel
1569 1835 168 71 1843;

499 1906 303 56 cominciô
726 1906 126 56 i
776 1906 202 56 suoi
902 1906 227 56 studi
1054 1906 126 56 a
1104 1906 227 56 Roma,
1256 1906 202 56 indi
1382 1906 278 56 tornato
1558 1906 177 56 nella

499 1979 181 57 sua
603 1979 259 57 città,
784 1979 207 57 ebbe
913 1979 129 57 a
964 1979 284 57 maestri
1171 1979 310 57 Domenico
1404 1979 284 57 Morelli
1611 1979 129 57 e
1637 1979 103 57 il

501 2036 395 62 Mancinelli.
817 2036 263 62 Dimorô
1001 2036 184 62 poi
1106 2036 211 62 otto
1238 2036 211 62 anni
1369 2036 132 62 a
1422 2036 290 62 Parigi.
1606 2036 132 62 Fra

499 2107 158 56 le
578 2107 316 56 numerose
814 2107 237 56 opere
972 2107 263 56 uscite
1156 2107 184 56 dal
1262 2107 184 56 suo
1367 2107 342 56 pennello,
1603 2107 132 56 una

504 2171 201 65 delle
638 2171 157 65 più
727 2171 224 65 felici
884 2171 112 65 e
929 2171 112 65 «
973 2171 201 65 La
1108 2171 268 65 leggenda
1309 2171 201 65 delle
1421 2171 313 65 Sirene».

501 2243 202 57 Egli
627 2243 227 57 rende
779 2243 177 57 con
880 2243 202 57 foga
1006 2243 152 57 di
1082 2243 253 57 colore
1258 2243 126 57 e
1309 2243 152 57 d’
1359 2243 379 57 immaginazione

501 2306 145 56 l’
573 2306 267 56 intensa
767 2306 315 56 azzurrità
1010 2306 170 56 del
1107 2306 170 56 suo
1179 2306 170 56 mare.

581 2403 351 56 74
851 2403 243 56 Il
1013 2403 216 56 mare
1148 2403 135 56 a
1202 2403 243 56 Torre
1364 2403 513 56 Annunziata
1769 2403 81 56 D

582 2555 216 65 Da
726 2555 313 65 Molin
967 2555 264 65 Oreste.
1159 2555 120 65 —
1207 2555 120 65 N
1255 2555 168 65 nel
1351 2555 192 65 1857
1472 2555 120 65 a
1520 2555 216 65 Pieve
1640 2555 96 65 di

375 3099 215 47 Digitized
523 3099 66 47 by

464 3061 422 118 «Google

1785 3053 198 69 Original
1918 3053 99 69 from

1620 3116 337 55 UNIVERSITY
1885 3116 145 55 OF
1933 3116 241 55 MICHIGAN
