2550 3299
1200 434 184 65 —
1274 434 221 65 80
1348 434 111 65 —

1853 443 185 40 SALA

746 523 369 64 Ciardi
1050 523 304 64 Guglielmo.
1289 523 109 64 —
1333 523 130 64 N.
1398 523 109 64 a
1441 523 261 64 Venezia,
1636 523 152 64 ove
1702 523 195 64 dimora.

666 594 290 73 Percorse
883 594 169 73 gli
980 594 217 73 studi
1125 594 290 73 classici
1342 594 121 73 e
1390 594 241 73 quelli
1559 594 290 73 regolari
1752 594 145 73 del-

664 659 380 56 l’Accademia;
973 659 261 56 viaggiô
1163 659 166 56 per
1257 659 166 56 sua
1352 659 332 56 istruzione
1590 659 308 56 all’estero.

664 724 227 63 Dalla
815 724 277 63 laguna,
1017 724 227 63 dalla
1168 724 303 63 campagna
1395 724 277 63 veneta,
1597 724 227 63 anche
1723 724 176 63 nelle

662 809 184 50 sue
767 809 342 50 sembianze
1030 809 184 50 più
1135 809 237 50 umili
1293 809 132 50 e
1346 809 184 50 più
1451 809 342 50 uniformi,
1714 809 158 50 ha
1766 809 132 50 sa-

665 859 183 71 puto
779 859 297 71 attingere
1008 859 320 71 molteplici
1259 859 114 71 e
1304 859 297 71 attraenti
1533 859 320 71 concezioni
1761 859 137 71 pit-

666 940 269 48 toriche.
867 940 112 48 A
912 940 246 48 Berlino
1091 940 157 48 nel
1181 940 179 48 1886
1293 940 246 48 trionfô
1472 940 134 48 il
1539 940 157 48 suo
1606 940 291 48 «i>Mes

664 994 426 56 sidoro»
1020 994 166 56 che
1114 994 332 56 ricomparve
1375 994 142 56 l’
1446 994 189 56 anno
1564 994 189 56 dopo
1683 994 189 56 alla
1778 994 118 56 Mo-

664 1059 194 64 stra
785 1059 315 64 artistica
1027 1059 145 64 di
1099 1059 290 64 Venezia,
1317 1059 266 64 insieme
1511 1059 169 64 coi
1608 1059 242 64 quadri
1753 1059 145 64 bel-

664 1132 251 71 lissimi
847 1132 114 71 «
893 1132 320 71 Venezia
1144 1132 114 71 »
1190 1132 206 71 «Nubi
1327 1132 137 71 di
1395 1132 343 71 Primavera»,
1647 1132 251 71 Lagu

666 1194 227 74 na
817 1194 151 74 di
893 1194 302 74 Chioggia
1119 1194 151 74 »,
1195 1194 227 74 «Alpi
1346 1194 529 74 dolomitiche»,
1774 1194 126 74 «Il

673 1266 352 57 Torrente
954 1266 117 57 :
1001 1266 164 57 Val
1095 1266 141 57 di
1166 1266 282 57 Primiero
1377 1266 141 57 »,
1448 1266 141 57 «A
1518 1266 376 57 caccia».
1800 1266 94 57 Da

663 1331 257 65 qualche
850 1331 187 65 anno
966 1331 140 65 il
1036 1331 234 65 Ciardi
1200 1331 234 65 sembra
1364 1331 304 65 rivolgere
1597 1331 210 65 tutta
1737 1331 140 65 la
1784 1331 117 65 sua

661 1403 316 57 attività
898 1403 342 57 artistica
1161 1403 158 57 al
1240 1403 237 57 paese
1398 1403 132 57 a
1450 1403 369 57 preferenza
1714 1403 184 57 delle

633 1466 249 58 marine.

752 1611 239 65 63
936 1611 276 65 Sera
1157 1611 295 65 (Schilpario,
1396 1611 129 65 Val
1470 1611 111 65 di
1507 1611 184 65 Scalve).

755 1715 224 58 64
927 1715 241 58 Mattino
1099 1715 276 58 d’autunno

743 2043 339 73 Cima
1015 2043 226 73 Luigi.
1173 2043 113 73 —
1218 2043 271 73 Paesista
1422 2043 113 73 e
1467 2043 249 73 pittore
1648 2043 136 73 di
1693 2043 204 73 genere,

664 2107 145 62 n.
736 2107 121 62 a
785 2107 217 62 Villa
930 2107 145 62 di
1002 2107 217 62 Villa
1147 2107 314 62 (Belluno)
1389 2107 145 62 v.
1461 2107 121 62 a
1509 2107 290 62 Venezia.
1727 2107 169 62 Fra
1799 2107 97 62 le

659 2179 173 53 sue
758 2179 198 53 cose
882 2179 173 53 più
981 2179 297 53 pregiate
1204 2179 149 53 si
1279 2179 273 53 pongono
1477 2179 124 53 i
1526 2179 248 53 quadri
1700 2179 149 53 di
1749 2179 149 53 sog-

664 2243 201 72 getto
798 2243 313 72 pastorale,
1044 2243 179 72 come
1156 2243 224 72 «Il
1312 2243 246 72 ritorno
1491 2243 157 72 del
1558 2243 336 72 pascolo»,

663 2307 115 63 e
709 2307 231 63 «Un
871 2307 277 63 tosatore
1079 2307 139 63 di
1125 2307 277 63 pecore».

752 2458 222 73 65
923 2458 222 73 Vacche
1094 2458 137 73 alla
1163 2458 205 73 pozza

755 2560 174 59 66
875 2560 240 59 Nevicata

1786 3058 198 65 Original
1919 3058 99 65 from

1621 3118 337 53 UNIVERSITY
1885 3118 144 53 OF
1934 3118 240 53 MICHIGAN
