2550 3299
1057 421 155 65 151

1661 425 188 43 SALA

560 497 455 67 Carminati
947 497 273 67 Antonio.
1152 497 114 67 —
1198 497 137 67 N.
1266 497 114 67 a
1311 497 273 67 Brembate
1516 497 137 67 di
1562 497 159 67 sotto

475 569 363 65 (provincia
760 569 156 65 di
838 569 311 65 Bergamo)
1072 569 156 65 il
1149 569 130 65 2
1201 569 259 65 Giugno
1383 569 233 65 1859;
1538 569 207 65 vive
1642 569 78 65 a

479 633 284 77 Milano.
686 633 155 77 Da
764 633 284 77 bambino
970 633 155 77 s’
1048 633 336 77 ingegnava
1306 633 129 77 a
1358 633 310 77 scolpire
1565 633 155 77 ogni

477 703 244 64 specie
647 703 146 64 di
720 703 439 64 fantasticherie
1086 703 219 64 nella
1232 703 268 64 pietra.
1427 703 219 64 tanto
1574 703 171 64 che
1647 703 73 64 i

476 770 203 61 suoi
603 770 305 61 genitori
831 770 305 61 decisero
1060 770 152 61 di
1136 770 305 61 mandarlo
1339 770 381 61 all’Accademia

460 827 232 108 di
576 827 386 108 Brera.
847 827 232 108 Da
962 827 270 108 uno
1117 827 270 108 zio
1271 827 502 108 milanese,
1658 827 270 108 che
1812 827 232 108 lo
1928 827 425 108 proteg¬
2198 827 116 108 i

462 903 327 78 geva,
680 903 218 78 fu
788 903 436 78 affidato
1115 903 290 78 allo
1297 903 436 78 scultore
1623 903 363 78 Butti,
1877 903 254 78 col
2023 903 327 78 quale
2204 903 109 78 :

464 956 363 126 rimase
718 956 254 126 dal
863 956 290 126 1874
1044 956 218 126 al
1153 956 326 126 1879.
1370 956 254 126 Poi
1515 956 290 126 andô
1697 956 181 126 a
1769 956 363 126 Torino
2023 956 363 126 presso

460 1041 232 90 il
576 1041 502 90 Tabacchi,
962 1041 193 90 e
1040 1041 270 90 nel
1194 1041 309 90 1888
1387 1041 193 90 a
1464 1041 348 90 Roma.
1696 1041 425 90 Intento
2005 1041 193 90 a
2082 1041 309 90 gua¬

462 1105 404 62 dagnarsi
765 1105 202 62 la
866 1105 269 62 vita
1034 1105 168 62 e
1102 1105 370 62 insieme
1371 1105 168 62 a
1438 1105 572 62 perfezionarsi
1909 1105 471 62 nell’arte,

465 1184 274 58 egli
636 1184 205 58 vi
739 1184 445 58 frequentô
1081 1184 411 58 parecchi
1389 1184 342 58 studi,
1629 1184 240 58 tra
1766 1184 171 58 i
1835 1184 308 58 quali
2040 1184 342 58 quello

458 1242 277 110 del
616 1242 593 110 Monteverde.
1090 1242 277 110 Pur
1248 1242 435 110 essendo
1564 1242 395 110 grande
1840 1242 553 110 ammiratore

464 1304 327 112 degli
681 1304 435 112 antichi,
1008 1304 181 112 é
1080 1304 254 112 del
1226 1304 327 112 tutto
1443 1304 580 112 indipendente
1915 1304 327 112 nelle
2133 1304 254 112 sue

463 1378 357 81 geniali
722 1378 487 81 concezioni.
1111 1378 389 81 «Ogni
1404 1378 324 81 giorno
1631 1378 227 81 pii
1760 1378 195 81 io
1858 1378 195 81 mi
1955 1378 422 81 sento

462 1454 505 71 attratto
866 1454 303 71 verso
1068 1454 370 71 un’arte
1338 1454 236 71 più
1472 1454 370 71 grande,
1742 1454 236 71 più
1843 1454 471 71 originale,

459 1512 371 98 che
718 1512 260 98 non
867 1512 222 98 so
978 1512 371 98 ancora
1238 1512 260 98 ben
1386 1512 482 98 definire,
1757 1512 260 98 che
1905 1512 334 98 certo
2128 1512 260 98 non

463 1576 628 66 raggiungero
987 1576 244 66 mai
1126 1576 244 66 con
1266 1576 209 66 le
1371 1576 244 66 mie
1510 1576 349 66 deboli
1755 1576 279 66 ali,
1929 1576 209 66 ma
2034 1576 349 66 che

464 1657 324 59 pur
691 1657 260 59 sono
853 1657 292 59 beato
1048 1657 195 59 di
1145 1657 292 59 poter
1340 1657 292 59 anche
1534 1657 422 59 solamente
1859 1657 519 59 sognare

458 1710 265 97 Nel
610 1710 341 97 1894,
837 1710 189 97 a
913 1710 417 97 Milano,
1216 1710 379 97 espose
1481 1710 265 97 «S.
1632 1710 341 97 Luigi
1860 1710 530 97 Gonzaga

459 1784 379 76 che
724 1784 454 76 sorregge
1065 1784 265 76 gli
1216 1784 568 76 appestati»,
1670 1784 189 76 e
1746 1784 454 76 «Sospiro
2087 1784 303 76 del¬

332 1842 2315 93 mre

514 1930 450 76 387
867 1930 514 76 Monumento
1285 1930 450 76 sepolcrale
1639 1930 193 76 di
1735 1930 418 76 Monsignor
2057 1930 321 76 Ca

754 2000 585 71 labiana,
1222 2000 585 71 Arcivescovo
1689 2000 234 71 di
1806 2000 585 71 Milano

489 2070 854 144 388
1160 2070 1219 144 Nostalgia
2135 2070 183 144 C

551 2258 439 67 Civiletti
924 2258 307 67 Benedetto.
1165 2258 110 67 —
1209 2258 132 67 N.
1275 2258 132 67 il
1341 2258 110 67 1
1385 2258 241 67 Ottobre
1560 2258 176 67 1846
1648 2258 66 67 a

470 2329 324 54 Palermo,
713 2329 189 54 ove
821 2329 297 54 dimora.
1037 2329 270 54 Figlio
1227 2329 162 54 di
1308 2329 162 54 un
1389 2329 270 54 povero
1551 2329 162 54 cam-

466 2393 361 76 pagnuolo,
744 2393 167 76 fu
827 2393 333 76 allogato
1077 2393 194 76 nel
1188 2393 222 76 1858
1327 2393 278 76 presso
1521 2393 167 76 un
1576 2393 139 76 mo-

468 2464 324 58 dellatore
717 2464 150 58 di
792 2464 274 58 pastori
991 2464 150 58 da
1066 2464 299 58 presepi,
1290 2464 174 58 poi
1390 2464 324 58 frequentô
1614 2464 100 58 lo

467 2528 250 71 studio
642 2528 175 71 del
742 2528 275 71 pittore
942 2528 150 71 D’
1017 2528 250 71 Antoni
1191 2528 125 71 e
1241 2528 275 71 infine,
1416 2528 300 71 sentendosi

1782 3043 206 74 Original
1919 3043 103 74 from

1618 3112 342 61 UNIVERSITY
1886 3112 146 61 OF
1935 3112 244 61 MICHIGAN
