<alto xmlns:xsi="http://www.w3.org/2001/XMLSchema-instance" xmlns="http://www.loc.gov/standards/alto/ns-v2#" xmlns:page="http://schema.primaresearch.org/PAGE/gts/pagecontent/2013-07-15" xsi:schemaLocation="http://www.loc.gov/standards/alto/ns-v2# http://www.loc.gov/standards/alto/alto.xsd">
  <Description>
    <MeasurementUnit>pixel</MeasurementUnit>
    <sourceImageInformation>
         <fileName>Cat_Venezia_1895-0110.xml</fileName>
      </sourceImageInformation>
    <OCRProcessing ID="IdOcr">
      <ocrProcessingStep>
        <processingDateTime>2020-09-22T17:01:45.325+02:00</processingDateTime>
        <processingSoftware>
               <softwareCreator>CONTRIBUTORS</softwareCreator>
               <softwareName>pdfalto</softwareName>
               <softwareVersion>0.1</softwareVersion>
            </processingSoftware>
      </ocrProcessingStep>
    </OCRProcessing>
  </Description>
  <Styles>
     <TextStyle ID="FONT0" FONTSTYLE=""/>
     <TextStyle ID="FONT1" FONTSTYLE="bold"/>
     <TextStyle ID="FONT2" FONTSTYLE="italics"/>
</Styles>
  <Tags/>
  <Layout>
    <Page ID="Page1" PHYSICAL_IMG_NR="1" HEIGHT="3299" WIDTH="2550">
      <PrintSpace HEIGHT="2744" WIDTH="1774" VPOS="428" HPOS="400">
        <TextBlock ID="r_1_1" HEIGHT="28" WIDTH="108" VPOS="435" HPOS="1764">
          <TextLine ID="tl_1" BASELINE="468" HEIGHT="41" WIDTH="122" VPOS="427" HPOS="1757">
            <String HEIGHT="41" WIDTH="183" VPOS="427" HPOS="1696" CONTENT="SALA" ID="tl_1_1" STYLEREFS="FONT0"/>
          </TextLine>
        </TextBlock>
        <TextBlock ID="r_2_1" HEIGHT="396" WIDTH="1203" VPOS="516" HPOS="532">
          <TextLine ID="tl_2" BASELINE="565" HEIGHT="59" WIDTH="1127" VPOS="506" HPOS="611">
            <String HEIGHT="59" WIDTH="437" VPOS="506" HPOS="588" CONTENT="Delleani" ID="tl_2_1" STYLEREFS="FONT1"/>
            <SP HEIGHT="59" WIDTH="23" VPOS="506" HPOS="1025"/>
            <String HEIGHT="59" WIDTH="276" VPOS="506" HPOS="956" CONTENT="Lorenzo." ID="tl_2_2" STYLEREFS="FONT0"/>
            <SP HEIGHT="59" WIDTH="23" VPOS="506" HPOS="1232"/>
            <String HEIGHT="59" WIDTH="115" VPOS="506" HPOS="1163" CONTENT="—" ID="tl_2_3" STYLEREFS="FONT0"/>
            <SP HEIGHT="59" WIDTH="23" VPOS="506" HPOS="1278"/>
            <String HEIGHT="59" WIDTH="138" VPOS="506" HPOS="1209" CONTENT="N." ID="tl_2_4" STYLEREFS="FONT0"/>
            <SP HEIGHT="59" WIDTH="23" VPOS="506" HPOS="1347"/>
            <String HEIGHT="59" WIDTH="115" VPOS="506" HPOS="1278" CONTENT="a" ID="tl_2_5" STYLEREFS="FONT0"/>
            <SP HEIGHT="59" WIDTH="23" VPOS="506" HPOS="1393"/>
            <String HEIGHT="59" WIDTH="253" VPOS="506" HPOS="1324" CONTENT="Pollone" ID="tl_2_6" STYLEREFS="FONT0"/>
            <SP HEIGHT="59" WIDTH="23" VPOS="506" HPOS="1577"/>
            <String HEIGHT="59" WIDTH="161" VPOS="506" HPOS="1508" CONTENT="nel" ID="tl_2_7" STYLEREFS="FONT0"/>
            <SP HEIGHT="59" WIDTH="23" VPOS="506" HPOS="1669"/>
            <String HEIGHT="59" WIDTH="161" VPOS="506" HPOS="1577" CONTENT="Biel" SUBS_TYPE="HypPart1" SUBS_CONTENT="Biellese," ID="tl_2_8" STYLEREFS="FONT0"/>
            <HYP CONTENT="-"/>
          </TextLine>
          <TextLine ID="tl_3" BASELINE="627" HEIGHT="56" WIDTH="1214" VPOS="571" HPOS="528">
            <String HEIGHT="56" WIDTH="228" VPOS="571" HPOS="503" CONTENT="lese," SUBS_TYPE="HypPart2" SUBS_CONTENT="Biellese," ID="tl_3_1" STYLEREFS="FONT0"/>
            <SP HEIGHT="56" WIDTH="25" VPOS="571" HPOS="730"/>
            <String HEIGHT="56" WIDTH="152" VPOS="571" HPOS="654" CONTENT="il" ID="tl_3_2" STYLEREFS="FONT0"/>
            <SP HEIGHT="56" WIDTH="25" VPOS="571" HPOS="806"/>
            <String HEIGHT="56" WIDTH="152" VPOS="571" HPOS="730" CONTENT="17" ID="tl_3_3" STYLEREFS="FONT0"/>
            <SP HEIGHT="56" WIDTH="25" VPOS="571" HPOS="882"/>
            <String HEIGHT="56" WIDTH="278" VPOS="571" HPOS="806" CONTENT="gennaio" ID="tl_3_4" STYLEREFS="FONT0"/>
            <SP HEIGHT="56" WIDTH="25" VPOS="571" HPOS="1084"/>
            <String HEIGHT="56" WIDTH="228" VPOS="571" HPOS="1009" CONTENT="1840;" ID="tl_3_5" STYLEREFS="FONT0"/>
            <SP HEIGHT="56" WIDTH="25" VPOS="571" HPOS="1236"/>
            <String HEIGHT="56" WIDTH="202" VPOS="571" HPOS="1160" CONTENT="vive" ID="tl_3_6" STYLEREFS="FONT0"/>
            <SP HEIGHT="56" WIDTH="25" VPOS="571" HPOS="1363"/>
            <String HEIGHT="56" WIDTH="126" VPOS="571" HPOS="1287" CONTENT="a" ID="tl_3_7" STYLEREFS="FONT0"/>
            <SP HEIGHT="56" WIDTH="25" VPOS="571" HPOS="1413"/>
            <String HEIGHT="56" WIDTH="278" VPOS="571" HPOS="1337" CONTENT="Torino." ID="tl_3_8" STYLEREFS="FONT0"/>
            <SP HEIGHT="56" WIDTH="25" VPOS="571" HPOS="1616"/>
            <String HEIGHT="56" WIDTH="228" VPOS="571" HPOS="1514" CONTENT="Ingegno" ID="tl_3_9" STYLEREFS="FONT0"/>
          </TextLine>
          <TextLine ID="tl_4" BASELINE="715" HEIGHT="58" WIDTH="1213" VPOS="657" HPOS="528">
            <String HEIGHT="58" WIDTH="458" VPOS="657" HPOS="501" CONTENT="singolarmente" ID="tl_4_1" STYLEREFS="FONT0"/>
            <SP HEIGHT="58" WIDTH="27" VPOS="657" HPOS="959"/>
            <String HEIGHT="58" WIDTH="297" VPOS="657" HPOS="878" CONTENT="vivace." ID="tl_4_2" STYLEREFS="FONT0"/>
            <SP HEIGHT="58" WIDTH="27" VPOS="657" HPOS="1175"/>
            <String HEIGHT="58" WIDTH="243" VPOS="657" HPOS="1094" CONTENT="s’era" ID="tl_4_3" STYLEREFS="FONT0"/>
            <SP HEIGHT="58" WIDTH="27" VPOS="657" HPOS="1337"/>
            <String HEIGHT="58" WIDTH="323" VPOS="657" HPOS="1256" CONTENT="dapprima" ID="tl_4_4" STYLEREFS="FONT0"/>
            <SP HEIGHT="58" WIDTH="27" VPOS="657" HPOS="1579"/>
            <String HEIGHT="58" WIDTH="270" VPOS="657" HPOS="1471" CONTENT="dedicato" ID="tl_4_5" STYLEREFS="FONT0"/>
          </TextLine>
          <TextLine ID="tl_5" BASELINE="765" HEIGHT="59" WIDTH="1210" VPOS="706" HPOS="528">
            <String HEIGHT="59" WIDTH="202" VPOS="706" HPOS="503" CONTENT="alla" ID="tl_5_1" STYLEREFS="FONT0"/>
            <SP HEIGHT="59" WIDTH="25" VPOS="706" HPOS="704"/>
            <String HEIGHT="59" WIDTH="277" VPOS="706" HPOS="629" CONTENT="musica," ID="tl_5_2" STYLEREFS="FONT0"/>
            <SP HEIGHT="59" WIDTH="25" VPOS="706" HPOS="906"/>
            <String HEIGHT="59" WIDTH="151" VPOS="706" HPOS="831" CONTENT="ma" ID="tl_5_3" STYLEREFS="FONT0"/>
            <SP HEIGHT="59" WIDTH="25" VPOS="706" HPOS="982"/>
            <String HEIGHT="59" WIDTH="151" VPOS="706" HPOS="906" CONTENT="l’" ID="tl_5_4" STYLEREFS="FONT0"/>
            <SP HEIGHT="59" WIDTH="25" VPOS="706" HPOS="1057"/>
            <String HEIGHT="59" WIDTH="328" VPOS="706" HPOS="982" CONTENT="abbandonô" ID="tl_5_5" STYLEREFS="FONT0"/>
            <SP HEIGHT="59" WIDTH="25" VPOS="706" HPOS="1309"/>
            <String HEIGHT="59" WIDTH="176" VPOS="706" HPOS="1234" CONTENT="per" ID="tl_5_6" STYLEREFS="FONT0"/>
            <SP HEIGHT="59" WIDTH="25" VPOS="706" HPOS="1410"/>
            <String HEIGHT="59" WIDTH="227" VPOS="706" HPOS="1335" CONTENT="darsi" ID="tl_5_7" STYLEREFS="FONT0"/>
            <SP HEIGHT="59" WIDTH="25" VPOS="706" HPOS="1562"/>
            <String HEIGHT="59" WIDTH="202" VPOS="706" HPOS="1486" CONTENT="alla" ID="tl_5_8" STYLEREFS="FONT0"/>
            <SP HEIGHT="59" WIDTH="25" VPOS="706" HPOS="1688"/>
            <String HEIGHT="59" WIDTH="151" VPOS="706" HPOS="1587" CONTENT="pit" SUBS_TYPE="HypPart1" SUBS_CONTENT="pittura." ID="tl_5_9" STYLEREFS="FONT0"/>
            <HYP CONTENT="-"/>
          </TextLine>
          <TextLine ID="tl_6" BASELINE="852" HEIGHT="65" WIDTH="1214" VPOS="787" HPOS="526">
            <String HEIGHT="65" WIDTH="232" VPOS="787" HPOS="500" CONTENT="tura." SUBS_TYPE="HypPart2" SUBS_CONTENT="pittura." ID="tl_6_1" STYLEREFS="FONT0"/>
            <SP HEIGHT="65" WIDTH="26" VPOS="787" HPOS="733"/>
            <String HEIGHT="65" WIDTH="207" VPOS="787" HPOS="655" CONTENT="All’" ID="tl_6_2" STYLEREFS="FONT0"/>
            <SP HEIGHT="65" WIDTH="26" VPOS="787" HPOS="862"/>
            <String HEIGHT="65" WIDTH="387" VPOS="787" HPOS="784" CONTENT="Esposizione" ID="tl_6_3" STYLEREFS="FONT0"/>
            <SP HEIGHT="65" WIDTH="26" VPOS="787" HPOS="1172"/>
            <String HEIGHT="65" WIDTH="155" VPOS="787" HPOS="1094" CONTENT="di" ID="tl_6_4" STYLEREFS="FONT0"/>
            <SP HEIGHT="65" WIDTH="26" VPOS="787" HPOS="1249"/>
            <String HEIGHT="65" WIDTH="258" VPOS="787" HPOS="1172" CONTENT="Parigi" ID="tl_6_5" STYLEREFS="FONT0"/>
            <SP HEIGHT="65" WIDTH="26" VPOS="787" HPOS="1430"/>
            <String HEIGHT="65" WIDTH="181" VPOS="787" HPOS="1353" CONTENT="del" ID="tl_6_6" STYLEREFS="FONT0"/>
            <SP HEIGHT="65" WIDTH="26" VPOS="787" HPOS="1533"/>
            <String HEIGHT="65" WIDTH="207" VPOS="787" HPOS="1456" CONTENT="1878" ID="tl_6_7" STYLEREFS="FONT0"/>
            <SP HEIGHT="65" WIDTH="26" VPOS="787" HPOS="1663"/>
            <String HEIGHT="65" WIDTH="181" VPOS="787" HPOS="1559" CONTENT="inviô" ID="tl_6_8" STYLEREFS="FONT0"/>
          </TextLine>
          <TextLine ID="tl_7" BASELINE="899" HEIGHT="57" WIDTH="1209" VPOS="842" HPOS="526">
            <String HEIGHT="57" WIDTH="142" VPOS="842" HPOS="502" CONTENT="il" ID="tl_7_1" STYLEREFS="FONT0"/>
            <SP HEIGHT="57" WIDTH="24" VPOS="842" HPOS="645"/>
            <String HEIGHT="57" WIDTH="237" VPOS="842" HPOS="573" CONTENT="quadro" ID="tl_7_2" STYLEREFS="FONT0"/>
            <SP HEIGHT="57" WIDTH="24" VPOS="842" HPOS="810"/>
            <String HEIGHT="57" WIDTH="332" VPOS="842" HPOS="739" CONTENT="bellissimo" ID="tl_7_3" STYLEREFS="FONT0"/>
            <SP HEIGHT="57" WIDTH="24" VPOS="842" HPOS="1071"/>
            <String HEIGHT="57" WIDTH="119" VPOS="842" HPOS="1000" CONTENT="«" ID="tl_7_4" STYLEREFS="FONT0"/>
            <SP HEIGHT="57" WIDTH="24" VPOS="842" HPOS="1119"/>
            <String HEIGHT="57" WIDTH="213" VPOS="842" HPOS="1048" CONTENT="La" ID="tl_7_5" STYLEREFS="FONT2"/>
            <SP HEIGHT="57" WIDTH="24" VPOS="842" HPOS="1261"/>
            <String HEIGHT="57" WIDTH="237" VPOS="842" HPOS="1190" CONTENT="Regata" ID="tl_7_6" STYLEREFS="FONT2"/>
            <SP HEIGHT="57" WIDTH="24" VPOS="842" HPOS="1427"/>
            <String HEIGHT="57" WIDTH="119" VPOS="842" HPOS="1356" CONTENT="a" ID="tl_7_7" STYLEREFS="FONT2"/>
            <SP HEIGHT="57" WIDTH="24" VPOS="842" HPOS="1474"/>
            <String HEIGHT="57" WIDTH="356" VPOS="842" HPOS="1379" CONTENT="Venezia»." ID="tl_7_8" STYLEREFS="FONT2"/>
          </TextLine>
        </TextBlock>
        <TextBlock ID="r_2_2" HEIGHT="382" WIDTH="1202" VPOS="921" HPOS="527">
          <TextLine ID="tl_8" BASELINE="971" HEIGHT="56" WIDTH="1203" VPOS="915" HPOS="524">
            <String HEIGHT="56" WIDTH="118" VPOS="915" HPOS="500" CONTENT="A" ID="tl_8_1" STYLEREFS="FONT0"/>
            <SP HEIGHT="56" WIDTH="24" VPOS="915" HPOS="618"/>
            <String HEIGHT="56" WIDTH="259" VPOS="915" HPOS="548" CONTENT="Milano," ID="tl_8_2" STYLEREFS="FONT0"/>
            <SP HEIGHT="56" WIDTH="24" VPOS="915" HPOS="807"/>
            <String HEIGHT="56" WIDTH="165" VPOS="915" HPOS="736" CONTENT="nel" ID="tl_8_3" STYLEREFS="FONT0"/>
            <SP HEIGHT="56" WIDTH="24" VPOS="915" HPOS="901"/>
            <String HEIGHT="56" WIDTH="212" VPOS="915" HPOS="831" CONTENT="1881." ID="tl_8_4" STYLEREFS="FONT0"/>
            <SP HEIGHT="56" WIDTH="24" VPOS="915" HPOS="1043"/>
            <String HEIGHT="56" WIDTH="142" VPOS="915" HPOS="972" CONTENT="il" ID="tl_8_5" STYLEREFS="FONT0"/>
            <SP HEIGHT="56" WIDTH="24" VPOS="915" HPOS="1114"/>
            <String HEIGHT="56" WIDTH="165" VPOS="915" HPOS="1043" CONTENT="suo" ID="tl_8_6" STYLEREFS="FONT0"/>
            <SP HEIGHT="56" WIDTH="24" VPOS="915" HPOS="1208"/>
            <String HEIGHT="56" WIDTH="307" VPOS="915" HPOS="1137" CONTENT="paesaggio" ID="tl_8_7" STYLEREFS="FONT0"/>
            <SP HEIGHT="56" WIDTH="24" VPOS="915" HPOS="1444"/>
            <String HEIGHT="56" WIDTH="377" VPOS="915" HPOS="1350" CONTENT="«Quies»" ID="tl_8_8" STYLEREFS="FONT2"/>
          </TextLine>
          <TextLine ID="tl_9" BASELINE="1052" HEIGHT="58" WIDTH="1212" VPOS="994" HPOS="524">
            <String HEIGHT="58" WIDTH="261" VPOS="994" HPOS="500" CONTENT="piacque" ID="tl_9_1" STYLEREFS="FONT0"/>
            <SP HEIGHT="58" WIDTH="24" VPOS="994" HPOS="762"/>
            <String HEIGHT="58" WIDTH="214" VPOS="994" HPOS="690" CONTENT="tanto" ID="tl_9_2" STYLEREFS="FONT0"/>
            <SP HEIGHT="58" WIDTH="24" VPOS="994" HPOS="904"/>
            <String HEIGHT="58" WIDTH="166" VPOS="994" HPOS="833" CONTENT="che" ID="tl_9_3" STYLEREFS="FONT0"/>
            <SP HEIGHT="58" WIDTH="24" VPOS="994" HPOS="999"/>
            <String HEIGHT="58" WIDTH="143" VPOS="994" HPOS="928" CONTENT="il" ID="tl_9_4" STYLEREFS="FONT0"/>
            <SP HEIGHT="58" WIDTH="24" VPOS="994" HPOS="1071"/>
            <String HEIGHT="58" WIDTH="261" VPOS="994" HPOS="999" CONTENT="pittore" ID="tl_9_5" STYLEREFS="FONT0"/>
            <SP HEIGHT="58" WIDTH="24" VPOS="994" HPOS="1261"/>
            <String HEIGHT="58" WIDTH="261" VPOS="994" HPOS="1189" CONTENT="dovette" ID="tl_9_6" STYLEREFS="FONT0"/>
            <SP HEIGHT="58" WIDTH="24" VPOS="994" HPOS="1451"/>
            <String HEIGHT="58" WIDTH="214" VPOS="994" HPOS="1380" CONTENT="farne" ID="tl_9_7" STYLEREFS="FONT0"/>
            <SP HEIGHT="58" WIDTH="24" VPOS="994" HPOS="1593"/>
            <String HEIGHT="58" WIDTH="238" VPOS="994" HPOS="1498" CONTENT="ripetute" ID="tl_9_8" STYLEREFS="FONT0"/>
          </TextLine>
          <TextLine ID="tl_10" BASELINE="1100" HEIGHT="58" WIDTH="1210" VPOS="1042" HPOS="524">
            <String HEIGHT="58" WIDTH="374" VPOS="1042" HPOS="502" CONTENT="riproduzioni." ID="tl_10_1" STYLEREFS="FONT0"/>
            <SP HEIGHT="58" WIDTH="22" VPOS="1042" HPOS="876"/>
            <String HEIGHT="58" WIDTH="110" VPOS="1042" HPOS="810" CONTENT="A" ID="tl_10_2" STYLEREFS="FONT0"/>
            <SP HEIGHT="58" WIDTH="22" VPOS="1042" HPOS="920"/>
            <String HEIGHT="58" WIDTH="264" VPOS="1042" HPOS="854" CONTENT="Venezia," ID="tl_10_3" STYLEREFS="FONT0"/>
            <SP HEIGHT="58" WIDTH="22" VPOS="1042" HPOS="1118"/>
            <String HEIGHT="58" WIDTH="154" VPOS="1042" HPOS="1052" CONTENT="nel" ID="tl_10_4" STYLEREFS="FONT0"/>
            <SP HEIGHT="58" WIDTH="22" VPOS="1042" HPOS="1206"/>
            <String HEIGHT="58" WIDTH="198" VPOS="1042" HPOS="1140" CONTENT="1887," ID="tl_10_5" STYLEREFS="FONT0"/>
            <SP HEIGHT="58" WIDTH="22" VPOS="1042" HPOS="1338"/>
            <String HEIGHT="58" WIDTH="220" VPOS="1042" HPOS="1272" CONTENT="espose" ID="tl_10_6" STYLEREFS="FONT0"/>
            <SP HEIGHT="58" WIDTH="22" VPOS="1042" HPOS="1492"/>
            <String HEIGHT="58" WIDTH="110" VPOS="1042" HPOS="1426" CONTENT="«" ID="tl_10_7" STYLEREFS="FONT0"/>
            <SP HEIGHT="58" WIDTH="22" VPOS="1042" HPOS="1536"/>
            <String HEIGHT="58" WIDTH="286" VPOS="1042" HPOS="1448" CONTENT="Festa" ID="tl_10_8" STYLEREFS="FONT2"/>
          </TextLine>
          <TextLine ID="tl_11" BASELINE="1168" HEIGHT="53" WIDTH="1210" VPOS="1115" HPOS="525">
            <String HEIGHT="53" WIDTH="227" VPOS="1115" HPOS="500" CONTENT="al" ID="tl_11_1" STYLEREFS="FONT2"/>
            <SP HEIGHT="53" WIDTH="25" VPOS="1115" HPOS="727"/>
            <String HEIGHT="53" WIDTH="403" VPOS="1115" HPOS="651" CONTENT="Romitaggio»," ID="tl_11_2" STYLEREFS="FONT2"/>
            <SP HEIGHT="53" WIDTH="25" VPOS="1115" HPOS="1054"/>
            <String HEIGHT="53" WIDTH="176" VPOS="1115" HPOS="979" CONTENT="«In" ID="tl_11_3" STYLEREFS="FONT2"/>
            <SP HEIGHT="53" WIDTH="25" VPOS="1115" HPOS="1155"/>
            <String HEIGHT="53" WIDTH="353" VPOS="1115" HPOS="1080" CONTENT="excelsis»," ID="tl_11_4" STYLEREFS="FONT2"/>
            <SP HEIGHT="53" WIDTH="25" VPOS="1115" HPOS="1433"/>
            <String HEIGHT="53" WIDTH="227" VPOS="1115" HPOS="1357" CONTENT="«Alto" ID="tl_11_5" STYLEREFS="FONT2"/>
            <SP HEIGHT="53" WIDTH="25" VPOS="1115" HPOS="1584"/>
            <String HEIGHT="53" WIDTH="252" VPOS="1115" HPOS="1483" CONTENT="Biel" ID="tl_11_6" STYLEREFS="FONT2"/>
          </TextLine>
          <TextLine ID="tl_12" BASELINE="1235" HEIGHT="56" WIDTH="1211" VPOS="1179" HPOS="522">
            <String HEIGHT="56" WIDTH="343" VPOS="1179" HPOS="502" CONTENT="lese»;" ID="tl_12_1" STYLEREFS="FONT2"/>
            <SP HEIGHT="56" WIDTH="20" VPOS="1179" HPOS="845"/>
            <String HEIGHT="56" WIDTH="101" VPOS="1179" HPOS="784" CONTENT="a" ID="tl_12_2" STYLEREFS="FONT0"/>
            <SP HEIGHT="56" WIDTH="20" VPOS="1179" HPOS="885"/>
            <String HEIGHT="56" WIDTH="222" VPOS="1179" HPOS="825" CONTENT="Milano," ID="tl_12_3" STYLEREFS="FONT0"/>
            <SP HEIGHT="56" WIDTH="20" VPOS="1179" HPOS="1047"/>
            <String HEIGHT="56" WIDTH="141" VPOS="1179" HPOS="986" CONTENT="nel" ID="tl_12_4" STYLEREFS="FONT0"/>
            <SP HEIGHT="56" WIDTH="20" VPOS="1179" HPOS="1128"/>
            <String HEIGHT="56" WIDTH="182" VPOS="1179" HPOS="1067" CONTENT="1894," ID="tl_12_5" STYLEREFS="FONT0"/>
            <SP HEIGHT="56" WIDTH="20" VPOS="1179" HPOS="1249"/>
            <String HEIGHT="56" WIDTH="202" VPOS="1179" HPOS="1188" CONTENT="«La" ID="tl_12_6" STYLEREFS="FONT2"/>
            <SP HEIGHT="56" WIDTH="20" VPOS="1179" HPOS="1390"/>
            <String HEIGHT="56" WIDTH="182" VPOS="1179" HPOS="1329" CONTENT="terra" ID="tl_12_7" STYLEREFS="FONT2"/>
            <SP HEIGHT="56" WIDTH="20" VPOS="1179" HPOS="1511"/>
            <String HEIGHT="56" WIDTH="121" VPOS="1179" HPOS="1450" CONTENT="»," ID="tl_12_8" STYLEREFS="FONT2"/>
            <SP HEIGHT="56" WIDTH="20" VPOS="1179" HPOS="1572"/>
            <String HEIGHT="56" WIDTH="242" VPOS="1179" HPOS="1491" CONTENT="«Sulla" ID="tl_12_9" STYLEREFS="FONT2"/>
          </TextLine>
          <TextLine ID="tl_13" BASELINE="1301" HEIGHT="51" WIDTH="916" VPOS="1250" HPOS="520">
            <String HEIGHT="51" WIDTH="204" VPOS="1250" HPOS="500" CONTENT="via" ID="tl_13_1" STYLEREFS="FONT2"/>
            <SP HEIGHT="51" WIDTH="20" VPOS="1250" HPOS="703"/>
            <String HEIGHT="51" WIDTH="265" VPOS="1250" HPOS="642" CONTENT="sacra" ID="tl_13_2" STYLEREFS="FONT2"/>
            <SP HEIGHT="51" WIDTH="20" VPOS="1250" HPOS="907"/>
            <String HEIGHT="51" WIDTH="122" VPOS="1250" HPOS="846" CONTENT="»," ID="tl_13_3" STYLEREFS="FONT0"/>
            <SP HEIGHT="51" WIDTH="20" VPOS="1250" HPOS="968"/>
            <String HEIGHT="51" WIDTH="102" VPOS="1250" HPOS="907" CONTENT="«" ID="tl_13_4" STYLEREFS="FONT0"/>
            <SP HEIGHT="51" WIDTH="20" VPOS="1250" HPOS="1009"/>
            <String HEIGHT="51" WIDTH="285" VPOS="1250" HPOS="947" CONTENT="Sorrisi" ID="tl_13_5" STYLEREFS="FONT2"/>
            <SP HEIGHT="51" WIDTH="20" VPOS="1250" HPOS="1232"/>
            <String HEIGHT="51" WIDTH="285" VPOS="1250" HPOS="1151" CONTENT="autunnal»." ID="tl_13_6" STYLEREFS="FONT2"/>
          </TextLine>
        </TextBlock>
        <TextBlock ID="r_2_3" HEIGHT="44" WIDTH="1232" VPOS="1349" HPOS="608">
          <TextLine ID="tl_14" BASELINE="1395" HEIGHT="57" WIDTH="1245" VPOS="1338" HPOS="601">
            <String HEIGHT="57" WIDTH="368" VPOS="1338" HPOS="573" CONTENT="80" ID="tl_14_1" STYLEREFS="FONT1"/>
            <SP HEIGHT="57" WIDTH="28" VPOS="1338" HPOS="941"/>
            <String HEIGHT="57" WIDTH="283" VPOS="1338" HPOS="856" CONTENT="San" ID="tl_14_2" STYLEREFS="FONT2"/>
            <SP HEIGHT="57" WIDTH="28" VPOS="1338" HPOS="1139"/>
            <String HEIGHT="57" WIDTH="311" VPOS="1338" HPOS="1054" CONTENT="Martino" ID="tl_14_3" STYLEREFS="FONT2"/>
            <SP HEIGHT="57" WIDTH="28" VPOS="1338" HPOS="1365"/>
            <String HEIGHT="57" WIDTH="141" VPOS="1338" HPOS="1280" CONTENT="a" ID="tl_14_4" STYLEREFS="FONT2"/>
            <SP HEIGHT="57" WIDTH="28" VPOS="1338" HPOS="1422"/>
            <String HEIGHT="57" WIDTH="226" VPOS="1338" HPOS="1337" CONTENT="2000" ID="tl_14_5" STYLEREFS="FONT2"/>
            <SP HEIGHT="57" WIDTH="28" VPOS="1338" HPOS="1563"/>
            <String HEIGHT="57" WIDTH="396" VPOS="1338" HPOS="1478" CONTENT="metr." ID="tl_14_6" STYLEREFS="FONT2"/>
            <SP HEIGHT="57" WIDTH="28" VPOS="1338" HPOS="1874"/>
            <String HEIGHT="57" WIDTH="85" VPOS="1338" HPOS="1761" CONTENT="F" ID="tl_14_7" STYLEREFS="FONT0"/>
          </TextLine>
        </TextBlock>
        <TextBlock ID="r_2_4" HEIGHT="45" WIDTH="1233" VPOS="1415" HPOS="607">
          <TextLine ID="tl_15" BASELINE="1467" HEIGHT="56" WIDTH="1246" VPOS="1411" HPOS="601">
            <String HEIGHT="56" WIDTH="436" VPOS="1411" HPOS="570" CONTENT="81" ID="tl_15_1" STYLEREFS="FONT1"/>
            <SP HEIGHT="56" WIDTH="31" VPOS="1411" HPOS="1006"/>
            <String HEIGHT="56" WIDTH="467" VPOS="1411" HPOS="913" CONTENT="Raccolto" ID="tl_15_2" STYLEREFS="FONT2"/>
            <SP HEIGHT="56" WIDTH="31" VPOS="1411" HPOS="1380"/>
            <String HEIGHT="56" WIDTH="592" VPOS="1411" HPOS="1286" CONTENT="abbondante" ID="tl_15_3" STYLEREFS="FONT2"/>
            <SP HEIGHT="56" WIDTH="31" VPOS="1411" HPOS="1878"/>
            <String HEIGHT="56" WIDTH="93" VPOS="1411" HPOS="1754" CONTENT="F" ID="tl_15_4" STYLEREFS="FONT0"/>
          </TextLine>
        </TextBlock>
        <TextBlock ID="r_2_5" HEIGHT="593" WIDTH="1205" VPOS="1571" HPOS="517">
          <TextLine ID="tl_16" BASELINE="1635" HEIGHT="88" WIDTH="1131" VPOS="1547" HPOS="599">
            <String HEIGHT="88" WIDTH="266" VPOS="1547" HPOS="577" CONTENT="Dell’" ID="tl_16_1" STYLEREFS="FONT1"/>
            <SP HEIGHT="88" WIDTH="22" VPOS="1547" HPOS="843"/>
            <String HEIGHT="88" WIDTH="266" VPOS="1547" HPOS="776" CONTENT="Orto" ID="tl_16_2" STYLEREFS="FONT1"/>
            <SP HEIGHT="88" WIDTH="22" VPOS="1547" HPOS="1043"/>
            <String HEIGHT="88" WIDTH="244" VPOS="1547" HPOS="976" CONTENT="Uberto." ID="tl_16_3" STYLEREFS="FONT0"/>
            <SP HEIGHT="88" WIDTH="22" VPOS="1547" HPOS="1220"/>
            <String HEIGHT="88" WIDTH="111" VPOS="1547" HPOS="1153" CONTENT="—" ID="tl_16_4" STYLEREFS="FONT0"/>
            <SP HEIGHT="88" WIDTH="22" VPOS="1547" HPOS="1264"/>
            <String HEIGHT="88" WIDTH="133" VPOS="1547" HPOS="1198" CONTENT="N." ID="tl_16_5" STYLEREFS="FONT0"/>
            <SP HEIGHT="88" WIDTH="22" VPOS="1547" HPOS="1331"/>
            <String HEIGHT="88" WIDTH="111" VPOS="1547" HPOS="1264" CONTENT="a" ID="tl_16_6" STYLEREFS="FONT0"/>
            <SP HEIGHT="88" WIDTH="22" VPOS="1547" HPOS="1375"/>
            <String HEIGHT="88" WIDTH="244" VPOS="1547" HPOS="1309" CONTENT="Milano." ID="tl_16_7" STYLEREFS="FONT0"/>
            <SP HEIGHT="88" WIDTH="22" VPOS="1547" HPOS="1553"/>
            <String HEIGHT="88" WIDTH="111" VPOS="1547" HPOS="1486" CONTENT="É" ID="tl_16_8" STYLEREFS="FONT0"/>
            <SP HEIGHT="88" WIDTH="22" VPOS="1547" HPOS="1597"/>
            <String HEIGHT="88" WIDTH="222" VPOS="1547" HPOS="1508" CONTENT="paesista" ID="tl_16_9" STYLEREFS="FONT0"/>
          </TextLine>
          <TextLine ID="tl_17" BASELINE="1700" HEIGHT="74" WIDTH="1213" VPOS="1626" HPOS="515">
            <String HEIGHT="74" WIDTH="121" VPOS="1626" HPOS="491" CONTENT="e" ID="tl_17_1" STYLEREFS="FONT0"/>
            <SP HEIGHT="74" WIDTH="24" VPOS="1626" HPOS="612"/>
            <String HEIGHT="74" WIDTH="388" VPOS="1626" HPOS="539" CONTENT="ritrattista." ID="tl_17_2" STYLEREFS="FONT0"/>
            <SP HEIGHT="74" WIDTH="24" VPOS="1626" HPOS="927"/>
            <String HEIGHT="74" WIDTH="121" VPOS="1626" HPOS="855" CONTENT="A" ID="tl_17_3" STYLEREFS="FONT0"/>
            <SP HEIGHT="74" WIDTH="24" VPOS="1626" HPOS="976"/>
            <String HEIGHT="74" WIDTH="243" VPOS="1626" HPOS="903" CONTENT="Torino" ID="tl_17_4" STYLEREFS="FONT0"/>
            <SP HEIGHT="74" WIDTH="24" VPOS="1626" HPOS="1146"/>
            <String HEIGHT="74" WIDTH="170" VPOS="1626" HPOS="1073" CONTENT="nel" ID="tl_17_5" STYLEREFS="FONT0"/>
            <SP HEIGHT="74" WIDTH="24" VPOS="1626" HPOS="1243"/>
            <String HEIGHT="74" WIDTH="194" VPOS="1626" HPOS="1170" CONTENT="1880" ID="tl_17_6" STYLEREFS="FONT0"/>
            <SP HEIGHT="74" WIDTH="24" VPOS="1626" HPOS="1364"/>
            <String HEIGHT="74" WIDTH="291" VPOS="1626" HPOS="1291" CONTENT="esponeva" ID="tl_17_7" STYLEREFS="FONT0"/>
            <SP HEIGHT="74" WIDTH="24" VPOS="1626" HPOS="1582"/>
            <String HEIGHT="74" WIDTH="121" VPOS="1626" HPOS="1510" CONTENT="i" ID="tl_17_8" STYLEREFS="FONT0"/>
            <SP HEIGHT="74" WIDTH="24" VPOS="1626" HPOS="1631"/>
            <String HEIGHT="74" WIDTH="194" VPOS="1626" HPOS="1534" CONTENT="quadri" ID="tl_17_9" STYLEREFS="FONT0"/>
          </TextLine>
          <TextLine ID="tl_18" BASELINE="1755" HEIGHT="57" WIDTH="1205" VPOS="1698" HPOS="524">
            <String HEIGHT="57" WIDTH="320" VPOS="1698" HPOS="499" CONTENT="«Sulle" ID="tl_18_1" STYLEREFS="FONT2"/>
            <SP HEIGHT="57" WIDTH="25" VPOS="1698" HPOS="819"/>
            <String HEIGHT="57" WIDTH="221" VPOS="1698" HPOS="745" CONTENT="Alpi»" ID="tl_18_2" STYLEREFS="FONT2"/>
            <SP HEIGHT="57" WIDTH="25" VPOS="1698" HPOS="967"/>
            <String HEIGHT="57" WIDTH="123" VPOS="1698" HPOS="893" CONTENT="e" ID="tl_18_3" STYLEREFS="FONT2"/>
            <SP HEIGHT="57" WIDTH="25" VPOS="1698" HPOS="1016"/>
            <String HEIGHT="57" WIDTH="369" VPOS="1698" HPOS="942" CONTENT="«Spiaggia" ID="tl_18_4" STYLEREFS="FONT2"/>
            <SP HEIGHT="57" WIDTH="25" VPOS="1698" HPOS="1311"/>
            <String HEIGHT="57" WIDTH="148" VPOS="1698" HPOS="1237" CONTENT="di" ID="tl_18_5" STYLEREFS="FONT2"/>
            <SP HEIGHT="57" WIDTH="25" VPOS="1698" HPOS="1385"/>
            <String HEIGHT="57" WIDTH="369" VPOS="1698" HPOS="1311" CONTENT="Luino»;" ID="tl_18_6" STYLEREFS="FONT2"/>
            <SP HEIGHT="57" WIDTH="25" VPOS="1698" HPOS="1680"/>
            <String HEIGHT="57" WIDTH="148" VPOS="1698" HPOS="1581" CONTENT="alla" ID="tl_18_7" STYLEREFS="FONT0"/>
          </TextLine>
          <TextLine ID="tl_19" BASELINE="1820" HEIGHT="57" WIDTH="1209" VPOS="1763" HPOS="518">
            <String HEIGHT="57" WIDTH="339" VPOS="1763" HPOS="494" CONTENT="Permanente" ID="tl_19_1" STYLEREFS="FONT0"/>
            <SP HEIGHT="57" WIDTH="24" VPOS="1763" HPOS="832"/>
            <String HEIGHT="57" WIDTH="145" VPOS="1763" HPOS="760" CONTENT="di" ID="tl_19_2" STYLEREFS="FONT0"/>
            <SP HEIGHT="57" WIDTH="24" VPOS="1763" HPOS="905"/>
            <String HEIGHT="57" WIDTH="242" VPOS="1763" HPOS="832" CONTENT="Milano" ID="tl_19_3" STYLEREFS="FONT0"/>
            <SP HEIGHT="57" WIDTH="24" VPOS="1763" HPOS="1074"/>
            <String HEIGHT="57" WIDTH="169" VPOS="1763" HPOS="1002" CONTENT="nel" ID="tl_19_4" STYLEREFS="FONT0"/>
            <SP HEIGHT="57" WIDTH="24" VPOS="1763" HPOS="1171"/>
            <String HEIGHT="57" WIDTH="193" VPOS="1763" HPOS="1098" CONTENT="1886" ID="tl_19_5" STYLEREFS="FONT0"/>
            <SP HEIGHT="57" WIDTH="24" VPOS="1763" HPOS="1292"/>
            <String HEIGHT="57" WIDTH="121" VPOS="1763" HPOS="1219" CONTENT="«" ID="tl_19_6" STYLEREFS="FONT0"/>
            <SP HEIGHT="57" WIDTH="24" VPOS="1763" HPOS="1340"/>
            <String HEIGHT="57" WIDTH="387" VPOS="1763" HPOS="1268" CONTENT="Crepuscolo" ID="tl_19_7" STYLEREFS="FONT2"/>
            <SP HEIGHT="57" WIDTH="24" VPOS="1763" HPOS="1654"/>
            <String HEIGHT="57" WIDTH="169" VPOS="1763" HPOS="1558" CONTENT="a" ID="tl_19_8" STYLEREFS="FONT2"/>
          </TextLine>
          <TextLine ID="tl_20" BASELINE="1891" HEIGHT="65" WIDTH="1213" VPOS="1826" HPOS="513">
            <String HEIGHT="65" WIDTH="458" VPOS="1826" HPOS="490" CONTENT="Madesimo»" ID="tl_20_1" STYLEREFS="FONT2"/>
            <SP HEIGHT="65" WIDTH="23" VPOS="1826" HPOS="948"/>
            <String HEIGHT="65" WIDTH="114" VPOS="1826" HPOS="879" CONTENT="e" ID="tl_20_2" STYLEREFS="FONT0"/>
            <SP HEIGHT="65" WIDTH="23" VPOS="1826" HPOS="994"/>
            <String HEIGHT="65" WIDTH="229" VPOS="1826" HPOS="925" CONTENT="alcuni" ID="tl_20_3" STYLEREFS="FONT0"/>
            <SP HEIGHT="65" WIDTH="23" VPOS="1826" HPOS="1154"/>
            <String HEIGHT="65" WIDTH="275" VPOS="1826" HPOS="1085" CONTENT="ritratti" ID="tl_20_4" STYLEREFS="FONT0"/>
            <SP HEIGHT="65" WIDTH="23" VPOS="1826" HPOS="1360"/>
            <String HEIGHT="65" WIDTH="114" VPOS="1826" HPOS="1291" CONTENT="i" ID="tl_20_5" STYLEREFS="FONT0"/>
            <SP HEIGHT="65" WIDTH="23" VPOS="1826" HPOS="1406"/>
            <String HEIGHT="65" WIDTH="206" VPOS="1826" HPOS="1337" CONTENT="quali" ID="tl_20_6" STYLEREFS="FONT0"/>
            <SP HEIGHT="65" WIDTH="23" VPOS="1826" HPOS="1543"/>
            <String HEIGHT="65" WIDTH="275" VPOS="1826" HPOS="1451" CONTENT="attrassero" ID="tl_20_7" STYLEREFS="FONT0"/>
          </TextLine>
          <TextLine ID="tl_21" BASELINE="1954" HEIGHT="55" WIDTH="1215" VPOS="1899" HPOS="511">
            <String HEIGHT="55" WIDTH="322" VPOS="1899" HPOS="486" CONTENT="vivamente" ID="tl_21_1" STYLEREFS="FONT0"/>
            <SP HEIGHT="55" WIDTH="25" VPOS="1899" HPOS="809"/>
            <String HEIGHT="55" WIDTH="149" VPOS="1899" HPOS="734" CONTENT="l’" ID="tl_21_2" STYLEREFS="FONT0"/>
            <SP HEIGHT="55" WIDTH="25" VPOS="1899" HPOS="883"/>
            <String HEIGHT="55" WIDTH="347" VPOS="1899" HPOS="809" CONTENT="attenzione" ID="tl_21_3" STYLEREFS="FONT0"/>
            <SP HEIGHT="55" WIDTH="25" VPOS="1899" HPOS="1156"/>
            <String HEIGHT="55" WIDTH="174" VPOS="1899" HPOS="1081" CONTENT="del" ID="tl_21_4" STYLEREFS="FONT0"/>
            <SP HEIGHT="55" WIDTH="25" VPOS="1899" HPOS="1255"/>
            <String HEIGHT="55" WIDTH="322" VPOS="1899" HPOS="1180" CONTENT="pubblico." ID="tl_21_5" STYLEREFS="FONT0"/>
            <SP HEIGHT="55" WIDTH="25" VPOS="1899" HPOS="1503"/>
            <String HEIGHT="55" WIDTH="198" VPOS="1899" HPOS="1428" CONTENT="Alla" ID="tl_21_6" STYLEREFS="FONT0"/>
            <SP HEIGHT="55" WIDTH="25" VPOS="1899" HPOS="1627"/>
            <String HEIGHT="55" WIDTH="198" VPOS="1899" HPOS="1528" CONTENT="Mostra" ID="tl_21_7" STYLEREFS="FONT0"/>
          </TextLine>
          <TextLine ID="tl_22" BASELINE="2036" HEIGHT="65" WIDTH="1215" VPOS="1971" HPOS="511">
            <String HEIGHT="65" WIDTH="298" VPOS="1971" HPOS="486" CONTENT="milanese" ID="tl_22_1" STYLEREFS="FONT0"/>
            <SP HEIGHT="65" WIDTH="25" VPOS="1971" HPOS="784"/>
            <String HEIGHT="65" WIDTH="174" VPOS="1971" HPOS="709" CONTENT="del" ID="tl_22_2" STYLEREFS="FONT0"/>
            <SP HEIGHT="65" WIDTH="25" VPOS="1971" HPOS="883"/>
            <String HEIGHT="65" WIDTH="198" VPOS="1971" HPOS="809" CONTENT="1894" ID="tl_22_3" STYLEREFS="FONT0"/>
            <SP HEIGHT="65" WIDTH="25" VPOS="1971" HPOS="1007"/>
            <String HEIGHT="65" WIDTH="347" VPOS="1971" HPOS="933" CONTENT="figuravano" ID="tl_22_4" STYLEREFS="FONT0"/>
            <SP HEIGHT="65" WIDTH="25" VPOS="1971" HPOS="1280"/>
            <String HEIGHT="65" WIDTH="124" VPOS="1971" HPOS="1205" CONTENT="i" ID="tl_22_5" STYLEREFS="FONT0"/>
            <SP HEIGHT="65" WIDTH="25" VPOS="1971" HPOS="1329"/>
            <String HEIGHT="65" WIDTH="198" VPOS="1971" HPOS="1255" CONTENT="suoi" ID="tl_22_6" STYLEREFS="FONT0"/>
            <SP HEIGHT="65" WIDTH="25" VPOS="1971" HPOS="1453"/>
            <String HEIGHT="65" WIDTH="273" VPOS="1971" HPOS="1379" CONTENT="robusti" ID="tl_22_7" STYLEREFS="FONT0"/>
            <SP HEIGHT="65" WIDTH="25" VPOS="1971" HPOS="1652"/>
            <String HEIGHT="65" WIDTH="174" VPOS="1971" HPOS="1552" CONTENT="paesi" ID="tl_22_8" STYLEREFS="FONT0"/>
          </TextLine>
          <TextLine ID="tl_23" BASELINE="2092" HEIGHT="45" WIDTH="1209" VPOS="2047" HPOS="520">
            <String HEIGHT="45" WIDTH="202" VPOS="2047" HPOS="491" CONTENT="«Al" ID="tl_23_1" STYLEREFS="FONT0"/>
            <SP HEIGHT="45" WIDTH="29" VPOS="2047" HPOS="693"/>
            <String HEIGHT="45" WIDTH="259" VPOS="2047" HPOS="606" CONTENT="passo" ID="tl_23_2" STYLEREFS="FONT0"/>
            <SP HEIGHT="45" WIDTH="29" VPOS="2047" HPOS="865"/>
            <String HEIGHT="45" WIDTH="345" VPOS="2047" HPOS="779" CONTENT="d’Adda»," ID="tl_23_3" STYLEREFS="FONT0"/>
            <SP HEIGHT="45" WIDTH="29" VPOS="2047" HPOS="1125"/>
            <String HEIGHT="45" WIDTH="202" VPOS="2047" HPOS="1038" CONTENT="«Ai" ID="tl_23_4" STYLEREFS="FONT0"/>
            <SP HEIGHT="45" WIDTH="29" VPOS="2047" HPOS="1240"/>
            <String HEIGHT="45" WIDTH="259" VPOS="2047" HPOS="1153" CONTENT="piedi" ID="tl_23_5" STYLEREFS="FONT0"/>
            <SP HEIGHT="45" WIDTH="29" VPOS="2047" HPOS="1412"/>
            <String HEIGHT="45" WIDTH="202" VPOS="2047" HPOS="1326" CONTENT="del" ID="tl_23_6" STYLEREFS="FONT0"/>
            <SP HEIGHT="45" WIDTH="29" VPOS="2047" HPOS="1528"/>
            <String HEIGHT="45" WIDTH="317" VPOS="2047" HPOS="1412" CONTENT="Monte" ID="tl_23_7" STYLEREFS="FONT0"/>
          </TextLine>
          <TextLine ID="tl_24" BASELINE="2157" HEIGHT="59" WIDTH="1168" VPOS="2098" HPOS="510">
            <String HEIGHT="59" WIDTH="257" VPOS="2098" HPOS="487" CONTENT="Rosa" ID="tl_24_1" STYLEREFS="FONT2"/>
            <SP HEIGHT="59" WIDTH="23" VPOS="2098" HPOS="744"/>
            <String HEIGHT="59" WIDTH="140" VPOS="2098" HPOS="674" CONTENT="»," ID="tl_24_2" STYLEREFS="FONT2"/>
            <SP HEIGHT="59" WIDTH="23" VPOS="2098" HPOS="814"/>
            <String HEIGHT="59" WIDTH="117" VPOS="2098" HPOS="744" CONTENT="«" ID="tl_24_3" STYLEREFS="FONT2"/>
            <SP HEIGHT="59" WIDTH="23" VPOS="2098" HPOS="860"/>
            <String HEIGHT="59" WIDTH="257" VPOS="2098" HPOS="790" CONTENT="Primi" ID="tl_24_4" STYLEREFS="FONT2"/>
            <SP HEIGHT="59" WIDTH="23" VPOS="2098" HPOS="1047"/>
            <String HEIGHT="59" WIDTH="304" VPOS="2098" HPOS="977" CONTENT="pascoli»," ID="tl_24_5" STYLEREFS="FONT2"/>
            <SP HEIGHT="59" WIDTH="23" VPOS="2098" HPOS="1281"/>
            <String HEIGHT="59" WIDTH="210" VPOS="2098" HPOS="1211" CONTENT="«Sole" ID="tl_24_6" STYLEREFS="FONT2"/>
            <SP HEIGHT="59" WIDTH="23" VPOS="2098" HPOS="1421"/>
            <String HEIGHT="59" WIDTH="350" VPOS="2098" HPOS="1328" CONTENT="morente»." ID="tl_24_7" STYLEREFS="FONT2"/>
          </TextLine>
        </TextBlock>
        <TextBlock ID="r_2_6" HEIGHT="56" WIDTH="1232" VPOS="2199" HPOS="602">
          <TextLine ID="tl_25" BASELINE="2259" HEIGHT="69" WIDTH="1244" VPOS="2190" HPOS="596">
            <String HEIGHT="69" WIDTH="404" VPOS="2190" HPOS="565" CONTENT="82" ID="tl_25_1" STYLEREFS="FONT1"/>
            <SP HEIGHT="69" WIDTH="31" VPOS="2190" HPOS="969"/>
            <String HEIGHT="69" WIDTH="467" VPOS="2190" HPOS="876" CONTENT="Batterie" ID="tl_25_2" STYLEREFS="FONT2"/>
            <SP HEIGHT="69" WIDTH="31" VPOS="2190" HPOS="1342"/>
            <String HEIGHT="69" WIDTH="187" VPOS="2190" HPOS="1249" CONTENT="di" ID="tl_25_3" STYLEREFS="FONT2"/>
            <SP HEIGHT="69" WIDTH="31" VPOS="2190" HPOS="1436"/>
            <String HEIGHT="69" WIDTH="529" VPOS="2190" HPOS="1342" CONTENT="montagna" ID="tl_25_4" STYLEREFS="FONT2"/>
            <SP HEIGHT="69" WIDTH="31" VPOS="2190" HPOS="1871"/>
            <String HEIGHT="69" WIDTH="93" VPOS="2190" HPOS="1747" CONTENT="F" ID="tl_25_5" STYLEREFS="FONT0"/>
          </TextLine>
        </TextBlock>
        <TextBlock ID="r_2_7" HEIGHT="255" WIDTH="1206" VPOS="2350" HPOS="513">
          <TextLine ID="tl_26" BASELINE="2412" HEIGHT="74" WIDTH="1130" VPOS="2338" HPOS="590">
            <String HEIGHT="74" WIDTH="377" VPOS="2338" HPOS="566" CONTENT="Delug" ID="tl_26_1" STYLEREFS="FONT1"/>
            <SP HEIGHT="74" WIDTH="24" VPOS="2338" HPOS="943"/>
            <String HEIGHT="74" WIDTH="235" VPOS="2338" HPOS="873" CONTENT="Alois." ID="tl_26_2" STYLEREFS="FONT0"/>
            <SP HEIGHT="74" WIDTH="24" VPOS="2338" HPOS="1108"/>
            <String HEIGHT="74" WIDTH="118" VPOS="2338" HPOS="1037" CONTENT="—" ID="tl_26_3" STYLEREFS="FONT0"/>
            <SP HEIGHT="74" WIDTH="24" VPOS="2338" HPOS="1155"/>
            <String HEIGHT="74" WIDTH="141" VPOS="2338" HPOS="1084" CONTENT="N." ID="tl_26_4" STYLEREFS="FONT0"/>
            <SP HEIGHT="74" WIDTH="24" VPOS="2338" HPOS="1226"/>
            <String HEIGHT="74" WIDTH="118" VPOS="2338" HPOS="1155" CONTENT="a" ID="tl_26_5" STYLEREFS="FONT0"/>
            <SP HEIGHT="74" WIDTH="24" VPOS="2338" HPOS="1273"/>
            <String HEIGHT="74" WIDTH="259" VPOS="2338" HPOS="1202" CONTENT="Bolzano" ID="tl_26_6" STYLEREFS="FONT0"/>
            <SP HEIGHT="74" WIDTH="24" VPOS="2338" HPOS="1461"/>
            <String HEIGHT="74" WIDTH="283" VPOS="2338" HPOS="1390" CONTENT="(Tirolot" ID="tl_26_7" STYLEREFS="FONT0"/>
            <SP HEIGHT="74" WIDTH="24" VPOS="2338" HPOS="1673"/>
            <String HEIGHT="74" WIDTH="141" VPOS="2338" HPOS="1602" CONTENT="il" ID="tl_26_8" STYLEREFS="FONT0"/>
            <SP HEIGHT="74" WIDTH="24" VPOS="2338" HPOS="1744"/>
            <String HEIGHT="74" WIDTH="71" VPOS="2338" HPOS="1649" CONTENT="5" ID="tl_26_9" STYLEREFS="FONT0"/>
          </TextLine>
          <TextLine ID="tl_27" BASELINE="2469" HEIGHT="57" WIDTH="1217" VPOS="2412" HPOS="508">
            <String HEIGHT="57" WIDTH="254" VPOS="2412" HPOS="483" CONTENT="Maggio" ID="tl_27_1" STYLEREFS="FONT0"/>
            <SP HEIGHT="57" WIDTH="25" VPOS="2412" HPOS="736"/>
            <String HEIGHT="57" WIDTH="228" VPOS="2412" HPOS="660" CONTENT="1859." ID="tl_27_2" STYLEREFS="FONT0"/>
            <SP HEIGHT="57" WIDTH="25" VPOS="2412" HPOS="888"/>
            <String HEIGHT="57" WIDTH="152" VPOS="2412" HPOS="812" CONTENT="Il" ID="tl_27_3" STYLEREFS="FONT0"/>
            <SP HEIGHT="57" WIDTH="25" VPOS="2412" HPOS="964"/>
            <String HEIGHT="57" WIDTH="228" VPOS="2412" HPOS="888" CONTENT="Delug" ID="tl_27_4" STYLEREFS="FONT0"/>
            <SP HEIGHT="57" WIDTH="25" VPOS="2412" HPOS="1116"/>
            <String HEIGHT="57" WIDTH="152" VPOS="2412" HPOS="1040" CONTENT="si" ID="tl_27_5" STYLEREFS="FONT0"/>
            <SP HEIGHT="57" WIDTH="25" VPOS="2412" HPOS="1193"/>
            <String HEIGHT="57" WIDTH="254" VPOS="2412" HPOS="1116" CONTENT="volse," ID="tl_27_6" STYLEREFS="FONT0"/>
            <SP HEIGHT="57" WIDTH="25" VPOS="2412" HPOS="1370"/>
            <String HEIGHT="57" WIDTH="228" VPOS="2412" HPOS="1294" CONTENT="nella" ID="tl_27_7" STYLEREFS="FONT0"/>
            <SP HEIGHT="57" WIDTH="25" VPOS="2412" HPOS="1522"/>
            <String HEIGHT="57" WIDTH="228" VPOS="2412" HPOS="1446" CONTENT="prima" ID="tl_27_8" STYLEREFS="FONT0"/>
            <SP HEIGHT="57" WIDTH="25" VPOS="2412" HPOS="1674"/>
            <String HEIGHT="57" WIDTH="152" VPOS="2412" HPOS="1573" CONTENT="gio" SUBS_TYPE="HypPart1" SUBS_CONTENT="giovinezza," ID="tl_27_9" STYLEREFS="FONT0"/>
            <HYP CONTENT="-"/>
          </TextLine>
          <TextLine ID="tl_28" BASELINE="2529" HEIGHT="55" WIDTH="1216" VPOS="2474" HPOS="507">
            <String HEIGHT="55" WIDTH="265" VPOS="2474" HPOS="485" CONTENT="vinezza," SUBS_TYPE="HypPart2" SUBS_CONTENT="giovinezza," ID="tl_28_1" STYLEREFS="FONT0"/>
            <SP HEIGHT="55" WIDTH="22" VPOS="2474" HPOS="750"/>
            <String HEIGHT="55" WIDTH="177" VPOS="2474" HPOS="684" CONTENT="agli" ID="tl_28_2" STYLEREFS="FONT0"/>
            <SP HEIGHT="55" WIDTH="22" VPOS="2474" HPOS="861"/>
            <String HEIGHT="55" WIDTH="199" VPOS="2474" HPOS="794" CONTENT="studi" ID="tl_28_3" STYLEREFS="FONT0"/>
            <SP HEIGHT="55" WIDTH="22" VPOS="2474" HPOS="993"/>
            <String HEIGHT="55" WIDTH="332" VPOS="2474" HPOS="927" CONTENT="filosofici," ID="tl_28_4" STYLEREFS="FONT0"/>
            <SP HEIGHT="55" WIDTH="22" VPOS="2474" HPOS="1259"/>
            <String HEIGHT="55" WIDTH="133" VPOS="2474" HPOS="1192" CONTENT="e," ID="tl_28_5" STYLEREFS="FONT0"/>
            <SP HEIGHT="55" WIDTH="22" VPOS="2474" HPOS="1325"/>
            <String HEIGHT="55" WIDTH="177" VPOS="2474" HPOS="1259" CONTENT="solo" ID="tl_28_6" STYLEREFS="FONT0"/>
            <SP HEIGHT="55" WIDTH="22" VPOS="2474" HPOS="1436"/>
            <String HEIGHT="55" WIDTH="155" VPOS="2474" HPOS="1369" CONTENT="più" ID="tl_28_7" STYLEREFS="FONT0"/>
            <SP HEIGHT="55" WIDTH="22" VPOS="2474" HPOS="1524"/>
            <String HEIGHT="55" WIDTH="221" VPOS="2474" HPOS="1458" CONTENT="tardi," ID="tl_28_8" STYLEREFS="FONT0"/>
            <SP HEIGHT="55" WIDTH="22" VPOS="2474" HPOS="1679"/>
            <String HEIGHT="55" WIDTH="133" VPOS="2474" HPOS="1590" CONTENT="ini" SUBS_TYPE="HypPart1" SUBS_CONTENT="iniziô" ID="tl_28_9" STYLEREFS="FONT0"/>
            <HYP CONTENT="-"/>
          </TextLine>
          <TextLine ID="tl_29" BASELINE="2620" HEIGHT="65" WIDTH="1217" VPOS="2555" HPOS="507">
            <String HEIGHT="65" WIDTH="181" VPOS="2555" HPOS="481" CONTENT="ziô" SUBS_TYPE="HypPart2" SUBS_CONTENT="iniziô" ID="tl_29_1" STYLEREFS="FONT0"/>
            <SP HEIGHT="65" WIDTH="26" VPOS="2555" HPOS="662"/>
            <String HEIGHT="65" WIDTH="155" VPOS="2555" HPOS="585" CONTENT="la" ID="tl_29_2" STYLEREFS="FONT0"/>
            <SP HEIGHT="65" WIDTH="26" VPOS="2555" HPOS="740"/>
            <String HEIGHT="65" WIDTH="181" VPOS="2555" HPOS="662" CONTENT="sua" ID="tl_29_3" STYLEREFS="FONT0"/>
            <SP HEIGHT="65" WIDTH="26" VPOS="2555" HPOS="844"/>
            <String HEIGHT="65" WIDTH="363" VPOS="2555" HPOS="766" CONTENT="educazione" ID="tl_29_4" STYLEREFS="FONT0"/>
            <SP HEIGHT="65" WIDTH="26" VPOS="2555" HPOS="1128"/>
            <String HEIGHT="65" WIDTH="337" VPOS="2555" HPOS="1051" CONTENT="artistica" ID="tl_29_5" STYLEREFS="FONT0"/>
            <SP HEIGHT="65" WIDTH="26" VPOS="2555" HPOS="1387"/>
            <String HEIGHT="65" WIDTH="129" VPOS="2555" HPOS="1310" CONTENT="a" ID="tl_29_6" STYLEREFS="FONT0"/>
            <SP HEIGHT="65" WIDTH="26" VPOS="2555" HPOS="1439"/>
            <String HEIGHT="65" WIDTH="285" VPOS="2555" HPOS="1361" CONTENT="Vienna," ID="tl_29_7" STYLEREFS="FONT0"/>
            <SP HEIGHT="65" WIDTH="26" VPOS="2555" HPOS="1646"/>
            <String HEIGHT="65" WIDTH="181" VPOS="2555" HPOS="1543" CONTENT="sotto" ID="tl_29_8" STYLEREFS="FONT0"/>
          </TextLine>
        </TextBlock>
        <TextBlock ID="r_4_1" HEIGHT="34" WIDTH="202" VPOS="3083" HPOS="1809">
          <TextLine ID="tl_30" BASELINE="3123" HEIGHT="65" WIDTH="215" VPOS="3058" HPOS="1802">
            <String HEIGHT="65" WIDTH="198" VPOS="3058" HPOS="1785" CONTENT="Original" ID="tl_30_1" STYLEREFS="FONT0"/>
            <SP HEIGHT="65" WIDTH="17" VPOS="3058" HPOS="1984"/>
            <String HEIGHT="65" WIDTH="99" VPOS="3058" HPOS="1918" CONTENT="from" ID="tl_30_2" STYLEREFS="FONT0"/>
          </TextLine>
        </TextBlock>
        <TextBlock ID="r_4_2" HEIGHT="34" WIDTH="516" VPOS="3130" HPOS="1652">
          <TextLine ID="tl_31" BASELINE="3171" HEIGHT="48" WIDTH="529" VPOS="3123" HPOS="1645">
            <String HEIGHT="48" WIDTH="337" VPOS="3123" HPOS="1621" CONTENT="UNIVERSITY" ID="tl_31_1" STYLEREFS="FONT0"/>
            <SP HEIGHT="48" WIDTH="24" VPOS="3123" HPOS="1958"/>
            <String HEIGHT="48" WIDTH="144" VPOS="3123" HPOS="1885" CONTENT="OF" ID="tl_31_2" STYLEREFS="FONT0"/>
            <SP HEIGHT="48" WIDTH="24" VPOS="3123" HPOS="2030"/>
            <String HEIGHT="48" WIDTH="240" VPOS="3123" HPOS="1934" CONTENT="MICHIGAN" ID="tl_31_3" STYLEREFS="FONT0"/>
          </TextLine>
        </TextBlock>
        <Illustration ID="r_3" HEIGHT="98" WIDTH="476" VPOS="3072" HPOS="400"/>
      </PrintSpace>
    </Page>
  </Layout>
</alto>
