2550 3299
1027 378 186 66 —
1064 378 149 66 16

1690 394 179 41 SALA

585 474 577 56 Trentacoste
1083 474 341 56 Domenico.
1345 474 131 56 —
1397 474 157 56 N.
1476 474 131 56 a
1502 474 236 56 Palermo

506 548 172 63 nel
605 548 221 63 1860,
752 548 172 63 non
850 548 221 63 molto
997 548 196 63 noto
1120 548 147 63 in
1194 548 270 63 Italia,
1390 548 147 63 ma
1439 548 295 63 degnamente

508 601 338 70 apprezzato
773 601 145 70 in
846 601 265 70 Francia
1039 601 121 70 e
1087 601 145 70 in
1159 601 386 70 Inghilterra.
1473 601 145 70 Si
1521 601 217 70 stabili

508 691 176 56 nel
609 691 201 56 1880
734 691 126 56 a
785 691 252 56 Parigi
961 691 176 56 ove
1061 691 252 56 dimora
1238 691 126 56 e
1288 691 378 56 annualmente
1565 691 176 56 espo-

512 746 162 59 ne.
605 746 116 59 E
651 746 162 59 sua
744 746 139 59 la
813 746 232 59 nobile
976 746 116 59 e
1022 746 255 59 pensosa
1208 746 232 59 statua
1370 746 162 59 del
1440 746 302 59 «i>Rac

506 827 522 57 coglimento»
957 827 166 57 che
1052 827 190 57 orna
1170 827 142 57 il
1241 827 308 57 monumento
1455 827 284 57 sepolcrale

509 891 217 49 della
654 891 289 49 sorella,
870 891 217 49 Maria
1015 891 337 49 Antonietta
1280 891 386 49 Trentacoste,
1593 891 121 49 a
1618 891 121 49 Pa

477 947 220 57 lermo.

549 1064 545 68 430
984 1064 327 68 La
1202 1064 690 68 diseredata
1747 1064 109 68 E

572 1140 186 72 431
708 1140 199 72 Ofelia

587 1362 517 62 Troubetzkoy
1033 1362 235 62 Paolo.
1197 1362 117 62 —
1244 1362 188 62 Nato
1361 1362 141 62 da
1432 1362 164 62 una
1502 1362 235 62 famiglia

508 1426 250 74 russa,
683 1426 250 74 nobile
859 1426 125 74 e
909 1426 250 74 ricca,
1084 1426 250 74 (Intra
1259 1426 150 74 16
1334 1426 301 74 febbraio
1535 1426 200 74 1866),

508 1498 226 74 passô
658 1498 150 74 la
734 1498 175 74 sua
834 1498 351 74 giovinezza
1109 1498 150 74 in
1185 1498 150 74 un
1260 1498 301 74 ambiente
1485 1498 150 74 di
1536 1498 201 74 sfarzo

506 1563 284 73 geniale.
719 1563 142 73 Si
790 1563 213 73 diede
932 1563 166 73 fin
1027 1563 213 73 dall’
1169 1563 355 73 adolescenza
1453 1563 118 73 a
1477 1563 260 73 modellare

505 1627 284 65 cavalli,
719 1627 119 65 a
766 1627 284 65 disegnar
979 1627 237 65 teste,
1145 1627 119 65 e
1193 1627 284 65 continuô
1406 1627 142 65 da
1477 1627 190 65 solo
1596 1627 119 65 a
1619 1627 119 65 la-

509 1720 240 44 vorare
677 1720 120 44 e
725 1720 120 44 a
773 1720 408 44 perfezionarsi
1109 1720 216 44 nell’
1253 1720 192 44 arte
1373 1720 216 44 della
1493 1720 240 44 scultura

505 1786 314 43 cercando
741 1786 157 43 di
819 1786 341 43 esprimere
1081 1786 445 43 plasticamente
1448 1786 183 43 ciô
1553 1786 183 43 che
1631 1786 105 43 lo

504 1835 307 63 colpiva,
735 1835 230 63 senza
888 1835 410 63 preoccuparsi
1221 1835 154 63 di
1298 1835 256 63 alcuna
1477 1835 282 63 maniera
1656 1835 77 63 0

504 1906 256 57 metodo
684 1906 128 57 o
735 1906 359 57 indirizzo.
1017 1906 154 57 Le
1094 1906 179 57 sue
1197 1906 231 57 opere
1350 1906 282 57 tendono
1530 1906 205 57 sempre

507 1979 118 65 a
555 1979 330 65 riprodurre
814 1979 188 65 l
931 1979 353 65 espressione
1214 1979 165 65 del
1308 1979 424 65 movimento
1638 1979 94 65 Il

505 2045 355 58 Troubetzkoy
789 2045 142 58 ha
860 2045 284 58 eseguito
1073 2045 213 58 molti
1215 2045 284 58 ritratti
1428 2045 118 58 e
1476 2045 118 58 i
1499 2045 237 58 bozzetti

503 2121 151 50 di
578 2121 301 50 parecchi
804 2121 351 50 monumenti,
1080 2121 201 50 come
1206 2121 251 50 quelli
1382 2121 151 50 di
1457 2121 226 50 Dante
1582 2121 151 50 Ali-

503 2172 262 80 ghieri
686 2172 314 80 (Trento)
921 2172 183 80 nel
1026 2172 235 80 quale
1183 2172 262 80 mostrô
1366 2172 157 80 di
1444 2172 235 80 avere
1575 2172 157 80 pro-

505 2240 351 75 fondamente
781 2240 276 75 intuito
982 2240 276 75 l’anima
1182 2240 176 75 del
1283 2240 251 75 divino
1458 2240 251 75 poeta,
1609 2240 125 75 del

503 2315 328 72 principe
749 2315 274 72 Amedeo
940 2315 356 72 (Torino),
1214 2315 192 72 del
1324 2315 328 72 generale
1542 2315 192 72 Fanti

503 2378 307 70 (Carpi),
734 2378 154 70 di
811 2378 154 70 G.
887 2378 333 70 Garibaldi
1143 2378 282 70 (Napoli
1348 2378 128 70 e
1399 2378 307 70 Milano).
1604 2378 128 70 Ora

497 2442 201 65 sta
612 2442 402 65 conducendo
928 2442 144 65 a
985 2442 230 65 fine
1129 2442 172 65 il
1215 2442 373 65 monumento
1474 2442 258 65 Cadorna

504 2515 290 67 (Intra).
721 2515 339 67 Animalista
987 2515 145 67 di
1060 2515 266 67 vaglia,
1253 2515 145 67 ha
1326 2515 290 67 plasmato
1544 2515 169 67 una
1616 2515 121 67 nu

1622 3113 335 59 UNIVERSITY
1886 3113 144 59 OF
1933 3113 240 59 MICHIGAN
