2550 3299
966 413 257 55 —111

1684 428 183 39 SALA

501 499 157 65 il
579 499 235 65 quale
736 499 157 65 fu
814 499 287 65 gustato
1023 499 131 65 e
1075 499 366 65 apprezzato
1362 499 131 65 a
1415 499 287 65 Berlino
1624 499 131 65 e
1650 499 78 65 a

498 572 271 57 Londra,
695 572 221 57 forse
843 572 221 57 prima
990 572 172 57 che
1089 572 148 57 in
1162 572 271 57 Italia.
1359 572 197 57 Egli
1482 572 221 57 rende
1605 572 123 57 con

497 634 205 72 certo
634 634 251 72 fascino
817 634 251 72 strano,
999 634 114 72 e
1045 634 205 72 quasi
1182 634 342 72 enigmatico,
1455 634 160 72 gli
1524 634 205 72 effetti

494 707 229 56 della
646 707 203 56 luce
748 707 254 56 notturna

559 795 277 66 209
780 795 166 66 La
891 795 166 66 barca
1001 795 92 66 a
1038 795 258 66 torsio
1223 795 221 66 (Novella).

559 867 243 64 210
753 867 243 64 Luna
932 867 194 64 (Venezia).

575 1003 369 63 Marr
870 1003 221 63 Carl.
1018 1003 123 63 —
1067 1003 148 63 N.
1141 1003 123 63 a
1190 1003 320 63 Milwaukee
1411 1003 320 63 (Wisconzin)

495 1074 160 58 il
575 1074 160 58 14
656 1074 321 58 Febbraio
896 1074 241 58 1858;
1057 1074 214 58 vive
1190 1074 134 58 a
1244 1074 294 58 Monaco.
1458 1074 267 58 Tratta
1618 1074 107 58 il

496 1139 232 62 quadro
658 1139 139 62 di
728 1139 255 62 genere,
913 1139 139 62 e,
983 1139 162 62 con
1076 1139 371 62 grandiosità,
1377 1139 139 62 il
1447 1139 232 62 quadro
1586 1139 139 62 sto-

493 1209 241 58 rico.
654 1209 188 58 Una
761 1209 188 58 sua
868 1209 241 58 opera
1029 1209 456 58 eminentemente
1404 1209 348 58 nazionale
1646 1209 80 58 é

503 1275 123 53 «
553 1275 221 53 La
700 1275 295 53 Germania
922 1275 246 53 nel
1069 1275 197 53 1806».

537 1366 507 79 211
935 1366 290 79 I
1116 1366 760 79 flagellant.
1731 1366 109 79 K

576 1506 446 65 Mentessi
951 1506 305 65 Giuseppe.
1185 1506 117 65 —
1232 1506 141 65 N.
1303 1506 117 65 a
1350 1506 282 65 Ferrara,
1561 1506 188 65 vive
1655 1506 70 65 a

493 1563 282 71 Milano.
699 1563 128 71 É
750 1563 282 71 artista
956 1563 180 71 che
1058 1563 154 71 s’
1135 1563 308 71 inspira,
1366 1563 180 71 con
1444 1563 282 71 sincerità

494 1651 139 49 di
563 1651 325 49 effusione,
819 1651 139 49 ai
889 1651 325 49 sentimenti
1144 1651 209 49 dolci
1284 1651 139 49 ed
1353 1651 302 49 elegiaci.
1562 1651 163 49 Nella

497 1706 251 58 Mostra
673 1706 302 58 milanese
899 1706 176 58 del
999 1706 201 58 1894
1125 1706 251 58 espose
1276 1706 452 58 «Lagrime».

493 1771 256 64 Tratta
673 1771 179 64 con
775 1771 231 64 molta
929 1771 282 64 perizia
1134 1771 154 64 l’
1211 1771 333 64 incisione
1468 1771 154 64 ad
1519 1771 205 64 acqua

470 1843 189 57 forte.

549 1930 404 73 212
873 1930 323 73 Panem
1115 1930 297 73 nostrum
1331 1930 539 73 quotidianum
1762 1930 81 73 F

572 2083 408 56 Menzel
908 2083 264 56 Adolph.
1100 2083 120 56 —
1148 2083 144 56 N.
1220 2083 120 56 a
1268 2083 312 56 Breslavia
1508 2083 144 56 l’
1580 2083 120 56 8
1604 2083 120 56 Di-

486 2140 270 63 cembre
675 2140 243 63 1815;
836 2140 216 63 vive
971 2140 135 63 a
1025 2140 323 63 Berlino.
1268 2140 323 63 Glorioso
1483 2140 243 63 maestro

489 2222 231 45 della
643 2222 282 45 moderna
849 2222 282 45 pittura
1054 2222 308 45 tedesca,
1285 2222 282 45 dipinge
1491 2222 231 45 ormai
1619 2222 103 45 da

492 2275 276 64 sessant
693 2275 201 64 anni
819 2275 176 64 con
919 2275 302 64 attività
1145 2275 427 64 instancabile.
1472 2275 251 64 Ricorde-

493 2347 182 58 remo
607 2347 227 58 alcune
766 2347 159 58 sue
857 2347 182 58 tele
971 2347 296 58 celebrate
1198 2347 114 58 :
1221 2347 500 58 «Incoronazio

491 2423 232 61 ne
646 2423 154 61 di
723 2423 154 61 re
800 2423 334 61 Guglielmo
1057 2423 129 61 a
1109 2423 360 61 Kônigsberg
1392 2423 154 61 »,
1443 2423 283 61 «Par

495 2480 287 67 ten;a
711 2480 144 67 di
782 2480 144 67 re
854 2480 311 67 Guglielmo
1094 2480 168 67 per
1189 2480 144 67 la
1261 2480 335 67 guerra
1501 2480 215 67 (1870)»

501 2563 401 49 «Domenica
827 2563 175 49 nel
927 2563 301 49 Giardino
1153 2563 226 49 delle
1278 2563 451 49 Tuilleries»

365 3059 330 120 Digtized
612 3059 165 120 by
667 3059 220 120 Google

1787 3056 198 67 Original
1918 3056 99 67 from

1621 3123 338 47 UNIVERSITY
1886 3123 145 47 OF
1935 3123 241 47 MICHIGAN
