2550 3299
1684 395 179 48 SALA

1027 381 180 80 —
1099 381 252 80 155
1207 381 108 80 —

512 475 222 58 torio
660 475 320 58 Emanuele,
907 475 173 58 una
1005 475 222 58 delle
1153 475 197 58 otto
1277 475 173 58 che
1375 475 247 58 ornano
1548 475 148 58 la
1597 475 148 58 fac-

511 561 222 59 ciata
659 561 173 59 del
758 561 272 59 Palazzo
956 561 222 59 reale
1104 561 148 59 di
1178 561 272 59 Napoli,
1376 561 123 59 e
1425 561 148 59 il
1474 561 272 59 monumento

512 625 145 51 al
584 625 290 51 filosofo
802 625 121 51 e
851 625 266 51 critico
1044 625 315 51 Francesco
1286 625 363 51 Fiorentino,
1552 625 194 51 eretto

516 694 103 61 a
558 694 287 61 Catanzaro.
783 694 185 61 Altri
906 694 205 61 lavori
1050 694 226 61 robusti
1214 694 103 61 :
1255 694 103 61 «
1296 694 369 61 Brutiae
1584 694 164 61 acqui-

514 758 192 61 stato
641 758 128 61 da
705 758 128 61 S.
769 758 128 61 M.
833 758 128 61 il
897 758 149 61 Re,
982 758 106 61 e
1024 758 213 61 «Il
1173 758 362 61 l'igliena»,
1450 758 298 61 raffigurante

512 818 284 52 l’eroico
725 818 213 52 prete
868 818 308 52 calabrese
1104 818 142 52 di
1176 818 166 52 tal
1270 818 213 52 nome.
1412 818 308 52 Francesco
1626 818 118 52 Je-

511 881 197 60 race
635 881 345 60 appartiene
906 881 148 60 ad
980 881 173 60 una
1079 881 296 60 famiglia
1301 881 173 60 che
1400 881 148 60 ha
1474 881 247 60 l’arte
1622 881 123 60 nel

512 947 264 73 sangue,
704 947 144 73 ed
776 947 120 73 e
824 947 216 73 anche
945 947 240 73 pittore.

559 1024 441 59 400
906 1024 662 59 Beethoven:
1474 1024 410 59 (statua).
1757 1024 95 59 B

559 1094 421 62 401
890 1094 692 62 Anacreontica
1492 1094 391 62 (bronzo).
1763 1094 90 62 E

560 1162 402 75 402
876 1162 545 75 Ritratto
1335 1162 287 75 (busto
1536 1162 172 75 in
1623 1162 316 75 marmo).
1852 1162 144 75 E
1881 1162 86 75 4

592 1289 385 75 Jerace
910 1289 295 75 Vincenzo.
1136 1289 113 75 —
1182 1289 272 75 Scultore
1385 1289 113 75 e
1431 1289 249 75 pittore
1589 1289 159 75 cala-

512 1362 247 58 brese,
685 1362 296 58 fratello
907 1362 173 58 del
1005 1362 370 58 precedente,
1301 1362 148 58 n.
1375 1362 173 58 nel
1474 1362 197 58 1862
1597 1362 123 58 a
1622 1362 123 58 Po-

511 1425 290 59 listena.
728 1425 193 59 vive
849 1425 121 59 a
897 1425 266 59 Napoli.
1091 1425 362 59 Diciottenne
1381 1425 314 59 partecipô
1598 1425 145 59 alla

513 1491 251 66 Mostra
689 1491 151 66 di
764 1491 251 66 Torino
940 1491 176 66 del
1040 1491 226 66 1880.
1191 1491 276 66 Modellô
1392 1491 151 66 il
1442 1491 301 66 gigantesco

517 1561 313 76 «Leone
758 1561 361 76 ferito»
1047 1561 169 76 pel
1143 1561 313 76 monumento
1384 1561 120 76 a
1432 1561 289 76 Giuseppe
1625 1561 120 76 Ga-

510 1648 277 44 ribaldi
711 1648 151 44 ad
787 1648 378 44 Aspromonte.
1089 1648 252 44 Dotato
1265 1648 201 44 d’un
1391 1648 277 44 fervido
1567 1648 176 44 senso

508 1699 378 57 decorativo,
810 1699 201 57 ideô
936 1699 126 57 e
986 1699 302 57 condusse
1213 1699 126 57 a
1263 1699 277 57 termine
1464 1699 151 57 il
1515 1699 227 57 superbo

513 1770 215 58 camino
663 1770 107 58 «
706 1770 258 58 Decus
899 1770 301 58 pelag
1136 1770 129 58 ».
1200 1770 172 58 oggi
1307 1770 279 58 proprietà
1522 1770 150 58 del
1587 1770 150 58 prin-

511 1834 173 59 cipe
620 1834 303 59 Sirignano.
858 1834 281 59 Originale
1074 1834 303 59 concezione
1312 1834 108 59 é
1355 1834 130 59 il
1420 1834 108 59 «
1442 1834 303 59 Pell

512 1905 252 59 cano
695 1905 390 59 squarciantesi
1016 1905 138 59 il
1085 1905 206 59 petto
1223 1905 160 59 per
1314 1905 252 59 nutrire
1498 1905 115 59 i
1521 1905 229 59 suo

510 1971 427 67 piccol
866 1971 309 67 destinato
1104 1971 142 67 al
1175 1971 309 67 monumento
1413 1971 166 67 pei
1484 1971 261 67 volontari

510 2042 247 58 della
674 2042 247 58 Croce
839 2042 275 58 bianca
1031 2042 247 58 morti
1196 2042 137 58 a
1251 2042 275 58 Napoli
1443 2042 302 58 durante
1635 2042 110 58 il

510 2106 248 58 colera
684 2106 173 58 del
783 2106 223 58 1883.
931 2106 297 58 Vincenzo
1154 2106 248 58 Jerace
1328 2106 248 58 tratta
1476 2106 273 58 finemente

508 2171 150 73 il
583 2171 276 73 disegno
783 2171 125 73 a
809 2171 276 73 sanguina.

539 2258 683 58 109
1076 2258 830 58 Famme
1711 2258 146 58 W

555 2318 467 63 404
922 2318 634 63 Majalina
1456 2318 434 63 (bronzo).
1756 2318 100 63 E

592 2449 515 58 Lorenzetti
1033 2449 245 58 Carlo.
1204 2449 123 58 —
1253 2449 147 58 N.
1327 2449 123 58 a
1376 2449 294 58 Venezia.
1572 2449 172 58 Nella

509 2514 169 57 sua
606 2514 218 57 prima
751 2514 339 57 giovinezza
1017 2514 266 57 dovette
1210 2514 314 57 allogarsi
1452 2514 145 57 in
1524 2514 145 57 un
1573 2514 169 57 labo

1784 3050 201 73 Original
1918 3050 101 73 from

1620 3113 339 58 UNIVERSITY
1886 3113 145 58 OF
1934 3113 242 58 MICHIGAN
