2550 3299
1653 424 188 44 SALA

1001 424 190 60 —
1039 424 152 60 95

545 515 379 64 Gioli
853 515 237 64 Luigi.
1019 515 118 64 —
1066 515 142 64 N.
1138 515 166 64 nel
1232 515 284 64 Novembre
1445 515 166 64 del
1540 515 190 64 1854
1635 515 71 64 a

464 571 273 56 Cascina
662 571 347 56 (provincia
935 571 149 56 di
1009 571 248 56 Pisa).
1183 571 248 56 Studiô
1356 571 297 56 dapprima
1554 571 149 56 leg-

462 644 185 64 ge;
567 644 185 64 poi
673 644 344 64 abbandonô
938 644 132 64 i
991 644 265 64 codici
1176 644 185 64 per
1282 644 159 64 la
1361 644 370 64 tavolozza.
1626 644 79 64 É

463 721 370 59 animalista
753 721 159 59 di
833 721 291 59 vaglia.
1044 721 264 59 Espose
1229 721 132 59 a
1282 721 291 59 Venezia
1467 721 238 59 (1887):

472 779 110 49 «
516 779 309 49 Ritorno
759 779 155 49 dal
847 779 398 49 pascolo»);
1179 779 110 49 a
1223 779 221 49 Milano
1378 779 155 49 nel
1466 779 199 49 1894:
1576 779 133 49 «Ab-

470 843 451 55 beveratoio»,
850 843 190 55 «Nei
969 843 261 55 prati»,
1159 843 119 55 «
1206 843 237 55 Fiera
1373 843 142 55 di
1420 843 285 55 vacche<>».

469 915 126 56 I
519 915 278 56 cavalli
721 915 126 56 e
772 915 126 56 i
822 915 253 56 bufali
999 915 227 56 della
1151 915 278 56 Maremma
1353 915 278 56 toscana
1529 915 177 56 danno

467 978 143 57 la
539 978 191 57 nota
658 978 430 57 caratteristica
1016 978 119 57 a
1064 978 215 57 molti
1208 978 191 57 suoi
1303 978 215 57 quadri.

528 1069 377 63 124
824 1069 511 63 Novembre
1255 1069 323 63 (colline
1497 1069 161 63 di
1578 1069 269 63 Pisa).
1739 1069 81 63 C

549 1292 431 55 Giuliano
912 1292 340 55 Bartolomeo.
1184 1292 113 55 —
1230 1292 136 55 N.
1298 1292 113 55 a
1343 1292 181 55 Susa
1457 1292 159 55 sul
1525 1292 181 55 finire

466 1367 167 52 del
561 1367 214 52 1825,
704 1367 191 52 vive
824 1367 119 52 a
871 1367 262 52 Milano.
1062 1367 191 52 Fece
1181 1367 119 52 i
1229 1367 191 52 suoi
1348 1367 214 52 studi
1467 1367 238 52 nell’Ac-

466 1438 279 56 cademia
668 1438 330 56 Albertina
922 1438 152 56 di
998 1438 279 56 Torino,
1201 1438 203 56 dove
1328 1438 152 56 fu
1404 1438 177 56 poi
1480 1438 228 56 profes-

461 1498 212 66 sore
594 1498 319 66 aggiunto
833 1498 212 66 alla
966 1498 265 66 scuola
1152 1498 159 66 di
1231 1498 319 66 disegno.
1470 1498 239 66 Passô
1603 1498 106 66 ad

466 1563 317 58 insegnare
709 1563 268 58 disegno
904 1563 146 58 di
977 1563 244 58 figura
1148 1563 195 58 all’
1270 1563 317 58 Accademia
1513 1563 146 58 di
1562 1563 146 58 Bre-

466 1628 159 56 ra
545 1628 133 56 a
598 1628 292 56 Milano,
810 1628 159 56 ma
890 1628 186 56 nel
996 1628 212 56 1885
1128 1628 345 56 abbandonô
1393 1628 159 56 la
1446 1628 265 56 cattedra

466 1706 120 57 e
514 1706 144 57 si
586 1706 239 57 dedicô
753 1706 359 57 interamenta
1041 1706 192 57 all’
1160 1706 215 57 arte,
1304 1706 168 57 ch’
1400 1706 192 57 egli
1496 1706 215 57 coltiva

465 1762 174 58 con
565 1762 224 58 amore
714 1762 274 58 assiduo
913 1762 124 58 e
963 1762 473 58 scrupolosamente
1337 1762 373 58 coscienzioso.

532 1851 359 65 125
819 1851 383 65 Scogliera
1130 1851 239 65 presso
1298 1851 239 65 Quinto
1465 1851 144 65 al
1537 1851 311 65 mare
1752 1851 72 65 D

531 1922 363 65 126
816 1922 311 65 Tempo
1050 1922 467 65 burrascoso
1439 1922 415 65 (scogliera).
1750 1922 78 65 F

549 2139 355 57 Gola
833 2139 260 57 Emilio.
1023 2139 118 57 —
1070 2139 142 57 N.
1141 2139 166 57 nel
1236 2139 189 57 1852
1354 2139 118 57 a
1401 2139 260 57 Milano.
1567 2139 142 57 Fece

468 2202 129 74 i
520 2202 206 74 suoi
649 2202 232 74 studi
804 2202 181 74 nel
907 2202 413 74 Politecnico;
1242 2202 155 74 ma
1320 2202 181 74 non
1423 2202 258 74 appena
1578 2202 129 74 gli

469 2283 203 50 ebbe
595 2283 330 50 compiuti,
849 2283 152 50 si
925 2283 203 50 mise
1052 2283 177 50 col
1153 2283 279 50 pittore
1356 2283 152 50 De
1432 2283 304 50 Albertis
1635 2283 76 50 e

477 2339 240 71 progredi
657 2339 300 71 rapidamente
896 2339 280 71 nell’arte.
1116 2339 100 71 «
1156 2339 379 71 Mestizia»
1475 2339 100 71 e
1495 2339 220 71 «>Me

472 2410 311 56 stizia
711 2410 430 56 d’autunno»
1070 2410 167 56 che
1165 2410 335 56 comparvero
1428 2410 215 56 nell’
1548 2410 167 56 Espo-

468 2474 304 73 sizione
690 2474 360 73 nazionale
966 2474 194 73 del
1077 2474 249 73 1887,
1243 2474 249 73 erano
1409 2474 194 73 due
1492 2474 221 73 quadri

473 2559 304 52 squisiti
701 2559 152 52 di
777 2559 355 52 sentimento
1055 2559 228 52 nella
1207 2559 304 52 meditata
1410 2559 304 52 semplicità

1785 3055 198 69 Original
1918 3055 99 69 from

1621 3122 337 49 UNIVERSITY
1886 3122 145 49 OF
1934 3122 241 49 MICHIGAN
