2550 3299
1855 378 165 50 SAILA

1246 372 137 55 162

661 459 235 56 merosa
826 459 283 56 famiglia
1038 459 141 56 di
1109 459 188 56 cani
1227 459 118 56 e
1274 459 141 56 di
1344 459 283 56 cavalli,
1556 459 235 56 d’ogni
1698 459 188 56 razzza

656 538 128 56 e
682 538 205 56 paese.

725 624 194 51 432
868 624 233 51 Ritratto

725 682 194 65 433
868 682 233 65 Ritratto

719 755 249 71 434
915 755 321 71 Impressione
1183 755 125 71 dal
1236 755 196 71 vero

746 939 314 73 Ugo
993 939 270 73 Antonio.
1195 939 112 73 —
1240 939 270 73 Reputato
1442 939 270 73 scuitore
1621 939 270 73 siciliano,

662 1011 160 56 n.
742 1011 133 56 a
796 1011 293 56 Palermo
1009 1011 213 56 dove
1115 1011 187 56 vive.

558 1091 293 96 435
788 1091 377 96 Diotima
1082 1091 209 96 (busto).

746 1299 245 44 Van
917 1299 171 44 der
1015 1299 367 44 Stappen
1308 1299 293 44 Charles.
1528 1299 122 44 —
1577 1299 147 44 N.
1650 1299 147 44 19
1699 1299 196 44 Dicem-

665 1363 179 56 bre
768 1363 204 56 1832
895 1363 128 56 a
946 1363 332 56 Bruxelles
1202 1363 204 56 dove
1304 1363 179 56 vive.

722 1426 130 48 V.
787 1426 261 48 Comitato
983 1426 130 48 di
1027 1426 283 48 Patrocinio.

726 1507 277 64 436
944 1507 316 64 David
1201 1507 218 64 (donato
1359 1507 178 64 dall’
1478 1507 198 64 autore
1616 1507 158 64 alla
1715 1507 178 64 città
1814 1507 79 64 di

937 1579 276 64 Venezia).

728 1644 261 71 A37
934 1644 317 71 Medaglione
1195 1644 112 71 in
1232 1644 243 71 bronzo

726 1715 262 72 A38
932 1715 318 72 Medaglione
1194 1715 112 72 in
1231 1715 243 72 bronzo

752 1890 404 69 Ximenes
1088 1890 247 69 Ettore.
1268 1890 112 69 —
1313 1890 225 69 Nacque
1470 1890 112 69 a
1515 1890 314 69 Palermonel
1740 1890 157 69 1855,

670 1962 131 57 v
722 1962 131 57 a
774 1962 235 57 Roma.
931 1962 157 57 Si
1009 1962 235 57 diede
1166 1962 313 57 all’arte
1401 1962 209 57 dopo
1531 1962 209 57 aver
1636 1962 261 57 compiuto

671 2027 147 65 il
745 2027 221 65 corso
892 2027 147 65 di
966 2027 221 65 belle
1113 2027 270 65 lettere
1309 2027 123 65 e
1358 2027 319 65 frequentô
1603 2027 221 65 prima
1725 2027 172 65 l’Ac-

671 2112 275 52 cademia
871 2112 400 52 palermitana,
1196 2112 175 52 poi
1297 2112 250 52 quella
1472 2112 375 52 napoletana,
1747 2112 150 52 dove

667 2162 268 58 studiô
855 2162 295 58 disegno
1069 2162 241 58 sotto
1230 2162 161 58 la
1310 2162 241 58 guida
1471 2162 161 58 di
1551 2162 321 58 Domenico
1765 2162 134 58 Mo-

675 2243 225 57 relli.
833 2243 113 57 A
878 2243 248 57 Napoli,
1058 2243 158 57 nel
1149 2243 203 57 1877,
1284 2243 225 57 espose
1419 2243 473 57 «L’Equilibrio

671 2299 256 64 figura
851 2299 205 64 d’un
979 2299 384 64 saltimbanco
1286 2299 359 64 camminante
1568 2299 231 64 sulla
1696 2299 205 64 sfera,

671 2363 169 58 che
767 2363 265 58 piacque
960 2363 217 58 assai
1105 2363 121 58 e
1153 2363 145 58 di
1226 2363 169 58 cui
1322 2363 265 58 dovette
1515 2363 289 58 eseguire
1708 2363 193 58 parec-

672 2427 193 65 chie
793 2427 411 65 riproduzioni.
1131 2427 266 65 Modellô
1325 2427 169 65 poi
1421 2427 145 65 il
1494 2427 242 65 gruppo
1639 2427 266 65 «Il

673 2513 301 43 cuore
899 2513 176 43 del
999 2513 201 43 Re».
1124 2513 176 43 «Il
1225 2513 527 43 Ciceruacchio»
1676 2513 251 43 nobile
1827 2513 75 43 e

1786 3055 198 65 Original
1919 3055 99 65 from

1622 3123 337 48 UNIVERSITY
1886 3123 144 48 OF
1935 3123 240 48 MICHIGAN
