2550 3299
1292 420 242 50 112
1396 420 104 50 —

1875 422 185 46 SALA

693 505 335 52 «Piazza
957 505 216 52 delle
1100 505 192 52 Erbe
1220 505 120 52 a
1268 505 288 52 Verona»,
1484 505 168 52 «L’
1556 505 359 52 officina»

692 568 106 75 É
734 568 128 75 il
798 568 234 75 pittore
968 568 192 75 delle
1096 568 213 75 folle.
1245 568 149 75 Nel
1330 568 149 75 suo
1415 568 213 75 quadro
1564 568 106 75 «
1586 568 340 75 Ciclop

687 634 411 59 modern
1030 634 114 59 »
1076 634 137 59 ha
1144 634 274 59 ritratto
1350 634 160 59 con
1441 634 366 59 meravigliosa
1715 634 206 59 vigoria

577 705 127 81 «
627 705 178 81 gli
729 705 254 81 operai
907 705 279 81 intenti
1110 705 203 81 alla
1237 705 279 81 fusione
1440 705 178 81 dei
1542 705 279 81 cannoni
1720 705 203 81 Krupp.

733 794 444 66 213
1089 794 385 66 Parete
1385 794 207 66 del
1503 794 207 66 mio
1622 794 444 66 studio
1947 794 89 66 K

762 921 428 60 Mesdag
1114 921 277 60 Hendrik
1315 921 277 60 Willem.
1517 921 126 60 —
1567 921 151 60 N.
1642 921 151 60 il
1718 921 151 60 25
1768 921 151 60 teb-

690 987 224 64 braio
839 987 199 64 1831
963 987 124 64 a
1013 987 323 64 Groninga,
1261 987 199 64 vive
1386 987 199 64 all’
1485 987 149 64 Aja.

742 1057 131 51 V.
808 1057 262 51 Comitato
1004 1057 131 51 di
1048 1057 284 51 patrocinio.

552 1138 355 55 214
831 1138 228 55 Di
983 1138 279 55 ritorno
1186 1138 228 55 dalla
1339 1138 228 55 pesca
1491 1138 127 55 a
1542 1138 508 55 Scheveningen
1948 1138 76 55 L

743 1204 283 65 215
965 1204 223 65 Sera
1127 1204 243 65 d’estate
1309 1204 182 65 sulla
1431 1204 243 65 spiaggia
1613 1204 121 65 di
1653 1204 263 65 Scheve

560 1274 1549 57 ningen
1765 1274 258 57 L

760 1388 395 73 Mesdag
1085 1388 163 73 Van
1178 1388 232 73 Houten
1341 1388 279 73 (signora
1550 1388 163 73 S.)
1643 1388 116 73 —
1690 1388 139 73 N.
1759 1388 116 73 a
1783 1388 139 73 Gro-

680 1465 257 58 ninga,
860 1465 206 58 vive
989 1465 206 58 all’
1118 1465 206 58 Aja.
1246 1465 257 58 Moglie
1426 1465 154 58 di
1503 1465 154 58 H.
1581 1465 154 58 W.
1658 1465 283 58 Mesdag,
1838 1465 77 58 é

682 1538 261 58 valente
872 1538 285 58 pittrice
1086 1538 143 58 di
1158 1538 214 58 paesi
1300 1538 143 58 e,
1371 1538 214 58 sopra
1514 1538 238 58 tutto,
1680 1538 143 58 di
1728 1538 190 58 nature

658 1611 221 50 morte.

719 1698 537 59 216
1141 1698 499 59 Natura
1524 1698 537 59 morta
1908 1698 115 59 L

766 1834 489 60 Meyerheim
1181 1834 196 60 Paul
1304 1834 122 60 —
1353 1834 147 60 N.
1426 1834 147 60 il
1499 1834 147 60 13
1573 1834 245 60 Luglio
1744 1834 196 60 1842
1842 1834 73 60 a

684 1899 304 66 Berlino,
912 1899 203 66 dove
1013 1899 178 66 vive.

728 1989 414 70 217
1060 1989 470 70 Educazione
1447 1989 138 70 d
1502 1989 166 70 un
1585 1989 470 70 principe
1944 1989 83 70 E

757 2144 439 68 Michetti
1127 2144 300 68 Francesco
1358 2144 231 68 Paolo.
1519 2144 116 68 —
1565 2144 231 68 Nacque
1727 2144 116 68 a
1750 2144 162 68 Tοcco

671 2216 159 52 di
750 2216 318 52 Casauria
988 2216 371 52 (provincia
1280 2216 159 52 di
1359 2216 291 52 Chieti)
1571 2216 159 52 il
1650 2216 132 52 2
1677 2216 238 52 Ottobre

681 2273 229 58 1851,
833 2273 203 58 vive
960 2273 127 58 a
1011 2273 381 58 Francavilla
1316 2273 153 58 al
1367 2273 178 58 Mare.

735 2337 133 56 V.
801 2337 265 56 Comitato
1000 2337 133 56 di
1045 2337 288 56 Patrocinio.

730 2423 306 61 218
970 2423 196 61 La
1101 2423 218 61 figlia
1254 2423 131 61 di
1320 2423 284 61 Jorio
1538 2423 240 61 (quadro
1712 2423 109 61 a
1756 2423 284 61 tempera).
1953 2423 65 61 G

753 2505 331 51 Rappresenta
1018 2505 132 51 un
1084 2505 265 51 episodio
1282 2505 199 51 della
1415 2505 176 51 vita
1525 2505 309 51 abruzzese,
1768 2505 132 51 in
1812 2505 110 51 una

672 2554 187 58 delle
797 2554 187 58 terre
922 2554 250 58 interne,
1109 2554 167 58 alle
1213 2554 187 58 falde
1338 2554 187 58 della
1463 2554 250 58 Majella,
1650 2554 146 58 dov
1734 2554 104 58 e
1754 2554 167 58 ancora

490 3063 397 117 Google

1785 3049 199 72 Original
1918 3049 100 72 from

1621 3107 337 64 UNIVERSITY
1886 3107 145 64 OF
1934 3107 241 64 MICHIGAN
