2550 3299
1729 433 171 51 SALAb

1046 424 183 68 —
1083 424 183 68 137

608 514 420 58 Thoma
949 514 237 58 Hans.
1107 514 131 58 —
1160 514 158 58 N.
1238 514 158 58 il
1317 514 131 58 2
1370 514 289 58 Ottobre
1580 514 210 58 1839
1685 514 79 58 a

534 586 262 59 Bernau
717 586 262 59 (Selva
900 586 236 59 Nera)
1057 586 157 59 v.
1136 586 131 59 a
1188 586 393 59 Francoforte
1502 586 183 59 sul
1581 586 183 59 Meno.

529 651 161 56 Il
610 651 241 56 Thoma
770 651 241 56 visse
931 651 214 56 fino
1065 651 134 56 a
1119 651 214 56 vent
1253 651 214 56 anni
1387 651 188 56 nel
1494 651 188 56 suo
1574 651 188 56 soli-

529 730 223 65 tario
678 730 297 65 paesello
900 730 124 65 e
950 730 297 65 cominciô
1172 730 124 65 a
1222 730 322 65 dipingere
1469 730 198 65 solo
1593 730 124 65 a
1618 730 148 65 que-

529 794 176 65 st’
629 794 176 65 età
730 794 226 65 sotto
881 794 151 65 la
956 794 226 65 guida
1107 794 226 65 dello
1258 794 327 65 Schirmer.
1510 794 201 65 Egli
1610 794 151 65 perô

530 859 173 57 non
629 859 272 57 risenti
827 859 371 57 l’influenza
1124 859 148 57 di
1198 859 247 57 alcuno
1371 859 173 57 dei
1470 859 247 57 grandi
1619 859 148 57 mae-

525 923 215 57 stri
659 923 188 57 che
767 923 322 57 tenevano
1008 923 161 57 il
1088 923 241 57 campo
1249 923 161 57 al
1330 923 241 57 tempo
1491 923 241 57 della
1625 923 134 57 sua

526 1005 378 55 giovinezza;
828 1005 151 55 né
903 1005 151 55 l’
979 1005 201 55 arte
1105 1005 201 55 sua,
1231 1005 428 55 schiettamente
1558 1005 201 55 perso-

528 1059 222 65 nale,
676 1059 198 65 mutô
800 1059 321 65 indirizzo
1047 1059 198 65 dopo
1170 1059 123 65 i
1220 1059 247 65 viaggi
1393 1059 222 65 fatti
1541 1059 123 65 a
1565 1059 198 65 Parigi

526 1138 180 42 nel
629 1138 205 42 1868
757 1138 128 42 e
809 1138 154 42 in
886 1138 257 42 Italia
1066 1138 180 42 nel
1168 1138 231 42 1875.
1322 1138 360 42 Innamorato
1579 1138 180 42 della

527 1194 271 58 natura,
724 1194 148 58 la
798 1194 246 58 ritrae
970 1194 172 58 con
1069 1194 172 58 una
1167 1194 271 58 gentile
1340 1194 295 58 ingenuità.

564 1273 616 60 334
1057 1273 862 60 Primavera
1755 1273 123 60 E

558 1342 681 62 335
1102 1342 817 62 Estate
1738 1342 136 62 K

605 1473 377 58 Tichy
912 1473 212 58 Hans.
1053 1473 118 58 —
1100 1473 141 58 N.
1170 1473 118 58 a
1218 1473 235 58 Brtinn
1382 1473 306 58 (Moravia)
1618 1473 141 58 il
1665 1473 94 58 27

523 1538 274 75 Luglio
715 1538 247 75 1861.
879 1538 247 75 Prima
1044 1538 274 75 ancora
1236 1538 165 75 di
1318 1538 329 75 compiere
1565 1538 137 75 i
1592 1538 165 75 suoi

526 1603 236 57 studi
683 1603 157 57 in
762 1603 341 57 collegio,
1024 1603 393 57 frequentava
1339 1603 157 57 l’
1417 1603 341 57 Accademia
1653 1603 105 57 di

528 1672 230 60 Belle
682 1672 204 60 Arti
810 1672 332 60 viennese,
1065 1672 358 60 dipingendo
1346 1672 204 60 alla
1474 1672 256 60 scuola
1627 1672 128 60 del

523 1752 227 60 prof.
674 1752 151 60 C.
750 1752 151 60 L.
826 1752 303 60 Mtiller.
1053 1752 151 60 Fu
1128 1752 151 60 in
1204 1752 252 60 Italia
1381 1752 177 60 dal
1481 1752 151 60 9o
1557 1752 151 60 al
1633 1752 151 60 9i
1683 1752 76 60 e

522 1812 274 56 rimase
713 1812 246 56 quasi
877 1812 274 56 sempre
1069 1812 137 56 a
1124 1812 246 56 Roma.
1288 1812 192 56 Dal
1397 1812 219 56 1892
1534 1812 164 56 ha
1589 1812 164 56 fis-

520 1875 213 56 sato
653 1875 160 56 la
733 1875 186 56 sua
840 1875 266 56 dimora
1026 1875 133 56 a
1053 1875 239 56 Vienna.

588 1955 169 64 336
708 1955 181 64 Pieta

576 2027 334 60 337
843 2027 134 60 L’
910 2027 290 60 >oratorio
1133 2027 156 60 del
1222 2027 290 60 monastero
1444 2027 111 60 a
1467 2027 267 60 Neuberg</>

795 2098 236 67 (Stiria).

604 2218 341 53 Tito
877 2218 250 53 Ettore.
1058 2218 114 53 —
1104 2218 250 53 Pittore
1285 2218 295 53 veneziano
1512 2218 182 53 nato
1626 2218 114 53 a
1649 2218 114 53 Ca-

523 2290 377 56 stellamare
819 2290 162 56 di
900 2290 296 56 Stabia,
1116 2290 189 56 nel
1223 2290 242 56 1859.
1385 2290 162 56 Il
1466 2290 189 56 suo
1547 2290 215 56 quadro

531 2354 108 64 «
575 2354 453 64 Pescheria»
963 2354 259 64 (esposto
1158 2354 108 64 a
1201 2354 237 64 Venezia
1373 2354 151 64 nel
1460 2354 194 64 1887,
1568 2354 194 64 insieme

523 2432 180 52 con
626 2432 283 52 quattro
832 2432 386 52 acquerelli)
1141 2432 154 52 fu
1218 2432 334 52 giudicato
1475 2432 257 52 lavoro
1629 2432 129 52 ec-

519 2491 291 57 cellente
737 2491 170 57 per
834 2491 218 57 bontà
980 2491 146 57 di
1052 2491 267 57 disegno
1247 2491 121 57 e
1295 2491 170 57 per
1392 2491 291 57 rapporti
1586 2491 170 57 d’in-

529 2563 308 73 tonazione.
771 2563 242 73 Spirito
947 2563 264 73 duttile,
1145 2563 242 73 aperto,
1321 2563 330 73 ascoltante,
1585 2563 132 73 il
1629 2563 132 73 Tito

1785 3053 199 68 Original
1918 3053 100 68 from

1621 3122 337 48 UNIVERSITY
1886 3122 145 48 OF
1934 3122 241 48 MICHIGAN
