2550 3299
1700 403 180 49 SALA

1035 401 179 67 —
1107 401 250 67 139
1214 401 107 67 —

590 483 434 58 Tusqnets
951 483 313 58 Raimondo.
1192 483 120 58 —
1240 483 145 58 N.
1312 483 120 58 a
1361 483 361 58 Barcellona,
1626 483 145 58 vive

501 555 160 58 a
533 555 224 58 Roma.

572 651 239 73 A2
755 651 165 73 Il
865 651 202 73 ritorno
1012 651 165 73 dalla
1104 651 257 73 questua

572 715 232 65 343
750 715 160 65 La
857 715 178 65 visita
982 715 160 65 degli
1071 715 214 65 spos.

588 859 384 73 Tuxen
900 859 288 73 Laurits.
1116 859 120 73 —
1164 859 120 73 N
1213 859 120 73 a
1261 859 336 73 Copenhagen
1525 859 144 73 il
1597 859 120 73 9
1621 859 120 73 De-

507 931 262 68 cembre
690 931 236 68 1853.
848 931 315 68 Compiuti
1084 931 131 68 i
1137 931 236 68 primi
1294 931 236 68 studi
1451 931 157 68 in
1504 931 236 68 patria,

511 994 151 65 il
586 994 226 65 Tuxen
737 994 226 65 nell’
888 994 277 65 ottobre
1089 994 176 65 del
1190 994 201 65 1875
1316 994 151 65 si
1391 994 201 65 recô
1517 994 126 65 a
1542 994 201 65 Parigi

511 1066 251 67 presso
687 1066 151 67 il
762 1066 277 67 Bonnat.
963 1066 151 67 Si
1039 1066 201 67 fece
1165 1066 327 67 conoscere
1416 1066 176 67 dal
1492 1066 251 67 pubblico

508 1131 253 64 danese
685 1131 177 64 nel
786 1131 202 64 1879
912 1131 177 64 con
1013 1131 303 64 parecchi
1240 1131 303 64 ritratti
1467 1131 152 64 di
1518 1131 227 64 signore

507 1213 210 64 alla
638 1213 445 64 Carolus-Duran
1005 1213 131 64 e
1057 1213 183 64 con
1162 1213 157 64 un
1240 1213 262 64 grande
1424 1213 262 64 quadro
1581 1213 157 64 raf-

519 1266 271 60 figurante
727 1266 104 60 «
769 1266 187 60 La
894 1266 271 60 bollitura
1102 1266 187 60 dell’
1227 1266 166 60 olio
1331 1266 125 60 di
1393 1266 208 60 balena
1518 1266 229 60 sulle

519 1350 259 63 coste
714 1350 324 63 occidentali
973 1350 194 63 dello
1103 1350 367 63 Jutland».
1405 1350 151 63 Nel
1492 1350 173 63 1883
1600 1350 130 63 fu
1643 1350 108 63 per

508 1403 277 62 qualche
709 1403 227 62 tempo
860 1403 151 62 in
936 1403 277 62 Italia,
1138 1403 176 62 poi
1238 1403 227 62 tornô
1389 1403 378 62 stabilmente
1666 1403 76 62 a

509 1475 394 56 Copenhagen,
824 1475 210 56 dove
956 1475 158 56 fu
1034 1475 315 56 nominato
1271 1475 289 56 pittore
1481 1475 158 56 di
1534 1475 210 56 Corte.

515 1539 313 64 Notissimi
756 1539 121 64 i
804 1539 193 64 suoi
925 1539 313 64 trentadue
1166 1539 241 64 quadri
1334 1539 362 64 giganteschi
1599 1539 145 64 rap-

512 1609 354 74 presentanti
795 1609 141 74 la
866 1609 283 74 dinastia
1054 1609 189 74 reale.

556 1706 506 74 344
953 1706 506 74 Susanna
1351 1706 217 74 al
1459 1706 506 74 bagno
1857 1706 181 74 I

567 1770 345 66 345
843 1770 322 66 Ritorno
1096 1770 207 66 dalla
1235 1770 207 66 pesca
1373 1770 138 66 al
1442 1770 437 66 crepuscolo
1787 1770 69 66 1

590 1922 360 67 Uhde
878 1922 216 67 Fritz
1022 1922 192 67 von.
1142 1922 120 67 —
1190 1922 144 67 N.
1262 1922 144 67 il
1334 1922 144 67 22
1406 1922 240 67 maggio
1574 1922 192 67 1848
1670 1922 72 67 a

508 1986 380 49 Wolkenburg
806 1986 407 49 (Sassonia),
1132 1986 217 49 vive
1268 1986 136 49 a
1295 1986 244 49 Monaco.

588 2050 131 51 V.
654 2050 263 51 Comitato
851 2050 131 51 di
895 2050 285 51 patrocinio.

570 2131 384 72 346
872 2131 412 72 Predicaz
1201 2131 220 72 ione
1338 2131 192 72 fra
1448 2131 137 72 i
1503 2131 384 72 mont.
1778 2131 82 72 E

544 2198 633 68 347
1041 2198 407 68 La
1312 2198 588 68 fuga
1719 2198 136 68 K

592 2340 452 72 Vanaise
969 2340 302 72 Gustave.
1195 2340 126 72 —
1245 2340 251 72 Nacque
1421 2340 126 72 a
1472 2340 201 72 Gand
1597 2340 151 72 il
1647 2340 101 72 24

509 2409 277 58 ottobre
710 2409 227 58 1854,
861 2409 202 58 vive
987 2409 126 58 a
1038 2409 353 58 Bruxelles.
1315 2409 227 58 Dalla
1466 2409 227 58 bella
1592 2409 151 58 pub-

510 2474 369 59 blicazione
799 2474 184 59 del
905 2474 211 59 prof
1037 2474 158 59 E.
1116 2474 158 59 L.
1195 2474 158 59 De
1274 2474 237 59 Faeye
1432 2474 316 59 togliamo
1643 2474 105 59 le

511 2539 233 73 brevi
667 2539 285 73 notizie
874 2539 181 73 che
952 2539 259 73 seguono:

490 3060 397 121 Google

1620 3120 338 51 UNIVERSITY
1885 3120 145 51 OF
1934 3120 241 51 MICHÉGAN

2236 1870 73 191 BARI71
