2550 3299
1839 434 191 43 SALA

1182 419 184 73 —
1256 419 221 73 98
1330 419 111 73 —

649 515 214 57 ficio
792 515 428 57 ecclesiastico.
1149 515 143 57 Ma
1220 515 143 57 l’
1292 515 286 57 Herkomer
1506 515 143 57 si
1578 515 119 57 é
1601 515 286 57 acquistato

646 578 206 58 fama
775 578 284 58 europea
981 578 232 58 cogli
1136 578 413 58 innumerevoli
1471 578 129 58 e
1523 578 335 58 splendidi
1755 578 129 58 Ri-

651 651 234 56 tratti.
821 651 149 56 Per
906 651 128 56 la
970 651 319 56 versatilità
1225 651 192 56 delle
1353 651 319 56 attitudini,
1608 651 170 56 egli
1693 651 192 56 ricorda

647 701 170 85 gli
744 701 267 85 artisti
938 701 170 85 del
1035 701 413 85 Rinascimento.
1375 701 121 85 E
1424 701 437 85 acquafortista,
1764 701 121 85 ar-

649 780 314 56 chitetto,
891 780 363 56 decoratore,
1181 780 339 56 musicista,
1447 780 339 56 meccanico,
1713 780 121 56 e
1737 780 145 56 per-

649 850 198 57 fino
773 850 272 57 attore,
970 850 247 57 poiché
1143 850 247 57 spesso
1316 850 247 57 prende
1489 850 222 57 parte
1637 850 198 57 alle
1736 850 148 57 rap-

647 914 448 71 presentazioni
1016 914 184 71 che
1121 914 158 71 si
1200 914 237 71 danno
1358 914 158 71 in
1437 914 158 71 un
1516 914 263 71 teatro
1701 914 158 71 da
1753 914 132 71 lui

647 1002 247 56 stesso
820 1002 346 56 costruito,
1092 1002 124 56 e
1142 1002 173 56 nel
1241 1002 223 56 quale
1389 1002 148 56 ha
1464 1002 272 56 profuso
1661 1002 223 56 tutte
1785 1002 99 56 le

648 1052 315 61 originali
890 1052 266 61 trovate
1084 1052 170 61 del
1181 1052 170 61 suo
1278 1052 291 61 ingegno.
1495 1052 242 61 Dirige
1665 1052 121 61 a
1689 1052 194 61 Bushey

649 1131 176 56 una
750 1131 252 56 scuola
926 1131 151 56 d’
1002 1131 202 56 arte
1128 1131 378 56 frequentata
1430 1131 151 56 da
1481 1131 403 56 centocinquanta

636 1187 203 56 allievi.

722 1277 266 62 135
931 1277 171 62 Il
1045 1277 190 62 nostro
1178 1277 323 62 villaggio
1444 1277 209 62 (quadro
1596 1277 114 62 ad
1634 1277 152 62 olio).

841 1355 304 73 Quindici
1043 1355 329 73 acqueforti:

723 1427 239 57 136
914 1427 191 57 Neila
1058 1427 319 57 Charterhouse
1329 1427 128 57 (1).
1393 1427 143 57 Studio.

718 1483 217 56 137
891 1483 144 56 Una
992 1483 159 56 piccola
1093 1483 188 56 strega

719 1530 230 58 138
902 1530 138 58 Il
994 1530 199 58 beniamino
1147 1530 138 58 della
1224 1530 199 58 strega

716 1594 254 49 139
919 1594 152 49 Il
1021 1594 254 49 borgomastro
1224 1594 102 49 di
1275 1594 288 49 Landsberg
1495 1594 203 49 (Baviera).

720 1643 210 56 149
888 1643 70 56 «
902 1643 267 56 Gienddydd»

720 1692 167 56 141
843 1692 178 56 Estate

717 1747 192 57 142
871 1747 128 57 Mio
947 1747 154 57 padre

718 1802 205 57 143
882 1802 123 57 La
964 1802 123 57 lenza
1033 1802 164 57 rotta

718 1859 217 57 144
891 1859 231 57 Soferenze
1064 1859 246 57 silenziose

719 1908 180 56 145
863 1908 108 56 Il
923 1908 144 56 guado

719 1963 201 56 146
880 1963 188 56 Cattivo
1014 1963 161 56 tempo

713 2015 266 53 141
926 2015 266 53 Ritratto
1139 2015 160 53 della
1245 2015 231 53 Signorina
1423 2015 160 53 Helen
1529 2015 195 53 Zimmern
1653 2015 142 53 d

865 2067 199 65 Firenze

712 2124 274 55 148
931 2124 274 55 Ritratto
1150 2124 109 55 di
1204 2124 109 55 C.
1259 2124 109 55 L.
1314 2124 237 55 Burns
1496 2124 91 55 1
1533 2124 237 55 Incisioni
1697 2124 91 55 in

713 2163 274 64 169
932 2163 274 64 Ritratto
1151 2163 110 64 di
1206 2163 110 64 E.
1260 2163 256 64 Jaylor
1461 2163 91 64 1
1498 2163 201 64 ventate
1644 2163 91 64 e
1662 2163 146 64 paten.

714 2204 270 80 150
930 2204 270 80 Ritratto
1146 2204 108 80 di
1200 2204 162 80 sirJ.
1307 2204 234 80 Gilbert
1487 2204 162 80 R.A-)
1577 2204 126 80 tate.

729 2508 126 56 (1)
801 2508 431 56 Charterhouse
1178 2508 180 56 antico
1304 2508 216 56 convento
1466 2508 108 56 di
1520 2508 252 56 certosini,
1717 2508 126 56 ora
1771 2508 126 56 rico-

647 2563 169 48 vero
753 2563 127 48 di
795 2563 190 48 vecchi.

492 3060 393 119 Google

1786 3038 198 85 Original
1919 3038 99 85 from

1622 3117 336 54 UNIVERSITY
1886 3117 144 54 OF
1934 3117 240 54 MICHIGAN
