2550 3299
1116 415 138 45 121

1715 418 185 50 SALA

528 491 363 64 interamente
818 491 193 64 all’
939 491 218 64 arte.
1084 491 242 64 Studiô
1253 491 145 64 in
1326 491 314 64 parecchie
1568 491 218 64 città
1688 491 73 64 e

517 569 223 67 sotto
666 569 149 67 la
741 569 323 67 direzione
989 569 149 67 di
1063 569 199 67 vari
1187 569 298 67 maestri.
1411 569 273 67 Piacque
1584 569 174 67 assai

525 634 173 50 nel
624 634 222 50 1892,
772 634 197 50 all’
895 634 370 50 Esposizione
1191 634 468 50 Italo-Americana
1585 634 148 50 di
1635 634 123 50 Ge-

523 698 222 58 nova,
671 698 148 58 il
746 698 173 58 suo
844 698 247 58 quadro
1017 698 494 58 «Mammine».
1437 698 222 58 Nello
1560 698 198 58 stesso

517 762 248 58 anno,
683 762 275 58 venuto
875 762 138 58 a
930 762 385 58 conoscenza
1233 762 193 58 del
1343 762 220 58 come
1480 762 165 58 le
1535 762 220 58 teorie

521 835 209 57 sulla
660 835 303 57 divisione
893 835 209 57 della
1033 835 186 57 luce
1149 835 303 57 potessero
1382 835 326 57 applicarsi
1614 835 140 57 alla

523 912 255 59 pittura,
714 912 234 59 diventô
884 912 127 59 un
947 912 488 59 divisionista
1372 912 276 59 convinto.
1584 912 127 59 Il
1627 912 127 59 Pel-

521 971 209 57 lizza
660 971 233 57 adottô
823 971 140 57 la
893 971 209 57 nuova
1033 971 256 57 tecnica
1219 971 163 57 nei
1312 971 163 57 due
1405 971 233 57 quadri
1545 971 209 57 esposti

521 1034 132 58 l’
587 1034 176 58 anno
697 1034 221 58 scorso
852 1034 110 58 a
896 1034 221 58 Milano
1050 1034 419 58 «Fenile»
1403 1034 110 58 e
1425 1034 331 58 «Speranze

508 1107 246 57 deluse»

556 1176 576 69 264
1017 1176 884 69 Processione
1747 1176 115 69 C

571 1250 313 66 265
816 1250 335 66 Ritratto
1084 1250 201 66 della
1218 1250 246 66 Signora
1397 1250 201 66 Sofia
1531 1250 357 66 Abbiat.
1799 1250 67 66 C

590 1378 475 74 Pedersen
990 1378 250 74 Viggo.
1165 1378 125 74 —
1216 1378 150 74 N.
1291 1378 125 74 a
1341 1378 350 74 Copenhagen
1591 1378 150 74 l'11

512 1443 245 65 Marzo
675 1443 245 65 1854,
839 1443 218 65 vive
975 1443 136 65 a
1030 1443 273 65 MSrkov
1193 1443 382 65 (Danimarca).

550 1523 559 60 266
997 1523 298 60 L
1183 1523 708 60 arcobaleno
1742 1523 112 60 1

567 1590 287 78 267
792 1590 307 78 Stagione
1037 1590 143 78 dei
1119 1590 184 78 prati
1242 1590 184 78 rossi
1365 1590 102 78 e
1406 1590 143 78 dei
1488 1590 184 78 campi
1610 1590 266 78 verd
1795 1590 61 78 1

587 1715 472 64 Peterssen
989 1715 236 64 Eilif.
1154 1715 118 64 —
1201 1715 142 64 N.
1272 1715 142 64 il
1343 1715 118 64 4
1390 1715 307 64 Settembre
1602 1715 142 64 1852

505 1786 128 57 a
557 1786 409 57 Christiania,
889 1786 179 57 ove
965 1786 230 57 dimora.

561 1849 132 52 V.
627 1849 264 52 Comitato
825 1849 132 52 di
870 1849 287 52 Patrocinio.

555 1932 396 57 268
866 1932 254 57 Notte
1035 1932 170 57 d’
1120 1932 283 57 estate
1318 1932 170 57 in
1403 1932 481 57 Norvegia
1770 1932 85 57 1

552 1996 443 64 269
907 1996 384 64 Giorno
1202 1996 177 64 d’
1290 1996 295 64 estate
1497 1996 384 64 (id).
1762 1996 89 64 1

582 2124 364 55 Prati
878 2124 273 55 Eugenio.
1082 2124 114 55 —
1128 2124 136 55 N.
1196 2124 114 55 a
1241 2124 341 55 Caldonazzo,
1514 2124 159 55 nel
1582 2124 159 55 Tren-

501 2194 222 50 tino,
649 2194 296 50 paesista
871 2194 123 50 e
920 2194 271 50 pittore
1117 2194 148 50 di
1191 2194 271 50 genere,
1388 2194 246 50 autore
1561 2194 148 50 di
1610 2194 123 50 al-

499 2272 211 61 cune
630 2272 422 61 composizioni
973 2272 185 61 che
1079 2272 158 61 la
1158 2272 290 61 critica
1369 2272 290 61 giudicô
1553 2272 185 61 piene

504 2331 143 54 di
576 2331 190 54 brio
694 2331 119 54 e
742 2331 143 54 di
813 2331 261 54 grazia,
1003 2331 190 54 come
1122 2331 119 54 «
1170 2331 261 54 Uomo
1360 2331 166 54 che
1455 2331 309 54 piange
1669 2331 71 54 e

478 2402 253 67 preso».

537 2474 614 67 270
1028 2474 901 67 Solitudine
1806 2474 205 67 F
1847 2474 123 67 W

534 2539 635 63 271
1033 2539 862 63 Prendete
1713 2539 136 63 D

374 3076 216 72 Digitized
524 3076 66 72 by

487 3060 399 119 Google

1785 3040 200 81 Original
1919 3040 100 81 from

1620 3112 337 59 UNIVERSITY
1885 3112 145 59 OF
1933 3112 241 59 MICHIGAN
