2550 3299
1101 441 157 59 105

1710 440 185 52 SALA

601 523 464 64 Leempoels
995 523 185 64 J.ef
1111 523 116 64 —
1157 523 139 64 N.
1227 523 116 64 a
1273 523 301 64 Bruxelles
1505 523 139 64 il
1575 523 139 64 15
1621 523 139 64 Mag-

518 593 177 67 gio
619 593 227 67 1867.
770 593 253 67 Studiô
947 593 202 67 all’
1073 593 328 67 Accademia
1326 593 152 67 di
1402 593 227 67 Belle
1553 593 202 67 Arti
1654 593 101 67 di

524 658 338 58 Bruxelles,
790 658 217 58 sotto
935 658 145 58 la
1007 658 314 58 direzione
1249 658 169 58 del
1345 658 290 58 Portaels
1563 658 121 58 e
1587 658 169 58 dello

523 727 326 56 Stallaert.
779 727 140 56 Le
849 727 163 56 sue
942 727 210 56 opere
1082 727 326 56 principali
1338 727 210 56 sono:
1454 727 303 56 «Noyze

515 794 398 58 d’argento
838 794 149 58 de
913 794 199 58 miei
1037 794 348 58 genitori»,
1311 794 273 58 «Angelo
1509 794 124 58 0
1534 794 224 58 de

525 858 242 58 mone
701 858 132 58 »,
767 858 330 58 «Visione
1031 858 242 58 crudele
1206 858 132 58 »,
1272 858 242 58 «Ognuno
1448 858 176 58 vuol
1536 858 220 58 eri

518 947 257 56 gere
705 947 117 56 a
751 947 257 56 saggexa
938 947 140 56 la
1008 947 257 56 propria
1195 947 234 56 follia
1359 947 140 56 »,
1429 947 117 56 «
1452 947 304 56 Destino

518 995 286 57 dell’
732 995 262 57 umanita
923 995 143 57 »,
994 995 309 57 «Amicizia
1232 995 143 57 ».
1304 995 214 57 «Alla
1423 995 333 57 chiesa».

520 1067 190 56 Cosi
639 1067 190 56 egli
757 1067 284 56 riassume
971 1067 119 56 i
1018 1067 237 56 propri
1184 1067 379 56 intendimenti
1469 1067 284 56 artistici:

530 1145 109 43 «
574 1145 415 43 Sincerissimo
924 1145 240 43 davanti
1098 1145 175 43 alla
1208 1145 240 43 natura,
1382 1145 109 43 a
1426 1145 153 43 lei
1492 1145 262 43 chiedo

521 1210 347 42 consiglio
803 1210 152 42 per
890 1210 260 42 tradurre
1085 1210 130 42 le
1150 1210 152 42 mie
1236 1210 195 42 idee.
1366 1210 130 42 Il
1431 1210 152 42 mio
1496 1210 260 42 ideale

517 1267 339 56 sarebbe
783 1267 266 56 questo:
976 1267 290 56 giungere
1194 1267 169 56 all
1291 1267 218 56 anima
1411 1267 339 56 accarei

528 1330 233 74 zando
702 1330 136 74 gli
760 1330 252 74 occhi.

578 1459 425 57 178
917 1459 368 57 Operai
1200 1459 198 57 che
1314 1459 255 57 vanno
1483 1459 170 57 al
1540 1459 368 57 lavoro

578 1522 469 58 179
953 1522 344 58 Inno
1203 1522 250 58 alla
1359 1522 531 58 famiglia
1765 1522 94 58 L

571 1594 523 67 180
989 1594 383 67 Dopo
1268 1594 209 67 la
1372 1594 523 67 scuola
1756 1594 105 67 L

596 1819 540 57 Leemputten
1059 1819 231 57 Frans
1213 1819 206 57 van.
1342 1819 129 57 —
1393 1819 154 57 N.
1470 1819 180 57 nel
1573 1819 206 57 1850
1676 1819 77 57 a

514 1883 321 61 Verchter;
761 1883 198 61 vive
885 1883 148 61 in
959 1883 296 61 Anversa.
1181 1883 222 61 Sull’
1329 1883 198 61 arte
1453 1883 173 61 sua
1551 1883 173 61 noi
1626 1883 123 61 non

517 1954 280 58 facciamo
727 1954 164 58 che
820 1954 280 58 riferire
1031 1954 140 58 le
1101 1954 210 58 belle
1241 1954 257 58 parole,
1428 1954 164 58 ch’
1521 1954 187 58 egli
1615 1954 140 58 ebbe

512 2019 127 58 a
562 2019 330 58 scriverci
816 2019 127 58 :
867 2019 228 58 «Come
1019 2019 279 58 farebbe
1222 2019 178 58 uno
1324 2019 330 58 scrittore
1577 2019 178 58 con
1654 2019 102 58 la

516 2100 235 54 penna,
680 2100 188 54 cosi
797 2100 141 54 io
867 2100 164 54 coi
961 2100 282 54 pennelli
1172 2100 211 54 tento
1313 2100 141 54 di
1384 2100 258 54 narrare
1571 2100 141 54 l’
1618 2100 141 54 esi-

510 2156 239 58 stenza
677 2156 310 58 pacifica,
916 2156 143 58 ma
988 2156 358 58 pittoresca,
1274 2156 167 58 del
1370 2156 310 58 contadino
1585 2156 167 58 fiam-

514 2222 238 60 mingo;
681 2222 143 60 mi
752 2222 238 60 sforzo
918 2222 143 60 di
990 2222 309 60 mostrarlo
1227 2222 214 60 tanto
1370 2222 214 60 nella
1512 2222 166 60 sua
1584 2222 166 60 lotta

510 2307 167 41 con
605 2307 143 41 la
677 2307 214 41 gleba
820 2307 262 41 ingrata
1010 2307 119 41 e
1058 2307 214 41 rude,
1201 2307 238 41 quanto
1367 2307 214 41 nelle
1510 2307 214 41 dolci
1629 2307 119 41 ore

510 2356 145 56 di
582 2356 242 56 riposo
752 2356 170 56 che
849 2356 267 56 seguono
1043 2356 145 56 il
1116 2356 267 56 lavoro,
1310 2356 218 56 tanto
1455 2356 218 56 nella
1576 2356 170 56 gioia

508 2427 224 56 delle
657 2427 174 56 sue
757 2427 224 56 feste
906 2427 249 56 quanto
1080 2427 398 56 nell’ingenuo
1378 2427 373 56 raccoglimento

509 2491 216 60 delle
653 2491 168 60 sue
749 2491 360 60 devozioni».
1037 2491 192 60 Ecco
1156 2491 120 60 i
1204 2491 240 60 titoli
1372 2491 144 60 di
1444 2491 240 60 alcune
1588 2491 168 60 opere

517 2554 282 63 segnalate
734 2554 130 63 di
800 2554 195 63 quest
930 2554 239 63 artista
1104 2554 109 63 :
1147 2554 369 63 «iContadini
1451 2554 152 63 che
1516 2554 239 63 vanno

1785 3055 198 66 Original
1918 3055 99 66 from

1622 3115 337 56 UNIVERSITY
1886 3115 144 56 OF
1935 3115 240 56 MICHIGAN
