2550 3299
1189 442 181 58 —
1261 442 253 58 128
1370 442 108 58 —

1858 459 179 40 SALA

753 539 482 57 Sartorelli
1166 539 321 57 Francesco.
1418 539 115 57 —
1464 539 138 57 N.
1533 539 115 57 a
1579 539 252 57 Cornuda
1739 539 161 57 (Tre-

671 603 252 48 viso).
847 603 126 48 —
898 603 328 48 Frequentô
1150 603 227 48 alcun
1301 603 227 48 tempo
1452 603 151 48 la
1528 603 277 48 facoltà
1730 603 151 48 di
1780 603 126 48 me-

669 675 247 63 dicina
842 675 123 63 a
891 675 271 63 Padova,
1088 675 222 63 indi.
1236 675 370 63 abbandonata
1532 675 148 63 l’
1582 675 320 63 Università,

667 739 263 57 studiô
851 739 158 57 il
930 739 421 57 contrappunto
1272 739 158 57 al
1351 739 448 57 Conservatorio
1720 739 158 57 di
1772 739 132 57 Mi-

672 810 201 57 lano
798 810 126 57 e
848 810 327 57 peregrinô
1099 810 176 57 poi
1200 810 176 57 con
1301 810 151 57 le
1376 810 352 57 principali
1627 810 277 57 orchestre

671 888 166 52 per
766 888 308 52 l’Italia,
1003 888 142 52 la
1074 888 284 52 Svizzera
1287 888 118 52 e
1335 888 142 52 la
1406 888 284 52 Francia.
1619 888 118 52 —
1642 888 261 52 Costretto

672 939 148 72 da
746 939 295 72 sventure
968 939 344 72 domestiche
1238 939 123 72 a
1287 939 271 72 tornare
1484 939 148 72 al
1558 939 221 72 paese
1681 939 221 72 nativo,

670 1012 221 61 prese
818 1012 172 61 nel
916 1012 197 61 1888
1039 1012 123 61 a
1088 1012 344 61 dipingere,
1359 1012 221 61 senza
1507 1012 148 61 la
1580 1012 221 61 guida
1728 1012 148 61 di
1777 1012 123 61 al-

668 1075 188 57 cun
776 1075 322 57 maestro.
1017 1075 242 57 Venne
1178 1075 134 57 a
1232 1075 376 57 stabilirsi
1527 1075 134 57 a
1581 1075 295 57 Venezia
1769 1075 134 57 nel

673 1138 230 57 1890,
827 1138 128 57 e
878 1138 153 57 da
955 1138 358 57 quell’anno
1236 1138 332 57 partecipa
1491 1138 204 57 alle
1619 1138 256 57 Mostre
1772 1138 128 57 na-

666 1204 259 55 zionali
855 1204 118 55 e
878 1204 283 55 straniere.

731 1300 233 64 299
918 1300 233 64 Giornata
1088 1300 202 64 triste

749 1530 428 58 Sartorio
1110 1530 135 58 G.
1178 1530 293 58 Aristide.
1403 1530 248 58 Giovane
1583 1530 248 58 pittore
1741 1530 158 58 roma-

668 1595 176 56 no,
769 1595 151 56 di
844 1595 201 56 rara
970 1595 302 56 coltura.
1196 1595 151 56 La
1272 1595 176 56 sua
1373 1595 352 56 educazione
1649 1595 151 56 si
1725 1595 126 56 é
1750 1595 151 56 for-

667 1665 205 50 mata
796 1665 462 50 principalmente
1181 1665 231 50 sull’
1335 1665 205 50 arte
1463 1665 308 50 inglese.
1695 1665 154 50 Ha
1746 1665 154 50 stu-

669 1737 226 60 diato
820 1737 126 60 a
870 1737 226 60 fondo
1021 1737 151 60 il
1096 1737 327 60 movimento
1347 1737 477 60 prerafaellista,
1724 1737 176 60 sopra

665 1795 236 56 tutto
822 1795 289 56 l’opera
1032 1795 341 56 pittorica
1295 1795 131 56 e
1348 1795 289 56 poetica
1558 1795 158 56 di
1636 1795 236 56 Dante
1768 1795 131 56 Ga-

667 1860 246 56 briele
840 1860 320 56 Rossetti,
1085 1860 221 56 della
1233 1860 221 56 quale
1381 1860 172 56 sta
1479 1860 369 56 preparando,
1749 1860 148 56 cre-

663 1919 247 68 diamo,
836 1919 173 68 una
935 1919 296 68 compiuta
1157 1919 444 68 illustrazione.
1528 1919 123 68 E
1577 1919 173 68 tra
1676 1919 123 68 i
1700 1919 198 68 colla-

674 2002 232 57 boratori
848 2002 251 57 artistici
1041 2002 135 57 del
1099 2002 328 57 Convito

722 2091 294 56 300
957 2091 176 56 La
1075 2091 215 56 Madonna
1232 2091 176 56 degli
1329 2091 255 56 Angel.

726 2163 250 72 301
926 2163 166 72 Una
1026 2163 233 72 Gorgone

725 2227 232 73 302
908 2227 216 73 Studio
1074 2227 99 73 di
1123 2227 216 73 testa
1272 2227 216 73 (pastello).

725 2298 260 56 303
932 2298 190 56 Sera
1071 2298 294 56 d’autunno
1296 2298 225 56 (pastello).

723 2363 257 57 304
924 2363 385 57 Hamersmith
1255 2363 239 57 (dittico,
1420 2363 220 57 pastello).

746 2596 399 55 Savini
1074 2596 282 55 Alfonso.
1286 2596 117 55 —
1333 2596 258 55 Pittore
1521 2596 305 55 romagnolo
1732 2596 141 55 dimo

1787 3053 198 70 Original
1918 3053 99 70 from

1622 3117 336 54 UNIVERSITY
1886 3117 144 54 OF
1934 3117 240 54 MICHIGAN
