2550 3299
1198 403 188 57 —
1274 403 226 57 86
1349 403 113 57 —

1854 418 185 42 SALA

668 498 142 58 la
739 498 213 58 guida
882 498 166 58 del
976 498 261 58 pittore
1166 498 379 58 orientalista
1474 498 142 58 L.
1545 498 142 58 C.
1617 498 284 58 Müiller.
1806 498 95 58 A-

663 571 259 57 vendo
836 571 345 57 ottenuto
1095 571 173 57 il
1181 571 288 57 premio
1383 571 173 57 di
1469 571 259 57 Roma,
1642 571 259 57 venne
1786 571 115 57 in

670 635 271 58 Italia,
867 635 123 58 e
917 635 148 58 vi
991 635 246 58 rimase
1163 635 172 58 due
1262 635 222 58 anni.
1409 635 123 58 A
1459 635 271 58 Monaco,
1656 635 197 58 dove
1754 635 148 58 oggi

665 717 302 55 dimora,
884 717 302 55 compose
1104 717 247 55 opere
1269 717 165 55 di
1351 717 247 55 molto
1516 717 302 55 pregio,
1709 717 192 55 come:

679 771 120 56 «
727 771 240 56 Via
895 771 240 56 Crucis
1063 771 144 56 1.
1135 771 168 56 «La
1231 771 312 56 sepoltura
1470 771 144 56 d’
1542 771 384 56 Alarico»
1830 771 72 56 e

672 843 285 57 numerosi
862 843 261 57 ritratti.

736 926 450 70 83
1074 926 450 70 Venti
1412 926 225 70 di
1524 926 525 70 Marzo
1899 926 113 70 E

748 1108 466 66 Dettmann
1141 1108 270 66 Ludwig.
1337 1108 123 66 —
1386 1108 147 66 N.
1460 1108 147 66 il
1533 1108 147 66 25
1607 1108 245 66 Luglio
1754 1108 147 66 1865

666 1171 169 62 ad
750 1171 309 62 Adelbye
975 1171 309 62 (presso
1200 1171 421 62 Flensburg);
1537 1171 225 62 vive
1677 1171 140 62 a
1705 1171 197 62 Char-

669 1243 355 57 lottenburg.
954 1243 261 57 Pittore
1143 1243 403 57 giovanissimo,
1475 1243 118 57 é
1522 1243 213 57 ormai
1664 1243 166 57 tra
1759 1243 118 57 i
1783 1243 118 57 più

669 1306 321 65 rinomati
910 1306 241 65 della
1071 1306 348 65 Germania.
1338 1306 214 65 Ebbe
1472 1306 161 65 la
1552 1306 241 65 prima
1686 1306 214 65 educa-

668 1396 289 40 cazione
878 1396 158 40 ad
957 1396 316 40 Amburgo,
1194 1396 184 40 poi
1299 1396 342 40 frequentô
1562 1396 158 40 l’
1615 1396 289 40 Accademia

667 1442 158 58 di
746 1442 316 58 Berlino.
983 1442 290 58 Viaggiô
1193 1442 184 58 nel
1299 1442 290 58 Belgio,
1509 1442 158 58 in
1588 1442 316 58 Francia,
1799 1442 105 58 in

672 1515 386 57 Inghilterra,
985 1515 193 57 fece
1106 1515 217 57 molti
1251 1515 217 57 studi
1395 1515 217 57 sulle
1540 1515 217 57 coste
1685 1515 169 57 del
1757 1515 145 57 Bal-

667 1578 215 58 tico
802 1578 134 58 e
855 1578 188 58 del
963 1578 215 58 mare
1097 1578 188 58 del
1205 1578 215 58 Nord
1339 1578 161 58 II
1420 1578 350 58 Dettmann,
1662 1578 242 58 spirito

670 1643 290 58 austero,
888 1643 194 58 mira
1009 1643 145 58 ad
1081 1643 315 58 esprimere
1323 1643 169 58 col
1420 1643 290 58 pennello
1638 1643 121 58 i
1662 1643 242 58 concetti

669 1715 257 57 morali
849 1715 129 57 e
901 1715 154 57 le
978 1715 308 57 emozioni
1209 1715 437 57 psicologiche.
1569 1715 180 57 Ama
1672 1715 154 57 la
1723 1715 180 57 forma

673 1778 151 74 del
760 1778 432 74 frittico
1127 1778 151 74 che
1214 1778 151 74 gli
1300 1778 259 74 permette
1494 1778 130 74 di
1559 1778 367 74 rappresentare
1840 1778 65 74 i

669 1865 289 43 momenti
879 1865 368 43 successivi
1168 1865 131 43 e
1221 1865 184 43 più
1326 1865 473 43 caratteristici
1720 1865 158 43 d’
1773 1865 131 43 una

643 1916 229 54 azione.

756 2010 257 58 84
954 2010 178 58 Il
1073 2010 297 58 Lavoro
1310 2010 99 58 —
1350 2010 237 58 trittico
1528 2010 139 58 (1)
1607 2010 277 58 (proprietà
1805 2010 99 58 del

967 2074 255 74 Museo
1137 2074 396 74 granducale
1448 2074 170 74 di
1505 2074 396 74 Mecklenburg-

897 2145 1215 60 Schwerin)
1738 2145 280 60 4

731 2357 137 54 (1)
810 2357 117 54 Il
868 2357 234 54 trittico
1044 2357 156 54 reca
1142 2357 117 54 le
1200 2357 234 54 scguenti
1357 2357 273 54 inscrizioni:

732 2417 90 42 a
768 2417 198 42 destra:
912 2417 162 42 La
1020 2417 180 42 nostra
1145 2417 144 42 vita
1235 2417 144 42 dura
1325 2417 216 42 settant’
1487 2417 162 42 anni,
1595 2417 108 42 ed
1648 2417 234 42 anche
1810 2417 108 42 se

668 2458 269 57 ottima,
879 2458 154 57 essa
975 2458 134 57 non
1052 2458 154 57 sarà
1148 2458 173 57 stata
1263 2458 134 57 che
1340 2458 192 57 lavoro
1474 2458 96 57 e
1513 2458 250 57 pena
1705 2458 192 57 (Salmo
1820 2458 96 57 XC,

668 2515 241 49 versetto
849 2515 141 49 10,
909 2515 282 49 abbreviato).

732 2571 92 49 a
768 2571 220 49 sinistra
933 2571 92 49 :
970 2571 238 49 «Dacci
1153 2571 147 49 oggi
1245 2571 110 49 il
1300 2571 183 49 nostro
1428 2571 147 49 pane
1520 2571 330 49 quotidiano
1777 2571 73 49 ».

365 3059 329 121 Digtized
612 3059 165 121 by
666 3059 220 121 Google

1788 3057 198 63 Original
1919 3057 99 63 from

1621 3114 336 56 UNIVERSITY
1885 3114 144 56 OF
1933 3114 240 56 MICHIGAN
