2550 3299
1696 444 183 48 SALA

1044 440 179 60 —
1116 440 251 60 135
1223 440 108 60 —

596 523 375 57 Stuck
900 523 234 57 Franz.
1064 523 117 57 —
1111 523 141 57 N.
1182 523 117 57 à
1228 523 328 57 Tettenweis
1486 523 141 57 il
1557 523 141 57 23
1603 523 141 57 feb-

513 586 393 81 braio.1863.
827 586 157 81 ——
906 586 131 81 E
958 586 184 81 uno
1063 586 236 81 degli
1221 586 288 81 artisti
1430 586 184 81 piû
1509 586 236 81 robusti

512 659 227 56 della
663 659 277 56 schiera
865 659 303 56 numerosa
1092 659 126 56 e
1142 659 303 56 géniale,
1369 659 176 56 che
1470 659 202 56 vive
1596 659 126 56 a
1621 659 126 56 Mo-

511 730 333 56 naco.-L.o
768 730 256 56 Stuck,
947 730 231 56 nella
1101 730 179 56 sua
1204 730 231 56 prima
1357 730 385 56 giovinezza,
1639 730 103 56 fu

513 795 378 56 disegnatore
815 795 126 56 e
865 795 428 56 caricaturista
1217 795 176 56 del
1318 795 302 56 giornale
1520 795 227 56 tedesco

521 875 288 56 «Fogli
743 875 377 56 volanti)
1053 875 266 56 Condusse
1253 875 111 56 a
1297 875 244 56 termine
1475 875 133 56 il
1541 875 155 56 suo
1608 875 133 56 pri-

511 944 160 45 mo
591 944 267 45 quadro
778 944 374 45 importante
1072 944 374 45 «Guardiano
1366 944 187 45 del
1446 944 294 45 Para

510 995 359 59 diso»
801 995 157 59 nel
891 995 180 59 1889
1003 995 112 59 e
1048 995 135 59 da
1116 995 224 59 quell’
1273 995 180 59 anno
1385 995 224 59 lavora
1542 995 157 59 con
1609 995 135 59 ala-

507 1066 227 74 crità
658 1066 227 74 senza
809 1066 227 74 pari.
960 1066 151 74 Ha
1036 1066 302 74 ricavato
1262 1066 151 74 le
1338 1066 176 74 sue
1414 1066 327 74 ispirazioni

507 1138 227 49 dalla
658 1138 252 49 storia
834 1138 252 49 sacra,
1011 1138 176 49 dal
1111 1138 227 49 rito,
1262 1138 227 49 dalle
1414 1138 302 49 leggende
1615 1138 126 49 na-

506 1208 296 52 zionali,
728 1208 296 52 portando
950 1208 247 52 spesso
1123 1208 222 52 nell’
1271 1208 222 52 opera
1419 1208 173 52 sua
1518 1208 173 52 una
1592 1208 148 52 spe-

505 1272 180 69 cie
608 1272 154 69 di
685 1272 257 69 vigore
865 1272 206 69 rude
994 1272 129 69 e
1045 1272 488 69 deliberatamente
1456 1272 308 69 arcaico.
1662 1272 77 69 É

502 1331 223 65 anche
651 1331 273 65 valente
824 1331 273 65 scultore.

560 1403 145 56 (V.
643 1403 248 56 Catalogo
829 1403 186 56 delle
933 1403 248 56 sculture).

572 1482 170 65 326
694 1482 183 65 Pieta

570 1554 238 73 327
757 1554 221 73 Caccia
910 1554 255 73 selvaggia

583 1747 384 60 Tafuri
900 1747 294 60 Raffaele.
1125 1747 113 60 —
1171 1747 135 60 N.
1238 1747 113 60 a
1283 1747 271 60 Salerno,
1487 1747 181 60 vive
1600 1747 113 60 a
1622 1747 113 60 Na

475 1818 171 66 poli.

548 1903 556 69 328
993 1903 482 69 Ultimi
1364 1903 519 69 ragg.
1735 1903 111 69 D

581 2115 452 65 Tallone
958 2115 251 65 Cesare
1133 2115 126 65 —
1184 2115 151 65 N.
1259 2115 126 65 a
1309 2115 251 65 Savona
1485 2115 176 65 nel
1560 2115 176 65 1854,

500 2178 225 58 vive
640 2178 140 58 a
696 2178 337 58 Bergamo,
949 2178 225 58 dove
1089 2178 309 58 insegna
1314 2178 225 58 all’
1426 2178 309 58 Accademia

500 2275 323 33 Carrara.
742 2275 296 33 Rimasto
958 2275 269 33 orfano
1146 2275 188 33 del
1254 2275 242 33 padre
1415 2275 269 33 ancora
1577 2275 161 33 bam-

500 2314 242 64 bino,
661 2314 161 64 fu
742 2314 322 64 condotto
983 2314 242 64 dalla
1144 2314 242 64 madre
1305 2314 161 64 ad
1359 2314 376 64 Alessandria.

501 2388 173 52 Qui
600 2388 223 52 trovô
749 2388 371 52 benefattori
1045 2388 322 52 generosi,
1293 2388 173 52 che
1392 2388 173 52 gli
1466 2388 272 52 fornirono

500 2451 131 57 i
552 2451 237 57 mezzi
710 2451 184 57 per
815 2451 342 57 istudiare
1078 2451 210 57 all’
1209 2451 342 57 Accademia
1472 2451 158 57 di
1525 2451 210 57 Brera.

499 2519 489 53 All’Esposizione
911 2519 154 53 di
988 2519 206 53 Roma
1117 2519 180 53 del
1220 2519 206 53 1883
1349 2519 180 53 era
1452 2519 257 53 notato
1606 2519 129 53 dal

506 2588 259 64 pubblico
701 2588 108 64 e
744 2588 194 64 dalla
874 2588 238 64 critica
1047 2588 130 64 il
1111 2588 216 64 quadro
1263 2588 281 64 grandioso
1457 2588 281 64 «Una

376 3097 213 51 Digitized
523 3097 66 51 by

493 3061 392 118 Google

1785 3054 200 64 Original
1919 3054 100 64 from

1621 3120 337 50 UNIVERSITY
1885 3120 144 50 OF
1934 3120 240 50 MICHIGAN
