2550 3299
1856 427 195 42 SALA

1249 426 142 58 94

672 506 396 61 liquidazione
994 506 173 61 dei
1093 506 247 61 debiti
1266 506 173 61 del
1365 506 272 61 prodigo
1563 506 272 61 artista
1736 506 173 61 coro

647 580 182 46 nato.

747 667 228 72 119
929 667 213 72 Idillio
1082 667 243 72 casalingo

756 835 399 57 Gignous
1088 835 266 57 Eugenio.
1288 835 111 57 —
1332 835 133 57 N.
1398 835 111 57 a
1443 835 222 57 Milano
1598 835 133 57 il
1664 835 111 57 4
1686 835 222 57 Agosto</

678 899 221 63 1850,
826 899 197 63 vive
949 899 123 63 a
998 899 246 63 Stresa
1170 899 221 63 (Lago
1318 899 344 63 Maggiore).
1588 899 246 63 Studiô
1760 899 123 63 a
1785 899 123 63 Mi-

669 969 216 59 lano
804 969 243 59 sotto
966 969 378 59 Tranquillo
1263 969 324 59 Cremona,
1505 969 378 59 volgendosi
1775 969 135 59 poi

670 1051 146 41 al
743 1051 340 41 paesaggio.
1010 1051 243 41 Espose
1180 1051 146 41 in
1253 1051 219 41 tutte
1399 1051 146 41 le
1472 1051 243 41 Mostre
1618 1051 292 41 artistiche

668 1099 310 65 italiane
901 1099 388 65 succedutesi
1211 1099 181 65 dal
1315 1099 207 65 1877
1444 1099 155 65 in
1522 1099 207 65 poi.
1651 1099 129 65 A
1677 1099 233 65 Venezia

671 1189 170 54 nel
768 1189 194 54 1887
889 1189 243 54 mandô:
1059 1189 437 54 «iAutunno»
1423 1189 121 54 e
1472 1189 219 54 «Lago
1593 1189 316 54 Maggio

674 1234 293 73 re)
904 1234 104 73 É
946 1234 146 73 tra
1029 1234 104 73 i
1071 1234 251 73 migliori
1259 1234 230 73 artisti
1426 1234 188 73 della
1552 1234 209 73 scuola
1677 1234 230 73 lombarda.

744 1331 212 56 120<i>
906 1331 150 56 Bosco.

750 1506 363 58 Gioli
1045 1506 317 58 Francesco.
1294 1506 113 58 —
1340 1506 136 58 N.
1407 1506 113 58 a
1453 1506 272 58 Settimo,
1657 1506 204 58 nella
1770 1506 136 58 pro-

669 1571 243 60 vincia
839 1571 146 60 di
912 1571 219 60 Pisa,
1057 1571 146 60 il
1130 1571 146 60 29
1203 1571 243 60 Giugno
1373 1571 219 60 1846,
1519 1571 194 60 vive
1640 1571 121 60 a
1664 1571 243 60 Firenze.

675 1642 157 56 Uno
764 1642 134 56 de
831 1642 179 56 suoi
943 1642 202 56 primi
1078 1642 224 56 lavori
1235 1642 134 56 fu
1302 1642 112 56 :
1347 1642 179 56 «
1459 1642 224 56 iCarlo
1593 1642 314 56 Emanuele

668 1707 190 55 di
787 1707 238 55 Savoia
954 1707 167 55 che
1049 1707 262 55 scaccia
1239 1707 428 55 l’ambasciatore
1573 1707 333 55 spagnuo

670 1772 322 63 lo».
918 1772 198 63 Dopo
1042 1772 198 63 aver
1166 1772 297 63 trattato
1389 1772 173 63 per
1488 1772 223 63 alcun
1636 1772 223 63 tempo
1760 1772 149 63 sog-

666 1843 232 66 getti
821 1843 310 66 storici,
1054 1843 155 66 si
1131 1843 232 66 diede
1286 1843 181 66 con
1389 1843 258 66 grande
1570 1843 336 66 alacrità,
1803 1843 103 66 ma

668 1906 278 57 insieme
870 1906 177 57 con
971 1906 151 57 la
1046 1906 202 57 fine
1172 1906 353 57 temperanza
1450 1906 278 57 propria
1652 1906 227 57 dell’
1778 1906 126 57 in-

665 1978 232 70 gegno
820 1978 310 70 toscano,
1053 1978 207 70 allo
1182 1978 258 70 studio
1363 1978 181 70 del
1466 1978 232 70 vero,
1595 1978 310 70 dipingendo

666 2043 396 73 generalmente
988 2043 272 73 episodi
1186 2043 124 73 e
1236 2043 223 73 scene
1384 2043 347 73 campestri.
1656 2043 124 73 A
1681 2043 223 73 Venezia

668 2115 160 62 nel
760 2115 183 62 1887
874 2115 229 62 espose
1034 2115 114 62 :
1080 2115 114 62 «
1126 2115 206 62 Le
1263 2115 343 62 macchiaiole
1538 2115 160 62 del
1606 2115 298 62 Tombolo:

668 2193 113 58 a
714 2193 227 58 Milano
873 2193 159 58 nel
963 2193 182 58 1894
1077 2193 113 58 :
1122 2193 295 58 «L’ora
1349 2193 159 58 che
1440 2193 204 58 volge
1576 2193 136 58 il
1622 2193 272 58 desio»

664 2243 346 65 (scogliera
936 2243 322 65 toscana),
1184 2243 173 65 «Al
1283 2243 297 65 fresco»,
1505 2243 124 65 «
1530 2243 371 65 Contadina

657 2327 285 45 toscana».

738 2412 207 56 121
890 2412 220 56 Pomona

737 2474 230 73 122
920 2474 184 73 Giro,
1058 2474 153 73 giro
1150 2474 184 73 tondo

736 2539 233 65 123
919 2539 283 65 Malinconia
1136 2539 216 65 estiva

1786 3059 198 63 Original
1919 3059 99 63 from

1621 3118 337 52 UNIVERSITY
1885 3118 144 52 OF
1934 3118 240 52 MICHIGAN
