2550 3299
1046 401 189 69 —
1122 401 264 69 153
1235 401 113 69 —

1712 402 191 61 SALA

606 497 213 73 De
748 497 307 73 Vigne
985 497 213 73 Paul.
1127 497 118 73 —
1174 497 284 73 Scultore
1387 497 236 73 belga,
1552 497 236 73 nacque
1694 497 71 73 a

524 567 253 69 Gand,
693 567 225 69 vive
833 567 141 69 a
889 567 394 69 Bruxelles.
1199 567 309 69 Scolaro
1424 567 197 69 di.
1536 567 197 69 suo
1620 567 141 69 pa-

525 636 215 63 dre,
660 636 242 63 compi
821 636 188 63 gli
928 636 242 63 studi
1090 636 242 63 nelle
1251 636 350 63 Accademie
1520 636 161 63 di
1574 636 188 63 Gand,

525 704 357 61 d’Anversa
799 704 137 61 e
854 704 165 61 di
937 704 330 61 Lovanio.
1184 704 357 61 Soggiornô
1459 704 137 61 a
1514 704 220 61 Roma
1624 704 137 61 dal

533 763 205 87 1870
661 763 154 87 al
738 763 205 87 1874
866 763 128 87 e
917 763 154 87 vi
994 763 307 87 condusse
1224 763 128 87 a
1276 763 205 87 fine
1404 763 256 87 alcune
1557 763 205 87 opere,

530 840 157 60 fra
619 840 135 60 le
687 840 202 60 quali
822 840 112 60 «
867 840 450 60 Girasole»
1249 840 315 60 acquistato
1496 840 157 60 dal
1564 840 202 60 governo

514 871 337 107 belga
738 871 262 107 pel
888 871 337 107 Museo
1113 871 225 107 di
1225 871 337 107 Gand.
1450 871 337 107 Passô
1675 871 262 107 poi
1825 871 262 107 due
1975 871 300 107 anni
2162 871 187 107 a
2200 871 112 107 i

522 978 456 63 Bruxelles,
881 978 260 63 dove
1043 978 195 63 fu
1141 978 456 63 incaricato
1499 978 619 63 dell’esecuzione
2020 978 195 63 di
2118 978 228 63 pa¬
2215 978 98 63 i

522 1042 365 68 recchie
787 1042 332 68 statue
1019 1042 464 68 decorative
1384 1042 232 68 pel
1517 1042 431 68 Municipio
1849 1042 166 68 e
1915 1042 232 68 pel
2048 1042 299 68 Con¬.
2213 1042 100 68 »

528 1121 362 66 servatorio.
818 1121 169 66 Nel
914 1121 193 66 1876
1035 1121 145 66 si
1107 1121 266 66 stabili
1300 1121 121 66 a
1349 1121 266 66 Parigi;
1542 1121 169 66 nel
1614 1121 145 66 1882

517 1186 282 61 fece
693 1186 387 61 ritorno
975 1186 211 61 in
1080 1186 387 61 patria.
1362 1186 247 61 Fra
1503 1186 211 61 le
1609 1186 317 61 opere
1820 1186 247 61 più
1961 1186 282 61 note
2137 1186 211 61 di
2207 1186 106 61 4

515 1246 576 70 quest’artista
990 1246 475 70 eccellente
1363 1246 373 70 notiamo
1634 1246 712 70 «iL’immorta¬
2210 1246 102 70 I

521 1313 401 68 lità»,
830 1313 278 68 «Il
1015 1313 278 68 genio
1200 1313 278 68 delll
1386 1313 401 68 arte»
1694 1313 154 68 e
1756 1313 247 68 vari
1911 1313 432 68 monumenti,
2219 1313 93 68 ;

515 1397 294 67 come
699 1397 367 67 quello
956 1397 220 67 di
1066 1397 404 67 Haerne,
1359 1397 257 67 uno
1506 1397 257 67 dei
1653 1397 477 67 fondatori
2020 1397 330 67 della
2203 1397 110 67 i

517 1460 564 60 costituzione
975 1460 317 60 belga
1186 1460 247 60 del
1327 1460 317 60 1830,
1538 1460 247 60 che
1679 1460 282 60 sarà
1855 1460 493 60 inaugurato
2207 1460 106 60 i

467 1526 588 87 nel
803 1526 1007 87 prossimo
1558 1526 923 87 agosto.

563 1638 615 69 392
1046 1638 878 69 Domenica
1748 1638 132 69 E

562 1711 618 63 393
1056 1711 865 63 Poverella
1756 1711 124 63 E

597 1978 299 65 Frémiet
814 1978 326 65 Emanuel.
1059 1978 136 65 —
1113 1978 163 65 N.
1195 1978 136 65 a
1249 1978 299 65 Parigi,
1467 1978 218 65 dove
1576 1978 190 65 vive.

523 2047 286 79 Allievo
731 2047 182 79 del
835 2047 234 79 Rude,
990 2047 130 79 e
1042 2047 208 79 egli
1172 2047 208 79 pure
1302 2047 182 79 tra
1406 2047 130 79 i
1458 2047 182 79 più
1535 2047 234 79 insigni

523 2127 297 46 scultori
746 2127 223 46 della
895 2127 297 46 Francia.
1117 2127 149 46 Ha
1192 2127 297 46 ricavato
1414 2127 248 46 ardite
1588 2127 124 46 e
1612 2127 149 46 ori-

521 2183 240 69 ginali
689 2183 359 69 figurazioni
976 2183 168 69 dai
1072 2183 264 69 periodi
1264 2183 383 69 preistorici,
1575 2183 120 69 e
1599 2183 168 69 dalla

519 2247 191 63 vita
615 2247 262 63 belluina.

572 2354 398 82 394
891 2354 292 82 Uomo
1104 2354 213 82 dell
1237 2354 186 82 eta
1343 2354 239 82 della
1502 2354 398 82 pietra
1794 2354 80 82 B

581 2422 313 79 395
831 2422 292 79 Gorilla
1061 2422 146 79 che
1144 2422 167 79 ruba
1249 2422 146 79 una
1332 2422 271 79 donna
1541 2422 229 79 (gruppo
1687 2422 83 79 di

789 2496 520 61 bronzo
1153 2496 780 61 argentato).
1725 2496 156 61 4

573 2562 304 66 396
812 2562 217 66 San
965 2562 326 66 Giorgio
1226 2562 239 66 (gruppo
1400 2562 130 66 di
1465 2562 217 66 bronzo
1617 2562 261 66 dorato).
1791 2562 87 66 <H

487 3058 403 123 Google

1783 3018 205 104 Original
1920 3018 102 104 from

1619 3113 341 59 UNIVERSITY
1887 3113 146 59 OF
1935 3113 244 59 MICHIGAN
