2550 3299
1204 443 179 57 —
1276 443 251 57 126
1383 443 108 57 —

1867 456 192 51 SALA

763 535 362 69 Rotta
1057 535 249 69 Silvio.
1238 535 113 69 —
1284 535 226 69 Figlio
1442 535 136 69 di
1510 535 249 69 Antonio
1691 535 226 69 Rotta,
1827 535 90 69 il

680 611 261 56 valente
870 611 119 56 e
918 611 285 56 popolare
1132 611 261 56 pittore
1322 611 143 56 di
1393 611 261 56 genere,
1583 611 143 56 n.
1655 611 166 56 nel
1750 611 190 56 1853
1845 611 71 56 a

679 674 302 57 Venezia.
906 674 327 57 Frequentô
1157 674 378 57 l’Accademia
1460 674 151 57 di
1535 674 227 57 belle
1686 674 227 57 arti,
1812 674 101 57 ma

678 738 169 66 non
775 738 145 66 ne
847 738 218 66 segui
992 738 387 66 regolarmente
1307 738 169 66 gli
1403 738 218 66 studi
1548 738 121 66 e
1597 738 121 66 a
1645 738 218 66 vent’
1766 738 145 66 anni

680 803 140 61 si
750 803 186 61 recô
866 803 116 61 e
912 803 303 61 trattenne
1145 803 163 61 per
1238 803 256 61 qualche
1424 803 209 61 tempo
1564 803 116 61 a
1611 803 256 61 Parigi.
1773 803 140 61 Dap-

682 883 314 57 principio
923 883 145 57 si
995 883 217 57 diede
1140 883 193 57 all’
1261 883 362 57 acquarello,
1526 883 386 57 rappresentando

678 939 345 58 volentieri
949 939 222 58 scene
1097 939 123 58 e
1146 939 271 58 costumi
1343 939 222 58 della
1491 939 172 58 sua
1590 939 246 58 città.
1738 939 172 58 Negli

674 1002 257 57 ultimi
854 1002 205 57 anni
982 1002 154 57 l’
1060 1002 205 57 arte
1188 1002 180 57 del
1291 1002 231 57 Rotta
1445 1002 154 57 ha
1522 1002 282 57 assunto
1702 1002 205 57 un’im-

680 1075 212 63 pronta
828 1075 275 63 originale
1040 1075 127 63 ed
1103 1075 254 63 elevata.
1294 1075 127 63 Il
1357 1075 148 63 suo
1442 1075 212 63 quadro
1590 1075 191 63 «I
1696 1075 212 63 for

678 1140 380 71 zat»,
990 1140 156 71 che
1080 1140 112 71 é
1124 1140 179 71 oggi
1236 1140 156 71 nel
1325 1140 201 71 Museo
1459 1140 134 71 di
1526 1140 179 71 Buda
1638 1140 201 71 Pest,
1750 1140 156 71 colpi

675 1209 169 66 nel
771 1209 193 66 1887
892 1209 169 66 per
988 1209 145 66 la
1061 1209 217 66 fosca
1206 1209 314 66 intensità
1447 1209 217 66 dell’
1567 1209 338 66 espressione;

679 1274 276 57 «i>Mura
879 1274 501 57 abbandonate»,
1306 1274 251 57 ardita
1456 1274 451 57 rappresentazione

678 1348 313 63 pittorica
919 1348 217 63 d’una
1064 1348 193 63 fuga
1184 1348 145 63 di
1256 1348 241 63 larve,
1425 1348 145 63 fu
1497 1348 169 63 tra
1594 1348 145 63 le
1666 1348 217 63 opere
1787 1348 121 63 più

672 1410 252 64 notate
848 1410 227 64 nella
999 1410 403 64 recentissima
1327 1410 378 64 Esposizione
1629 1410 151 64 di
1679 1410 227 64 Milano,

673 1476 217 55 anche
818 1476 169 55 per
914 1476 145 55 l'
987 1476 290 55 affinità
1204 1476 169 55 del
1301 1476 290 55 soggetto
1518 1476 169 55 con
1615 1476 217 55 certi
1736 1476 169 55 nuovi

667 1538 123 58 o
717 1538 320 58 rinnovati
963 1538 344 58 avviamenti
1233 1538 221 58 delle
1356 1538 271 58 fantasie.

706 1633 576 67 290
1158 1633 864 67 Morocomio
1857 1633 165 67 F

744 1835 402 57 Ruben
1071 1835 252 57 Franz.
1247 1835 126 57 —
1297 1835 151 57 N.
1373 1835 126 57 a
1423 1835 226 57 Praga
1574 1835 151 57 il
1649 1835 151 57 16
1700 1835 201 57 Agosto

670 1899 236 57 1842;
827 1899 210 57 vive
958 1899 131 57 a
1010 1899 262 57 Vienna
1194 1899 131 57 e
1246 1899 131 57 a
1272 1899 262 57 Venezia.

713 1995 432 62 291
1059 1995 375 62 Canale
1347 1995 173 62 di
1434 1995 259 62 Santa
1607 1995 403 62 Marta
1895 1995 115 62 L.

743 2211 438 58 Saccaggi
1112 2211 254 58 Cesare.
1296 2211 115 58 —
1343 2211 138 58 N.
1412 2211 115 58 a
1458 2211 254 58 Torino,
1642 2211 184 58 dove
1735 2211 161 58 vive.

697 2302 616 62 292
1190 2302 863 62 Contrast.
1889 2302 123 62 F

743 2507 331 55 Sala
1008 2507 243 55 Emilio.
1185 2507 110 55 —
1229 2507 133 55 N.
1295 2507 133 55 ad
1362 2507 265 55 Alicante
1561 2507 221 55 presso
1693 2507 199 55 Valenza

658 2583 192 60 nel
767 2583 247 60 1850;
932 2583 220 60 vive
1070 2583 137 60 a
1125 2583 302 60 Parigi.
1344 2583 330 60 Cominciô
1592 2583 165 60 ad
1647 2583 247 60 esporre

1785 3052 199 71 Original
1918 3052 100 71 from

1623 3113 345 59 <UNIVERSITY
1899 3113 138 59 OF
1945 3113 230 59 MICHIGAN
