2550 3299
1702 441 183 43 SALA

1093 434 162 58 113

514 516 187 53 forte
639 516 125 53 l'
701 516 249 53 impronta
888 516 187 53 della
1013 516 187 53 razza
1137 516 270 53 originale
1345 516 104 53 e
1386 516 187 53 quasi
1511 516 249 53 immutato
1677 516 83 53 il

511 571 241 45 costume
687 571 241 45 antico.
862 571 132 45 La
928 571 219 45 figlia
1082 571 132 45 di
1148 571 198 45 Jorio
1279 571 110 45 —
1323 571 198 45 colei
1455 571 154 45 che
1543 571 198 45 peccô
1652 571 110 45 per

509 627 201 41 amore
643 627 112 41 e
688 627 157 41 che
777 627 157 41 dal
866 627 157 41 suo
956 627 246 41 peccato
1135 627 112 41 e
1180 627 201 41 cinta
1314 627 134 41 d’
1381 627 246 41 infamia
1560 627 112 41 e
1604 627 134 41 di
1649 627 112 41 fa-

510 674 197 49 scino
642 674 110 49 —
686 674 197 49 passa
817 674 154 49 pel
905 674 263 49 sentiere
1102 674 197 49 della
1234 674 285 49 montagna,
1453 674 219 49 mentre
1607 674 132 49 la
1650 674 110 49 se-

509 731 178 56 guono
628 731 119 56 le
687 731 257 56 irrisioni
886 731 99 56 e
925 731 99 56 i
965 731 257 56 desiderii
1163 731 178 56 degli
1282 731 198 56 uomini
1420 731 218 56 ozianti
1579 731 119 56 in
1618 731 139 56 varie

511 794 277 41 attitudini
729 794 138 41 sul
808 794 237 41 ciglione
966 794 198 41 sassoso.

569 844 250 56 Conviene
757 844 146 56 che
840 844 125 56 lo
902 844 292 56 spettatore
1131 844 125 56 si
1194 844 187 56 ponga
1319 844 104 56 a
1360 844 146 56 una
1444 844 187 56 certa
1548 844 208 56 distanza

509 891 138 49 dal
588 891 218 49 quadro,
747 891 138 49 per
826 891 257 49 coglierne
1023 891 138 49 gli
1102 891 218 49 effetti
1261 891 138 49 che
1340 891 119 49 da
1399 891 198 49 vicino
1518 891 237 49 l'asprezza

512 946 165 50 della
621 946 256 50 superficie
823 946 238 50 distrugge
1005 946 293 50 interamente.
1243 946 183 50 Alcuni
1371 946 293 50 stud
1609 946 110 50 vi
1645 946 110 50 sono

484 996 211 57 annessi.

590 1172 361 58 Milesi
887 1172 319 58 Alessandro.
1143 1172 106 58 —
1185 1172 128 58 N.
1249 1172 106 58 a
1291 1172 234 58 Venezia
1462 1172 191 58 nell’
1568 1172 170 58 A

503 1249 227 57 prile
654 1249 176 57 del
755 1249 227 57 1856.
906 1249 327 57 Frequentô
1158 1249 151 57 l’
1233 1249 327 57 Accademia
1460 1249 277 57 veneziana

505 1308 151 55 di
580 1308 226 55 Belle
731 1308 226 55 Arti.
882 1308 151 55 Il
957 1308 277 55 pittore
1159 1308 327 55 Napoleone
1410 1308 201 55 Nani
1536 1308 226 55 prese
1662 1308 75 55 a

496 1370 317 57 volergli
733 1370 211 57 bene
866 1370 159 57 lo
945 1370 317 57 condusse
1183 1370 132 57 a
1236 1370 291 57 Verona,
1447 1370 132 57 e
1500 1370 159 57 lo
1553 1370 185 57 tenne

493 1442 189 74 con
601 1442 162 74 se
682 1442 189 74 per
790 1442 243 74 circa
951 1442 189 74 due
1059 1442 243 74 anni,
1221 1442 377 74 sopperendo
1517 1442 135 74 a
1544 1442 189 74 quasi

502 1508 237 55 tutte
660 1508 158 55 le
739 1508 263 55 spese:
923 1508 132 55 —
976 1508 290 55 questo,
1186 1508 184 55 con
1291 1508 237 55 animo
1423 1508 316 55 nobilmente

497 1572 230 72 grato,
658 1572 207 72 vuole
796 1572 138 72 l’
864 1572 253 72 artista
1048 1572 161 72 che
1140 1572 138 72 si
1209 1572 276 72 ricordi.
1416 1572 207 72 Verso
1553 1572 138 72 il
1599 1572 138 72 1878

498 1640 158 60 si
577 1640 210 60 recô
708 1640 132 60 a
761 1640 316 60 Trieste,
997 1640 184 60 ove
1103 1640 342 60 trascorse
1366 1640 158 60 un
1445 1640 210 60 anno
1550 1640 184 60 assai

496 1707 257 57 triste,
682 1707 304 57 lavorando
916 1707 187 57 poco
1033 1707 117 57 e
1079 1707 163 57 per
1173 1707 374 57 retribuzioni
1453 1707 280 57 irrisorie.

498 1779 272 55 Tornato
696 1779 223 55 nella
845 1779 173 55 sua
943 1779 247 55 città,
1117 1779 148 55 si
1191 1779 223 55 diede
1339 1779 124 55 a
1389 1779 346 55 dipingerne
1636 1779 99 55 le

491 1843 215 53 scène
634 1843 477 53 caratteristiche.
1040 1843 215 53 Sull’
1183 1843 191 53 arte
1302 1843 191 53 sua,
1421 1843 191 53 viva
1540 1843 119 53 e
1564 1843 167 53 colo-

497 1914 227 57 rita,
648 1914 302 57 esercitô
874 1914 252 57 grande
1051 1914 327 57 influenza
1302 1914 151 57 il
1378 1914 327 57 rimpianto
1604 1914 126 57 Fa

466 1986 220 51 vretto.

556 2074 269 57 219
771 2074 341 57 Fabbricatori
1058 2074 108 57 di
1094 2074 287 57 penitenze

574 2258 398 58 Millais
906 2258 155 58 Sir
994 2258 177 58 John
1105 2258 265 58 Everett,
1304 2258 133 58 R.
1370 2258 133 58 A.
1436 2258 111 58 —
1481 2258 133 58 N.
1547 2258 155 58 l’8
1613 2258 133 58 Giu-

487 2322 194 66 gno
598 2322 222 66 1829
737 2322 139 66 a
792 2322 444 66 Southampton,
1153 2322 222 66 vive
1292 2322 139 66 a
1319 2322 250 66 Londra.

546 2387 131 49 V.
612 2387 262 49 Comitato
808 2387 131 49 di
852 2387 284 49 Patrocinio.

554 2483 229 73 220
737 2483 137 73 L’
813 2483 259 73 ornitologo

552 2548 242 64 221
745 2548 145 64 L’
842 2548 210 64 ultima
1003 2548 129 64 rosa
1084 2548 97 64 d’
1116 2548 210 64 estate

1787 3057 198 65 Original
1918 3057 99 65 from

1621 3116 337 54 UNIVERSITY
1885 3116 144 54 OF
1934 3116 240 54 MICHIGAN
