2550 3299
1231 408 172 68 —
1265 408 172 68 152

1909 418 169 42 SALAb>

375 3079 215 69 Digitized
523 3079 66 69 by

710 498 436 73 prepotentemente
1077 498 275 73 attratto
1284 498 184 73 alla
1398 498 321 73 statuaria,
1651 498 229 73 quello
1788 498 161 73 dello

708 586 260 43 scultore
903 586 238 43 Delisi,
1077 586 152 43 ove
1163 586 238 43 modellô
1337 586 130 43 un
1401 586 108 43 «
1445 586 347 43 Fauno
1726 586 130 43 ».
1791 586 152 43 che
1856 586 87 43 fu

707 654 267 61 esposto
901 654 170 61 nel
998 654 194 61 1863
1119 654 121 61 a
1167 654 291 61 Palermo.
1385 654 242 61 Quest’
1555 654 218 61 opera
1701 654 194 61 fece
1798 654 145 61 con-

706 708 238 57 cepire
873 708 285 57 speranze
1086 708 190 57 cosi
1205 708 214 57 liete
1348 708 166 57 pel
1443 708 261 57 giovane
1633 708 285 57 artista,
1823 708 119 57 che

704 771 205 80 egli
833 771 154 80 s’
910 771 205 80 ebbe
1038 771 180 80 dal
1141 771 334 80 Municipio
1398 771 385 80 palermitano
1706 771 180 80 una
1783 771 154 80 pic-

704 850 191 65 cola
823 850 310 65 pensione.
1062 850 238 65 grazie
1228 850 191 65 alla
1347 850 214 65 quale
1490 850 191 65 poté
1609 850 262 65 recarsi
1800 850 119 65 a
1824 850 119 65 Fi-

707 906 205 59 renze
844 906 114 59 e
890 906 274 59 studiare
1095 906 114 59 a
1141 906 205 59 lungo
1277 906 160 59 col
1369 906 228 59 Dupré.
1528 906 205 59 Dalla
1642 906 297 59 Vita

713 986 279 66 nuova
940 986 175 66 trasse
1062 986 105 66 l’
1114 986 140 66 idea
1202 986 122 66 del
1271 986 314 66 Dantino
1533 986 157 66 dalle
1638 986 210 66 Scene
1778 986 157 66 El

709 1042 352 58 leniche
1002 1042 137 58 del
1081 1042 254 58 Brofferio
1276 1042 195 58 quella
1413 1042 137 58 del
1491 1042 391 58 «Canaris»
1803 1042 137 58 (sta-

702 1106 176 58 tua
803 1106 302 58 mirabile
1029 1106 353 58 acquistata
1306 1106 176 58 dal
1407 1106 327 58 Ministero
1659 1106 227 58 della
1785 1106 151 58 pub-

698 1179 237 56 blica
855 1179 368 56 istruzione
1145 1179 158 56 ed
1223 1179 289 56 offerta
1434 1179 158 56 in
1512 1179 210 56 dono
1644 1179 158 56 al
1696 1179 237 56 Munici-

701 1243 163 71 pio
794 1243 140 71 di
864 1243 303 71 Palermo);
1096 1243 209 71 dalla
1236 1243 256 71 Vita
1422 1243 140 71 di
1492 1243 279 71 Ges
1701 1243 163 71 del
1771 1243 163 71 Renan

699 1307 146 57 il
772 1307 122 57 «
820 1307 268 57 Gesà
1015 1307 219 57 nell’
1161 1307 195 57 Orto
1283 1307 146 57 di
1356 1307 463 57 Getseman»;
1746 1307 171 57 dal
1819 1307 122 57 Ro-

699 1379 186 51 vani
815 1379 140 51 il
885 1379 326 51 «Giulio
1142 1379 373 51 Cesare.
1445 1379 163 51 Nel
1538 1379 186 51 1886
1654 1379 210 51 vinse
1794 1379 117 51 a
1817 1379 117 51 Pa-

696 1443 223 74 lermo
845 1443 149 74 il
919 1443 297 74 concorso
1142 1443 173 74 per
1241 1443 173 74 una
1340 1443 248 74 statua
1514 1443 297 74 equestre
1737 1443 149 74 di
1786 1443 149 74 Vit-

700 1515 222 52 torio
848 1515 296 52 Emanuele
1070 1515 123 52 e
1119 1515 246 52 quello
1292 1515 172 52 per
1390 1515 148 52 un
1464 1515 394 52 bassorilievo
1760 1515 172 52 dello

703 1594 236 57 stesso
869 1594 331 57 monumento.
1129 1594 354 57 Ricorderemo
1412 1594 189 57 pure
1507 1594 425 57 «L’ultima

705 1649 200 58 ora
845 1649 120 58 di
905 1649 340 58 Missolungi»
1185 1649 100 58 e
1225 1649 120 58 il
1285 1649 220 58 «Cristo
1425 1649 380 58 deposto».

759 1748 216 55 389
931 1748 129 55 Il
1003 1748 187 55 Lavoro

759 1802 265 67 390
971 1802 141 67 I
1059 1802 123 67 due
1130 1802 194 67 estremi
1271 1802 106 67 si
1306 1802 247 67 toccano

774 2059 207 56 De
912 2059 299 56 Paoli
1142 2059 230 56 Luigi.
1303 2059 115 56 —
1349 2059 138 56 N.
1419 2059 115 56 a
1465 2059 322 56 Pordenone,
1695 2059 230 56 fratello

691 2123 161 55 di
772 2123 348 55 Francesco
1039 2123 161 55 de
1119 2123 268 55 Paoli,
1307 2123 294 55 giovine
1521 2123 241 55 poeta
1681 2123 161 55 di
1735 2123 187 55 molte

691 2195 326 56 speranze,
942 2195 176 56 che
1042 2195 201 56 mori
1168 2195 176 56 nel
1268 2195 226 56 fiore
1418 2195 326 56 dell’età.
1669 2195 125 56 A
1694 2195 226 56 Venezia

691 2258 172 58 nel
790 2258 197 58 1887
913 2258 197 58 egli
1036 2258 246 58 espose
1209 2258 246 58 «La
1381 2258 345 58 Bisca»
1652 2258 123 58 e
1701 2258 148 58 un
1751 2258 172 58 altro

693 2329 227 74 gruppo
852 2329 272 74 grazioso
1056 2329 272 74 «Luna
1260 2329 136 74 di
1328 2329 340 74 miele,
1600 2329 159 74 del
1691 2329 204 74 quale
1805 2329 113 74 gli

690 2388 294 64 vennero
904 2388 321 64 commesse
1145 2388 241 64 molte
1305 2388 454 64 riproduzioni.
1679 2388 134 64 É
1706 2388 214 64 autore

687 2467 151 57 di
762 2467 251 57 alcuni
938 2467 302 57 pregiati
1164 2467 327 57 monumenti
1390 2467 327 57 sepolcrali.

715 2555 706 64 391
1279 2555 800 64 Icaro
1891 2555 141 64 E

491 3060 393 117 Google

1787 3053 198 66 Original
1918 3053 99 66 from

1622 3122 336 47 UNIVERSITY
1886 3122 144 47 OF
1934 3122 240 47 MICHIGAN

1893 1753 164 130 86
