2550 3299
507 539 287 65 duecento
722 539 334 65 acqueforti
985 539 311 65 originali
1224 539 119 65 e
1272 539 215 65 punte
1415 539 239 65 seccle
1558 539 287 65 (ritratti,

508 610 231 57 studi,
669 610 277 57 paesaggi
877 610 300 57 olandesi)
1107 610 138 57 ha
1176 610 369 57 interpretato
1476 610 115 57 e
1522 610 184 57 reso
1614 610 231 57 popolari

506 675 152 64 le
582 675 228 64 opere
733 675 177 64 più
835 675 329 64 segnalate
1088 675 177 64 de’
1189 675 202 64 suoi
1316 675 253 64 grandi
1467 675 380 64 connazionali,

509 746 139 65 il
578 746 323 65 Rembrandt,
832 746 139 65 il
901 746 231 65 Mauve,
1063 746 139 65 lo
1132 746 277 65 Stevens,
1340 746 323 65 l’Israels,
1594 746 139 65 il
1640 746 208 65 Mesdag,

510 813 119 63 i
558 813 239 63 Maris,
725 813 358 63 sforzandosi
1011 813 143 63 di
1083 813 262 63 rendere
1273 813 167 63 nel
1369 813 191 63 modo
1488 813 167 63 più
1560 813 286 63 rispettoso

512 882 147 59 la
586 882 270 59 fattura
782 882 123 59 e
831 882 147 59 il
905 882 196 59 tono
1028 882 147 59 de
1101 882 196 59 suoi
1200 882 245 59 modelli.

596 946 150 58 Il
671 946 150 58 De
746 946 250 58 Zwart,
921 946 275 58 pittore
1122 946 150 58 di
1197 946 225 58 molto
1347 946 300 58 ingegno,
1573 946 150 58 ci
1648 946 150 58 ha
1698 946 150 58 dato

514 1019 161 65 una
606 1019 276 65 trentina
813 1019 230 65 almeno
974 1019 138 65 di
1043 1019 391 65 lastre
1365 1019 161 65 dal
1457 1019 253 65 disegno
1618 1019 230 65 leggero,

512 1100 294 57 potenti
726 1100 160 57 di
806 1100 240 57 tono,
966 1100 187 57 che
1073 1100 454 57 rappresentano
1447 1100 187 57 per
1554 1100 160 57 la
1608 1100 240 57 massima

515 1155 223 66 parte
664 1155 248 66 vedute
813 1155 273 66 olandesi.

595 1219 271 56 Notiamo
792 1219 296 56 inoltre,
1014 1219 197 56 come
1137 1219 394 56 temperamenti
1458 1219 320 56 artistici
1680 1219 172 56 deli-

516 1283 187 65 cati
633 1283 117 65 e
679 1283 351 65 suggestivi.
960 1283 140 65 il
1030 1283 304 65 Breitnez,
1264 1283 187 65 Etha
1381 1283 210 65 Fles,
1521 1283 140 65 il
1591 1283 257 65 Karsen,
1755 1283 94 65 il

512 1348 195 56 Van
623 1348 195 56 der
735 1348 250 56 Valk,
902 1348 139 56 F
957 1348 334 56 Verster,
1208 1348 139 56 e
1264 1348 195 56 non
1375 1348 473 56 dimentichiamo
1737 1348 111 56 il

520 1419 242 73 Bosch,
689 1419 145 73 il
762 1419 218 73 Dake,
907 1419 145 73 la
980 1419 315 73 signorina
1222 1419 291 73 Croiset,
1440 1419 145 73 il
1513 1419 266 73 Koster,
1682 1419 170 73 l’Ha-

518 1490 314 57 vermann,
753 1490 157 57 il
832 1490 314 57 Josselin
1067 1490 157 57 de
1146 1490 235 57 Jong,
1303 1490 157 57 il
1381 1490 314 57 Reicher.
1617 1490 157 57 lo
1669 1490 183 57 Stark

514 1555 164 73 de
596 1555 300 73 Graadt,
814 1555 164 73 il
896 1555 191 73 Van
1005 1555 300 73 Roggen,
1224 1555 164 73 la
1306 1555 355 73 signorina
1579 1555 164 73 De
1634 1555 219 73 Vries,

517 1626 171 56 che
614 1626 171 56 con
712 1626 146 56 le
785 1626 219 56 opere
931 1626 219 56 loro,
1077 1626 268 56 diverse
1272 1626 146 56 di
1345 1626 317 56 carattere
1589 1626 122 56 e
1613 1626 244 56 d’impor-

520 1706 243 57 tanza,
690 1706 364 57 partecipano
981 1706 146 57 in
1053 1706 243 57 Olanda
1223 1706 194 57 alla
1345 1706 340 57 rigogliosa
1611 1706 146 57 ed
1660 1706 194 57 eletta

522 1775 334 54 produzione
784 1775 143 54 di
856 1775 238 54 questa
1023 1775 215 54 forma
1166 1775 334 54 dell'arte,
1428 1775 143 54 la
1499 1775 238 54 quale,
1666 1775 143 54 se
1714 1775 143 54 con-

518 1825 309 59 siderata
750 1825 206 59 come
878 1825 309 59 semplice
1110 1825 412 59 procedimento
1444 1825 386 59 d’incisione
1727 1825 129 59 sul

523 1891 198 70 rame
647 1891 173 70 non
746 1891 247 70 sembra
919 1891 222 70 avere
1067 1891 173 70 per
1166 1891 148 70 se
1240 1891 247 70 stessa
1413 1891 247 70 valore
1561 1891 297 70 artistico,

524 1962 154 58 lo
601 1962 154 58 ha
679 1962 283 58 invece,
884 1962 129 58 e
936 1962 360 58 altissimo,
1219 1962 206 58 come
1347 1962 360 58 linguaggio
1605 1962 257 58 vibrante

515 2028 213 57 delle
658 2028 356 57 impressioni
942 2028 119 57 e
990 2028 166 57 del
1084 2028 332 57 sentimento
1321 2028 285 57 personale.

1785 3054 199 68 Original
1918 3054 100 68 from

1621 3114 338 57 UNIVERSITY
1886 3114 145 57 OF
1935 3114 241 57 MICHIGAN
