2550 3299
1218 433 155 59 104

1824 435 188 49 SALA

633 515 174 56 le:
733 515 174 56 poi
832 515 124 56 a
882 515 273 56 Parigi,
1080 515 248 56 presso
1254 515 149 56 il
1329 515 323 56 Lefebvre,
1577 515 124 56 e
1627 515 124 56 a
1651 515 224 56 Monaco.

635 579 177 59 Fra
736 579 152 59 le
812 579 228 59 opere
964 579 152 59 di
1040 579 254 59 questo
1218 579 279 59 artista
1421 579 406 59 giovanissimo
1725 579 152 59 sono

634 651 199 64 degne
767 651 133 64 di
833 651 266 64 menzione
1032 651 111 64 :
1077 651 111 64 «
1121 651 177 64 I
1232 651 266 64 racconti
1431 651 199 64 della
1542 651 332 64 vecchia»,

645 723 188 56 «La
771 723 272 56 preghiera
980 723 147 56 del
1064 723 314 56 mattino
1315 723 126 56 ».
1378 723 105 56 i
1420 723 105 56 «
1461 723 314 56 Ritratto
1692 723 188 56 del

636 788 379 55 Presidente
948 788 156 55 del
1037 788 290 55 Consiglio
1260 788 156 55 dei
1349 788 268 55 ministri
1528 788 334 55 Weckerle»

633 851 109 56 e
677 851 109 56 i
720 851 109 56 «
764 851 304 56 Ritratti
1002 851 152 56 del
1089 851 261 56 Principe
1285 851 109 56 e
1328 851 195 56 della
1458 851 326 56 Principessa
1697 851 174 56 d

625 916 333 72 Bulgaria».

697 1018 309 63 174
945 1018 309 63 Ritratto
1192 1018 144 63 del
1275 1018 309 63 Metropolita
1522 1018 124 63 di
1564 1018 309 63 Bulgaria

926 1083 288 72 Gregorio

714 1210 424 73 Laurenti
1071 1210 246 73 Cesare.
1250 1210 112 73 —
1294 1210 134 73 N.
1361 1210 112 73 a
1406 1210 223 73 Mesola
1562 1210 201 73 prov.
1696 1210 134 73 di
1741 1210 134 73 Fer-

634 1259 215 88 rara,
777 1259 191 88 vive
897 1259 119 88 a
944 1259 286 88 Venezia.
1159 1259 119 88 É
1207 1259 167 88 fra
1302 1259 167 88 gli
1398 1259 262 88 artisti
1589 1259 167 88 che
1660 1259 215 88 rappre-

628 1339 280 62 sentano
831 1339 153 62 l’
907 1339 330 62 indirizzo
1161 1339 407 62 psicologico,
1492 1339 178 62 con
1593 1339 178 62 una
1670 1339 203 62 palese

630 1404 406 63 inclinazione
960 1404 152 63 al
1036 1404 381 63 simbolismo.
1340 1404 152 63 Un
1416 1404 254 63 soffio
1594 1404 152 63 di
1645 1404 228 63 pensosa

631 1474 310 57 tristezza
870 1474 215 57 spira
1013 1474 239 57 talora
1180 1474 215 57 dalle
1323 1474 167 57 sue
1419 1474 215 57 tele,
1562 1474 167 57 che
1633 1474 239 57 rivelano

629 1539 177 64 una
730 1539 355 64 concezione
1009 1539 203 64 alta
1136 1539 127 64 e
1186 1539 228 64 grave
1339 1539 228 64 della
1491 1539 228 64 vita.
1643 1539 152 64 Ci
1694 1539 177 64 basti

631 1612 309 71 ricordare
869 1612 119 71 «
917 1612 285 71 Froas
1131 1612 214 71 animi
1273 1612 333 71 interpres»
1511 1612 357 71 «Parche»,

630 1674 234 73 quadro
793 1674 140 73 di
864 1674 328 73 sentimento
1121 1674 374 73 leopardiano.
1425 1674 117 73 «
1449 1674 421 73 Coscienza»

632 1740 102 71 «
672 1740 245 71 Anima
857 1740 389 71 ammnalata»,
1184 1740 102 71 «
1204 1740 307 71 Epilogo»

700 1843 227 65 175
878 1843 227 65 Armonie
1040 1843 194 65 verd.

701 1915 198 65 176
842 1915 255 65 Parabola

709 2058 474 71 Lebiedzki
1112 2058 285 71 Edoardo.
1326 2058 119 71 —
1373 2058 142 71 N.
1444 2058 119 71 a
1492 2058 308 71 Bodenbach
1705 2058 166 71 (Boe-

627 2131 198 64 mia)
751 2131 149 64 il
825 2131 124 64 9
875 2131 223 64 Marzo
1024 2131 223 64 1862;
1172 2131 198 64 vive
1296 2131 124 64 a
1346 2131 273 64 Vienna.
1544 2131 198 64 Fece
1668 2131 124 64 i
1693 2131 173 64 primi

625 2187 223 74 studi
774 2187 198 74 all’
898 2187 322 74 Accademia
1146 2187 298 74 viennese
1369 2187 124 74 e
1419 2187 223 74 compi
1567 2187 149 74 la
1642 2187 174 74 sua
1716 2187 149 74 edu-

626 2258 278 62 cazione
828 2258 329 62 artistica
1081 2258 203 62 all’
1208 2258 278 62 estero.
1410 2258 329 62 Soggiornô
1638 2258 228 62 qualche

625 2330 223 72 tempo
774 2330 124 72 a
823 2330 297 72 Venezia,
1046 2330 124 72 a
1096 2330 297 72 Firenze,
1318 2330 124 72 a
1368 2330 223 72 Roma,
1516 2330 124 72 a
1566 2330 248 72 Parigi
1739 2330 124 72 e
1764 2330 99 72 ad

626 2394 230 57 Atene,
787 2394 184 57 dove
902 2394 253 57 dipinse
1086 2394 230 57 alcuni
1247 2394 299 57 affreschi
1477 2394 161 57 nel
1569 2394 253 57 palazzo
1730 2394 138 57 del-

627 2459 134 65 l’
671 2459 290 65 Università.

703 2556 165 59 177
821 2556 201 59 Idillio

1787 3058 198 64 Original
1918 3058 99 64 from

1621 3122 337 49 UNIVERSITY
1886 3122 145 49 OF
1934 3122 241 49 MICHIGAN
