2550 3299
1828 459 179 40 SALA

1228 442 148 74 158

728 548 383 64 Nono
1035 548 281 64 Urbano.
1239 548 128 64 —
1290 548 153 64 N.
1367 548 128 64 a
1418 548 281 64 Venezia
1622 548 153 64 il
1698 548 128 64 5
1724 548 153 64 gen-

649 623 200 45 naio
774 623 225 45 1849.
924 623 200 45 Fino
1049 623 125 45 a
1099 623 400 45 trentacinque
1425 623 200 45 anni
1550 623 250 45 lavorô
1700 623 175 45 nello

650 675 245 56 studio
821 675 147 56 d’
894 675 147 56 un
968 675 318 56 ingegnere
1213 675 122 56 e
1262 675 220 56 aiutô
1409 675 147 56 il
1482 675 220 56 padre
1629 675 220 56 nell’
1752 675 122 56 uf-

654 739 207 61 ficio
792 739 138 61 di
861 739 345 61 dispensiere
1137 739 207 61 delle
1276 739 322 61 privative.
1529 739 161 61 Nel
1621 739 184 61 1884
1713 739 161 61 passô

651 810 200 57 come
776 810 374 57 disegnatore
1075 810 225 57 nelle
1225 810 300 57 officine
1450 810 150 57 di
1525 810 150 57 S.
1599 810 225 57 Elena
1749 810 125 57 e
1774 810 100 57 fu

649 891 128 57 a
701 891 255 57 questo
879 891 230 57 tempo
1032 891 204 57 che,
1160 891 281 57 affatto
1364 891 281 57 digiuno
1568 891 153 57 di
1619 891 255 57 prepara-

648 954 240 48 zione
809 954 374 48 accademica
1102 954 134 48 e
1156 954 240 48 senza
1316 954 214 48 aver
1450 954 187 48 mai
1530 954 347 48 frequentato

648 1011 160 56 lo
728 1011 267 56 studio
915 1011 160 56 di
995 1011 294 56 qualche
1209 1011 347 56 scultore,
1476 1011 294 56 modellô
1689 1011 160 56 la
1743 1011 133 56 sua

652 1075 215 72 prima
796 1075 239 72 statua
963 1075 144 72 «A
1035 1075 551 72 rimbalzello»
1514 1075 287 72 premiata
1729 1075 120 72 a
1753 1075 120 72 Mi-

646 1147 223 55 lano
786 1147 196 55 nel
897 1147 223 55 1885
1037 1147 140 55 e
1093 1147 335 55 ammirata
1344 1147 168 55 di
1428 1147 251 55 nuovo
1596 1147 251 55 nella
1735 1147 140 55 Mo-

647 1226 201 58 stra
772 1226 150 58 di
847 1226 276 58 Venezia
1048 1226 175 58 del
1148 1226 226 58 1887.
1299 1226 125 58 A
1349 1226 251 58 questa
1524 1226 251 58 stessa
1675 1226 201 58 Mostra

655 1275 269 72 partecipô
862 1275 145 72 con
945 1275 145 72 tre
1027 1275 186 72 altre
1151 1275 186 72 opere
1275 1275 103 72 «
1316 1275 434 72 Belisario»,
1667 1275 207 72 «La

650 1347 271 54 tro»,
854 1347 113 54 «
899 1347 226 54 Cristo
1057 1347 384 54 tentato),
1374 1347 136 54 le
1442 1347 158 54 due
1532 1347 226 54 ultime
1690 1347 136 54 di
1735 1347 136 54 gran

649 1411 218 56 mole
785 1411 136 56 e
840 1411 382 56 ardimento.
1140 1411 273 56 Espose
1331 1411 136 56 a
1386 1411 273 56 Monaco
1577 1411 191 56 nel
1686 1411 218 56 1888
1795 1411 82 56 e

645 1466 140 66 a
701 1466 279 66 Parigi
896 1466 196 66 nel
1008 1466 251 66 1889.
1176 1466 140 66 E
1232 1466 279 66 autore
1427 1466 196 66 del
1539 1466 363 66 monumento
1790 1466 84 66 a

650 1541 287 64 Daniele
859 1541 261 64 Manin,
1042 1541 157 64 in
1094 1541 261 64 Firenze.

711 1643 205 56 413
875 1643 123 56 Il
943 1643 191 56 turbine

710 1714 221 57 A14
887 1714 162 57 Alla
990 1714 206 57 berlina

726 1882 404 74 Panzeri
1062 1882 225 74 Luigi.
1220 1882 112 74 —
1265 1882 247 74 Giovane
1444 1882 270 74 scultore
1624 1882 247 74 lombardo,

646 1946 227 65 nato
788 1946 142 65 a
845 1946 341 65 Lamagna,
1100 1946 370 65 dimorante
1385 1946 142 65 a
1442 1946 313 65 Milano.
1641 1946 227 65 Appar-

651 2020 207 56 tiene
789 2020 138 56 al
858 2020 230 56 gruppo
1019 2020 207 56 degli
1157 2020 599 56 impressionist,
1687 2020 115 56 e
1733 2020 161 56 ama
1802 2020 69 56 i

647 2099 294 45 soggetti
868 2099 172 45 che
966 2099 270 45 destano
1163 2099 294 45 emozioni
1383 2099 343 45 patetiche.
1653 2099 123 45 A
1678 2099 196 45 Milano

644 2148 177 63 nel
745 2148 203 63 1894
872 2148 253 63 espose
1049 2148 152 63 il
1125 2148 253 63 gruppo
1277 2148 481 63 «L’Ammalata».

701 2251 246 72 415
895 2251 158 72 «L
983 2251 246 72 Orfana».

722 2411 391 65 Pardo
1039 2411 220 65 Vito.
1185 2411 122 65 —
1234 2411 146 65 N.
1308 2411 122 65 a
1356 2411 293 65 Venezia,
1576 2411 195 65 vive
1698 2411 195 65 oggi
1796 2411 73 65 a

645 2471 239 68 Roma.
805 2471 133 68 É
858 2471 292 68 allievo
1070 2471 159 68 di
1150 2471 265 68 Giulio
1309 2471 345 68 Monieverde.

702 2579 252 57 416
900 2579 216 57 Busto
1062 2579 108 57 in
1098 2579 198 57 marmo

1786 3053 198 70 Original
1919 3053 99 70 from

1621 3117 337 53 UNIVERSITY
1885 3117 144 53 OF
1934 3117 240 53 MICHIGAN
