2550 3299
1744 445 183 46 SALA

1078 442 178 58 —
1150 442 249 58 107
1256 442 107 58 —

550 523 174 72 II,
650 523 323 72 Bismarck,
898 523 273 72 Wagner,
1097 523 273 72 Morelli
1295 523 174 72 (il
1395 523 273 72 critico
1568 523 224 72 d’arte)

556 594 353 56 Minghetti,
833 594 252 56 Liszt,
984 594 303 56 Gladstone.

621 690 279 57 186
844 690 279 57 Ritratto
1067 690 112 57 di
1123 690 149 57 Lady
1198 690 204 57 Gray

620 755 278 72 187
843 755 278 72 Ritratto
1065 755 130 72 del
1139 755 167 72 prof.
1232 755 259 72 Emerson

620 819 287 80 188
850 819 287 80 Ritratto
1079 819 134 80 del
1156 819 172 80 prof.
1251 819 364 80 Schwenninge/r

618 891 289 56 189
849 891 289 56 Ritratto
1080 891 135 56 del
1157 891 250 56 Langravio
1349 891 116 56 di
1388 891 231 56 Assia

633 1058 361 67 Lenz
922 1058 193 67 Max.
1042 1058 120 67 —
1091 1058 145 67 N.
1163 1058 120 67 a
1211 1058 241 67 Vienna
1380 1058 169 67 nel
1476 1058 217 67 1860.
1620 1058 193 67 Fece
1717 1058 72 67 i

547 1139 199 49 suoi
671 1139 224 49 studi
820 1139 323 49 artistici
1069 1139 248 49 presso
1243 1139 149 49 l’
1317 1139 323 49 Accademia
1541 1139 248 49 viennese

548 1194 127 57 e
598 1194 228 57 venne
750 1194 177 57 poi
852 1194 127 57 a
903 1194 228 57 Roma.
1055 1194 152 57 La
1131 1194 279 57 maggior
1334 1194 228 57 parte
1486 1194 228 57 delle
1613 1194 177 57 opere

549 1259 148 56 di
623 1259 247 56 quest’
796 1259 272 56 artista
994 1259 198 56 sono
1118 1259 148 56 di
1192 1259 247 56 genere
1340 1259 321 56 decorativo.

609 1355 460 57 190
977 1355 429 57 Madonna
1314 1355 214 57 col
1436 1355 490 57 bambino
1804 1355 92 57 L

633 1530 527 62 Liebermann
1085 1530 201 62 Max.
1210 1530 125 62 —
1260 1530 151 62 N.
1335 1530 151 62 il
1411 1530 151 62 29
1486 1530 251 62 Luglio
1636 1530 151 62 1849

551 1594 130 57 a
577 1594 259 57 Berlino.

629 1662 120 53 V.
689 1662 239 53 Comitato
868 1662 120 53 di
928 1662 299 53 patrocinio.

609 1751 407 56 191
929 1751 291 56 Nel
1133 1751 320 56 mercato
1365 1751 175 56 di
1453 1751 349 56 Haarlem.
1685 1751 204 56 K

610 1817 429 50 192
947 1817 459 50 Birreria
1314 1817 184 50 di
1406 1817 398 50 campagna.
1682 1817 214 50 K

619 1885 349 58 193
893 1885 374 58 Ritratto
1192 1885 149 58 di
1267 1885 274 58 Gerhard
1466 1885 349 58 Hauptmann.
1715 1885 174 58 K

637 2027 491 65 Lhermitte
1055 2027 221 65 Léon.
1202 2027 123 65 —
1251 2027 147 65 N.
1325 2027 147 65 il
1398 2027 123 65 3
1447 2027 245 65 Luglio
1619 2027 196 65 1844
1717 2027 74 65 a

560 2097 210 58 Mont
691 2097 183 58 St.
796 2097 210 58 Père
927 2097 314 58 (Aisne);
1162 2097 210 58 vive
1293 2097 131 58 a
1346 2097 288 58 Parigi.
1555 2097 236 58 Prima
1686 2097 105 58 di

555 2162 419 53 rappresentare
900 2162 173 53 col
999 2162 296 53 pennello
1221 2162 148 53 la
1295 2162 197 53 vita
1418 2162 222 53 aspra
1566 2162 173 53 del
1640 2162 148 53 con-

558 2239 277 60 tadino,
759 2239 151 60 il
835 2239 327 60 Lhermitte
1086 2239 252 60 lavorô
1263 2239 201 60 egli
1388 2239 201 60 pure
1514 2239 176 60 nei
1590 2239 201 60 campi.

563 2295 153 52 «I
640 2295 204 52 suoi
768 2295 332 52 contadini
1023 2295 128 52 —
1074 2295 255 52 scrive
1253 2295 153 52 un
1329 2295 281 52 critico
1534 2295 281 52 tedesco
1712 2295 77 52 —

554 2362 199 58 sono
678 2362 248 58 tratti
852 2362 323 58 veramente
1100 2362 223 58 dalla
1249 2362 273 58 realtà:
1448 2362 174 58 non
1547 2362 174 58 mai
1621 2362 174 58 l’au-

560 2444 200 56 tore
685 2444 150 56 ne
760 2444 326 56 idealizza
1011 2444 150 56 le
1086 2444 250 56 figure
1261 2444 125 56 o
1311 2444 150 56 ne
1386 2444 275 56 esagera
1587 2444 150 56 la
1637 2444 150 56 gof-

556 2499 296 57 faggine
772 2499 162 57 ».
852 2499 189 57 Fra
960 2499 162 57 le
1041 2499 215 57 cose
1176 2499 323 57 migliori
1418 2499 189 57 del
1499 2499 296 57 Lhermitte

557 2571 177 56 sono
668 2571 111 56 i
712 2571 222 56 quadri
867 2571 200 56 «I
1000 2571 355 56 falciatori»,
1289 2571 111 56 e
1333 2571 155 56 «La
1422 2571 266 56 raccolta
1599 2571 200 56 del

489 3060 397 120 Google

1785 3044 199 77 Original
1918 3044 100 77 from

1622 3122 337 50 UNIVERSITY
1886 3122 144 50 OF
1935 3122 240 50 MICHIGAN
