2550 3299
1676 410 188 50 SALA

1023 410 174 64 —
1093 410 244 64 145
1197 410 105 64 —

495 507 237 49 terra.
661 507 309 49 Soggiornô
899 507 142 49 in
970 507 237 49 Italia
1136 507 166 49 dal
1231 507 190 49 1875
1350 507 142 49 al
1421 507 214 49 1878.
1564 507 142 49 Il
1611 507 119 49 suo

493 577 252 57 genere
669 577 302 57 favorito
896 577 126 57 é
946 577 151 57 il
1022 577 252 57 quadro
1198 577 302 57 storico.
1425 577 151 57 Ha
1500 577 151 57 un
1551 577 176 57 ciclo

495 626 142 64 d'
566 626 213 64 opere
708 626 165 64 che
803 626 142 64 s’
873 626 284 64 aggirano
1086 626 260 64 intorno
1275 626 189 64 alla
1393 626 189 64 vita
1488 626 236 64 dell’in-

496 698 259 57 felice
677 698 285 57 Leonora
884 698 311 57 Cristina
1118 698 155 57 di
1169 698 311 57 Danimarca.

558 787 298 64 365
797 787 278 64 Leonora
1015 787 239 64 Cristina
1194 787 179 64 nella
1314 787 139 64 sua
1393 787 318 64 prigione
1632 787 99 64 (le

790 858 282 57 dame
996 858 231 57 della
1149 858 257 57 Regina
1329 858 154 57 la
1406 858 462 57 svestono).
1765 858 77 57 1

546 925 442 63 366
899 925 265 63 La
1076 925 265 63 festa
1252 925 177 63 di
1340 925 177 63 S.
1429 925 442 63 Lidano
1753 925 88 63 1

580 1090 528 58 Zanetti-Miti
1039 1090 298 58 Giuseppe.
1269 1090 115 58 —
1315 1090 184 58 Nato
1430 1090 115 58 a
1475 1090 230 58 Modena
1613 1090 115 58 nel

502 1172 229 55 1860,
654 1172 357 55 frequentô,
935 1172 178 55 con
1037 1172 204 55 poca
1164 1172 382 55 regolarità,
1445 1172 280 55 l’Accade-

498 1226 176 57 mia
598 1226 226 57 della
749 1226 226 57 città
900 1226 251 57 nativa
1075 1226 126 57 e
1125 1226 251 57 quella
1301 1226 151 57 di
1377 1226 301 57 Bologna.
1577 1226 151 57 Fèce

496 1297 154 67 un
573 1297 231 67 primo
727 1297 282 67 viaggio
932 1297 128 67 a
983 1297 282 67 Venezia
1189 1297 179 67 nel
1291 1297 231 67 1879,
1445 1297 128 67 e
1496 1297 154 67 ne
1548 1297 179 67 restô

493 1354 201 66 cosi
619 1354 277 66 colpito
820 1354 176 66 che
921 1354 277 66 promise
1122 1354 126 66 a
1172 1354 151 66 se
1248 1354 252 66 stesso
1424 1354 151 66 di
1474 1354 252 66 tornarvi

494 1428 393 55 stabilmente,
814 1428 172 55 ciô
912 1428 172 55 che
1011 1428 271 55 avvenne
1208 1428 172 55 nel
1306 1428 221 55 1884.
1453 1428 148 55 Il
1503 1428 221 55 mistero

493 1508 307 55 notturno
724 1508 231 55 della
878 1508 256 55 nostra
1057 1508 231 55 città
1211 1508 154 55 dà
1288 1508 205 55 oggi
1416 1508 154 55 la
1492 1508 205 55 nota
1595 1508 128 55 do-

497 1563 266 56 minante
690 1563 314 56 all’opera
932 1563 193 56 sua.
1053 1563 338 56 Ricordiamo
1318 1563 121 56 i
1367 1563 242 56 quadri
1512 1563 217 56 «Ar

496 1626 300 65 monia
721 1626 150 65 »,
796 1626 250 65 «Nella
971 1626 200 65 pace
1096 1626 150 65 »,
1171 1626 275 65 «Ultima
1371 1626 225 65 ora»,
1496 1626 225 65 esposti

493 1691 134 73 a
547 1691 268 73 Milano
735 1691 188 73 nel
815 1691 188 73 1884.

543 1792 451 60 367
904 1792 421 60 Venezia
1235 1792 632 60 addormentata
1747 1792 90 60 C

577 1954 412 62 Zanetti
921 1954 275 62 Vettore.
1127 1954 114 62 —
1172 1954 137 62 N.
1241 1954 114 62 a
1287 1954 275 62 Venezia,
1470 1954 252 62 residente

491 2020 162 64 ad
572 2020 216 64 Atri
680 2020 296 64 (Teramo).

539 2114 480 73 368
916 2114 446 73 Canale
1259 2114 171 73 a
1328 2114 549 73 Venezia
1739 2114 103 73 F

575 2282 417 57 Zezzos
919 2282 368 57 Alessandro.
1214 2282 123 57 —
1263 2282 147 57 N.
1336 2282 123 57 a
1385 2282 270 57 Venezia
1582 2282 147 57 il
1631 2282 98 57 12

498 2346 295 65 febbraio
720 2346 221 65 1848,
867 2346 148 65 da
941 2346 295 65 famiglia
1162 2346 246 65 greca.
1335 2346 246 65 Studiô
1507 2346 172 65 nel
1580 2346 148 65 Gin-

499 2403 210 73 nasio
638 2403 116 73 e
685 2403 210 73 nell’
825 2403 303 73 Accademia
1058 2403 140 73 di
1128 2403 210 73 belle
1267 2403 210 73 arti.
1407 2403 116 73 E
1454 2403 186 73 fine
1547 2403 186 73 acqua-

497 2483 321 73 rellista,
744 2483 148 73 ma
818 2483 222 73 anche
966 2483 222 73 nella
1114 2483 271 73 pittura
1312 2483 148 73 ad
1386 2483 197 73 olio
1484 2483 247 73 consegui

499 2554 237 74 felici
665 2554 308 74 successi.
902 2554 213 74 Nelle
1044 2554 166 74 sue
1138 2554 213 74 opere
1280 2554 189 74 egli
1399 2554 213 74 porta
1541 2554 142 74 di
1588 2554 142 74 pre

1589 2666 120 41 10

492 3059 395 118 Google

1787 3053 198 66 Original
1918 3053 99 66 from

1622 3118 336 51 UNIVERSITY
1886 3118 144 51 OF
1934 3118 240 51 MICHIGAN
