2550 3299
1908 454 197 46 SALA

807 536 425 59 Carozzi
1161 536 307 59 Giuseppe.
1398 536 118 59 —
1445 536 283 59 Paesista
1657 536 307 59 lombardo,
1870 536 94 59 n.

720 601 140 59 a
748 601 252 59 Milano.

815 697 216 60 54
981 697 249 60 Tramonti
1164 697 216 60 seren.

819 760 189 85 55
965 760 146 85 Per
1052 760 175 85 acqua

806 979 486 73 Carpanetto
1222 979 301 73 Giovanni.
1454 979 116 73 —
1500 979 255 73 Pittore
1662 979 301 73 piemontese,

724 1049 323 54 residente
973 1049 124 54 a
1022 1049 273 54 Torino.
1221 1049 224 54 Nella
1370 1049 249 54 Mostra
1544 1049 323 54 nazionale
1793 1049 149 54 di
1843 1049 124 54 Ve-

722 1126 234 61 nezia
878 1126 260 61 (1887)
1059 1126 156 61 il
1137 1126 182 61 suo
1241 1126 260 61 quadro
1423 1126 493 61 «Conseguenze»
1812 1126 156 61 rap-

723 1185 387 66 presentante
1033 1185 155 66 il
1111 1185 310 66 suicidio
1343 1185 155 66 di
1421 1185 181 66 una
1524 1185 284 66 signora
1731 1185 232 66 sotto
1860 1185 103 66 il

723 1258 270 52 treno:
912 1258 270 52 quadro
1102 1258 189 52 che
1210 1258 162 52 fu
1291 1258 243 52 molto
1453 1258 325 52 discusso
1697 1258 135 52 e
1751 1258 243 52 parve
1886 1258 81 52 a

725 1314 234 60 taluno
889 1314 305 60 inspirato
1123 1314 211 60 dall’
1263 1314 258 60 Anna
1451 1314 375 60 Karenina
1755 1314 141 60 di
1802 1314 164 60 Leone

699 1385 249 60 Tolstoi.

820 1482 169 58 56
937 1482 233 58 Ritratto

806 1688 431 73 Casciaro
1169 1688 295 73 Giuseppe.
1396 1688 113 73 —
1441 1688 136 73 N.
1509 1688 136 73 ad
1577 1688 249 73 Ortelle
1736 1688 227 73 (provin-

725 1753 177 57 cia
826 1753 152 57 di
902 1753 227 57 Lecce
1053 1753 177 57 nel
1154 1753 202 57 1862
1281 1753 152 57 v.
1357 1753 126 57 a
1407 1753 278 57 Napoli.
1584 1753 379 57 All’Accademia

725 1817 146 60 fu
798 1817 268 60 allievo
992 1817 170 60 del
1089 1817 268 60 Palizzi
1284 1817 122 60 e
1333 1817 170 60 del
1430 1817 292 60 Morelli.
1649 1817 146 60 Si
1697 1817 268 60 distingue

726 1881 161 72 per
818 1881 207 72 l’uso
956 1881 161 72 dei
1048 1881 276 72 pastelli
1254 1881 299 72 colorati,
1484 1881 138 72 de
1553 1881 207 72 quali
1690 1881 276 72 presentô
1874 1881 92 72 al

724 1954 285 58 l’ultima
938 1954 238 58 Mostra
1105 1954 285 58 milanese
1319 1954 238 58 alcune
1485 1954 285 58 raccolte
1676 1954 285 58 intitolate

732 2018 477 59 «Impressioni
1134 2018 226 59 della
1285 2018 302 59 campagna
1511 2018 477 59 napoletana»
1888 2018 75 59 e

735 2088 379 77 «Paesaggi
1020 2088 355 77 napoletan».

748 2178 254 67 57
944 2178 391 67 Primavera
1276 2178 254 67 (pastello
1452 2178 235 67 colorato).

811 2249 249 75 58
1002 2249 268 75 Panneau
1213 2249 134 75 con
1290 2249 211 75 quattro
1443 2249 249 75 stud
1616 2249 153 75 (id.):

866 2313 153 66 a)
968 2313 102 66 Il
1002 2313 222 66 Tevere

867 2385 158 60 b)
954 2385 245 60 Autunno

864 2463 139 63 c)
933 2463 416 63 Impressione
1280 2463 208 63 della
1419 2463 277 63 campagna
1604 2463 300 63 napole

971 2530 159 51 tana

867 2585 105 67 d)
919 2585 157 67 Il
1006 2585 244 67 Vesuvio

1782 3045 204 77 Original
1918 3045 102 77 from

1620 3110 340 62 UNIVERSITY
1887 3110 146 62 OF
1935 3110 243 62 MICHIGAN
