2550 3299
1263 402 148 50 120

1868 389 186 56 SALA

682 497 378 59 predilezione
990 497 142 59 ed
1060 497 165 59 una
1155 497 307 59 singolare
1391 497 260 59 abilità
1580 497 165 59 nel
1651 497 260 59 dipingere

682 551 121 53 i
730 551 242 53 fiori,
900 551 121 53 i
948 551 218 53 quali
1094 551 291 53 adornano
1312 551 242 53 spesso
1481 551 121 53 i
1530 551 194 53 suoi
1627 551 218 53 quadri.

737 642 291 62 259
966 642 104 62 «
1008 642 250 62 Nella
1195 642 208 62 nostra
1341 642 250 62 campagna
1528 642 125 62 s’
1590 642 146 62 ode
1674 642 125 62 il
1715 642 229 62 tubar

980 713 212 59 della
1121 713 265 59 tortora».

735 774 311 62 260
984 774 249 62 Budda
1171 774 104 62 e
1213 774 104 62 i
1254 774 166 62 suoi
1358 774 270 62 discepoli
1565 774 145 62 sui
1648 774 187 62 monti
1752 774 166 62 d

976 853 372 70 Jennenj
1270 853 254 70 (Giappone).

757 1003 418 56 Pasini
1102 1003 295 56 Alberto.
1323 1003 123 56 —
1372 1003 148 56 N.
1446 1003 172 56 nel
1544 1003 197 56 1826
1667 1003 123 56 a
1692 1003 221 56 Busseto

675 1067 360 56 (provincia
958 1067 154 56 di
1010 1067 231 56 Parma).

733 1131 132 49 V.
799 1131 264 49 Comitato
997 1131 132 49 di
1041 1131 286 49 patrocinio.

735 1210 309 57 261
983 1210 289 57 Santone
1209 1210 124 57 in
1271 1210 268 57 preghiera
1477 1210 165 57 alla
1580 1210 185 57 porta
1683 1210 227 57 della

971 1282 314 65 Moschea
1218 1282 157 65 del
1307 1282 247 65 Sultano
1487 1282 292 65 Ahmed
1689 1282 225 65 (Costan-

976 1340 304 64 tinopoli).
1215 1340 109 64 —
1259 1340 239 64 «Non
1432 1340 152 64 c’é
1519 1340 195 64 altro
1649 1340 152 64 Dio
1715 1340 195 64 che

973 1420 264 64 Allah
1171 1420 110 64 e
1215 1420 264 64 Maometto
1413 1420 110 64 e
1457 1420 132 64 il
1523 1420 154 64 suo
1589 1420 308 64 profeta»

938 1482 292 66 (Corano).

756 1651 415 64 Paulsen
1102 1651 254 64 Julius.
1286 1651 115 64 —
1332 1651 138 64 N.
1402 1651 115 64 a
1448 1651 254 64 Odensee
1609 1651 300 64 (Danimarca)

671 1716 165 64 il
753 1716 165 64 22
835 1716 302 64 Ottobre
1055 1716 247 64 1860;
1219 1716 219 64 vive
1356 1716 137 64 a
1411 1716 411 64 Copenhagen.
1740 1716 137 64 É
1768 1716 137 64 uno

673 1796 177 48 dei
774 1796 353 48 pochissimi
1051 1796 278 48 artisti
1253 1796 252 48 danesi
1430 1796 177 48 che
1531 1796 227 48 hanno
1657 1796 252 48 trattato

672 1851 151 64 il
747 1851 201 64 nudo
873 1851 276 64 Ingegno
1074 1851 276 64 fecondo
1274 1851 126 64 e
1325 1851 251 64 vario,
1500 1851 226 64 passa
1651 1851 176 64 dal
1726 1851 176 64 paese

673 1933 144 56 al
745 1933 313 56 ritratto,
986 1933 217 56 dalla
1130 1933 265 56 pittura
1323 1933 144 56 di
1395 1933 241 56 genere
1563 1933 192 56 alle
1659 1933 241 56 composi-

673 1986 217 64 zioni
818 1986 290 64 storiche
1035 1986 121 64 e
1059 1986 266 64 bibliche,

731 2082 250 74 262
928 2082 161 74 Le
1035 2082 197 74 modelle
1160 2082 286 74 aspettano

731 2146 252 65 263
929 2146 198 65 Casa
1073 2146 108 65 d’
1127 2146 108 65 un
1163 2146 288 65 contadino

752 2320 429 59 Pellizza
1114 2320 294 59 Giuseppe.
1340 2320 113 59 —
1385 2320 135 59 N.
1452 2320 113 59 a
1498 2320 248 59 Volpedo
1678 2320 226 59 (prov.
1814 2320 90 59 di

670 2405 379 55 Alessandria)
978 2405 166 55 nel
1073 2405 213 55 1868.
1215 2405 213 55 Nella
1357 2405 166 55 sua
1451 2405 331 55 giovinezza
1712 2405 142 55 il
1759 2405 142 55 Pel-

671 2458 221 65 lizza
819 2458 148 65 si
893 2458 246 65 occupô
1065 2458 172 65 per
1163 2458 271 65 qualche
1360 2458 221 65 tempo
1508 2458 148 65 d’
1557 2458 344 65 agricoltura;

672 2540 175 56 poi
772 2540 150 56 la
847 2540 175 56 sua
947 2540 301 56 famiglia
1173 2540 351 56 acconsenti
1448 2540 175 56 ch’
1548 2540 200 56 egli
1674 2540 150 56 si
1724 2540 175 56 desse

1787 3053 198 70 Original
1918 3053 99 70 from

1622 3117 336 54 UNIVERSITY
1886 3117 144 54 OF
1934 3117 240 54 MICHIGAN
