<alto xmlns:xsi="http://www.w3.org/2001/XMLSchema-instance" xmlns="http://www.loc.gov/standards/alto/ns-v2#" xmlns:page="http://schema.primaresearch.org/PAGE/gts/pagecontent/2013-07-15" xsi:schemaLocation="http://www.loc.gov/standards/alto/ns-v2# http://www.loc.gov/standards/alto/alto.xsd">
  <Description>
    <MeasurementUnit>pixel</MeasurementUnit>
    <sourceImageInformation>
         <fileName>Cat_Venezia_1895-0175.xml</fileName>
      </sourceImageInformation>
    <OCRProcessing ID="IdOcr">
      <ocrProcessingStep>
        <processingDateTime>2020-09-22T17:02:01.599+02:00</processingDateTime>
        <processingSoftware>
               <softwareCreator>CONTRIBUTORS</softwareCreator>
               <softwareName>pdfalto</softwareName>
               <softwareVersion>0.1</softwareVersion>
            </processingSoftware>
      </ocrProcessingStep>
    </OCRProcessing>
  </Description>
  <Styles>
     <TextStyle ID="FONT0" FONTSTYLE=""/>
     <TextStyle ID="FONT1" FONTSTYLE="bold"/>
     <TextStyle ID="FONT2" FONTSTYLE="italics"/>
</Styles>
  <Tags/>
  <Layout>
    <Page ID="Page1" PHYSICAL_IMG_NR="1" HEIGHT="3299" WIDTH="2550">
      <PrintSpace HEIGHT="2802" WIDTH="1774" VPOS="370" HPOS="400">
        <TextBlock ID="r_1_1" HEIGHT="32" WIDTH="107" VPOS="377" HPOS="1942">
          <TextLine ID="tl_1" BASELINE="412" HEIGHT="41" WIDTH="120" VPOS="371" HPOS="1936">
            <String HEIGHT="41" WIDTH="180" VPOS="371" HPOS="1876" CONTENT="SALA" ID="tl_1_1" STYLEREFS="FONT0"/>
          </TextLine>
        </TextBlock>
        <TextBlock ID="r_2_1" HEIGHT="536" WIDTH="1195" VPOS="461" HPOS="726">
          <TextLine ID="tl_2" BASELINE="523" HEIGHT="62" WIDTH="1206" VPOS="461" HPOS="720">
            <String HEIGHT="62" WIDTH="176" VPOS="461" HPOS="695" CONTENT="unz" ID="tl_2_1" STYLEREFS="FONT0"/>
            <SP HEIGHT="62" WIDTH="25" VPOS="461" HPOS="871"/>
            <String HEIGHT="62" WIDTH="201" VPOS="461" HPOS="795" CONTENT="dura" ID="tl_2_2" STYLEREFS="FONT0"/>
            <SP HEIGHT="62" WIDTH="25" VPOS="461" HPOS="996"/>
            <String HEIGHT="62" WIDTH="327" VPOS="461" HPOS="921" CONTENT="battaglia" ID="tl_2_3" STYLEREFS="FONT0"/>
            <SP HEIGHT="62" WIDTH="25" VPOS="461" HPOS="1248"/>
            <String HEIGHT="62" WIDTH="176" VPOS="461" HPOS="1172" CONTENT="per" ID="tl_2_4" STYLEREFS="FONT0"/>
            <SP HEIGHT="62" WIDTH="25" VPOS="461" HPOS="1348"/>
            <String HEIGHT="62" WIDTH="151" VPOS="461" HPOS="1273" CONTENT="il" ID="tl_2_5" STYLEREFS="FONT0"/>
            <SP HEIGHT="62" WIDTH="25" VPOS="461" HPOS="1424"/>
            <String HEIGHT="62" WIDTH="226" VPOS="461" HPOS="1348" CONTENT="pane." ID="tl_2_6" STYLEREFS="FONT0"/>
            <SP HEIGHT="62" WIDTH="25" VPOS="461" HPOS="1574"/>
            <String HEIGHT="62" WIDTH="151" VPOS="461" HPOS="1499" CONTENT="Si" ID="tl_2_7" STYLEREFS="FONT0"/>
            <SP HEIGHT="62" WIDTH="25" VPOS="461" HPOS="1650"/>
            <String HEIGHT="62" WIDTH="226" VPOS="461" HPOS="1574" CONTENT="diede" ID="tl_2_8" STYLEREFS="FONT0"/>
            <SP HEIGHT="62" WIDTH="25" VPOS="461" HPOS="1800"/>
            <String HEIGHT="62" WIDTH="151" VPOS="461" HPOS="1725" CONTENT="da" ID="tl_2_9" STYLEREFS="FONT0"/>
            <SP HEIGHT="62" WIDTH="25" VPOS="461" HPOS="1876"/>
            <String HEIGHT="62" WIDTH="151" VPOS="461" HPOS="1775" CONTENT="pri" SUBS_TYPE="HypPart1" SUBS_CONTENT="prima" ID="tl_2_10" STYLEREFS="FONT0"/>
            <HYP CONTENT="-"/>
          </TextLine>
          <TextLine ID="tl_3" BASELINE="595" HEIGHT="72" WIDTH="1204" VPOS="523" HPOS="722">
            <String HEIGHT="72" WIDTH="136" VPOS="523" HPOS="699" CONTENT="ma" SUBS_TYPE="HypPart2" SUBS_CONTENT="prima" ID="tl_3_1" STYLEREFS="FONT0"/>
            <SP HEIGHT="72" WIDTH="23" VPOS="523" HPOS="836"/>
            <String HEIGHT="72" WIDTH="182" VPOS="523" HPOS="767" CONTENT="all’" ID="tl_3_2" STYLEREFS="FONT0"/>
            <SP HEIGHT="72" WIDTH="23" VPOS="523" HPOS="949"/>
            <String HEIGHT="72" WIDTH="273" VPOS="523" HPOS="881" CONTENT="intaglio" ID="tl_3_3" STYLEREFS="FONT0"/>
            <SP HEIGHT="72" WIDTH="23" VPOS="523" HPOS="1154"/>
            <String HEIGHT="72" WIDTH="136" VPOS="523" HPOS="1085" CONTENT="in" ID="tl_3_4" STYLEREFS="FONT0"/>
            <SP HEIGHT="72" WIDTH="23" VPOS="523" HPOS="1222"/>
            <String HEIGHT="72" WIDTH="227" VPOS="523" HPOS="1154" CONTENT="legno," ID="tl_3_5" STYLEREFS="FONT0"/>
            <SP HEIGHT="72" WIDTH="23" VPOS="523" HPOS="1381"/>
            <String HEIGHT="72" WIDTH="136" VPOS="523" HPOS="1313" CONTENT="ed" ID="tl_3_6" STYLEREFS="FONT0"/>
            <SP HEIGHT="72" WIDTH="23" VPOS="523" HPOS="1449"/>
            <String HEIGHT="72" WIDTH="227" VPOS="523" HPOS="1381" CONTENT="esegui" ID="tl_3_7" STYLEREFS="FONT0"/>
            <SP HEIGHT="72" WIDTH="23" VPOS="523" HPOS="1608"/>
            <String HEIGHT="72" WIDTH="250" VPOS="523" HPOS="1540" CONTENT="cornici" ID="tl_3_8" STYLEREFS="FONT0"/>
            <SP HEIGHT="72" WIDTH="23" VPOS="523" HPOS="1790"/>
            <String HEIGHT="72" WIDTH="227" VPOS="523" HPOS="1699" CONTENT="eleganti" ID="tl_3_9" STYLEREFS="FONT0"/>
          </TextLine>
          <TextLine ID="tl_4" BASELINE="651" HEIGHT="51" WIDTH="1205" VPOS="600" HPOS="720">
            <String HEIGHT="51" WIDTH="187" VPOS="600" HPOS="693" CONTENT="che" ID="tl_4_1" STYLEREFS="FONT0"/>
            <SP HEIGHT="51" WIDTH="27" VPOS="600" HPOS="881"/>
            <String HEIGHT="51" WIDTH="241" VPOS="600" HPOS="800" CONTENT="erano" ID="tl_4_2" STYLEREFS="FONT0"/>
            <SP HEIGHT="51" WIDTH="27" VPOS="600" HPOS="1041"/>
            <String HEIGHT="51" WIDTH="375" VPOS="600" HPOS="961" CONTENT="acquistate" ID="tl_4_3" STYLEREFS="FONT0"/>
            <SP HEIGHT="51" WIDTH="27" VPOS="600" HPOS="1336"/>
            <String HEIGHT="51" WIDTH="134" VPOS="600" HPOS="1256" CONTENT="a" ID="tl_4_4" STYLEREFS="FONT0"/>
            <SP HEIGHT="51" WIDTH="27" VPOS="600" HPOS="1389"/>
            <String HEIGHT="51" WIDTH="187" VPOS="600" HPOS="1309" CONTENT="vil" ID="tl_4_5" STYLEREFS="FONT0"/>
            <SP HEIGHT="51" WIDTH="27" VPOS="600" HPOS="1497"/>
            <String HEIGHT="51" WIDTH="268" VPOS="600" HPOS="1416" CONTENT="prezzo" ID="tl_4_6" STYLEREFS="FONT0"/>
            <SP HEIGHT="51" WIDTH="27" VPOS="600" HPOS="1684"/>
            <String HEIGHT="51" WIDTH="134" VPOS="600" HPOS="1604" CONTENT="e" ID="tl_4_7" STYLEREFS="FONT0"/>
            <SP HEIGHT="51" WIDTH="27" VPOS="600" HPOS="1738"/>
            <String HEIGHT="51" WIDTH="295" VPOS="600" HPOS="1630" CONTENT="rivendute" ID="tl_4_8" STYLEREFS="FONT0"/>
          </TextLine>
          <TextLine ID="tl_5" BASELINE="716" HEIGHT="58" WIDTH="1204" VPOS="658" HPOS="722">
            <String HEIGHT="58" WIDTH="192" VPOS="658" HPOS="695" CONTENT="con" ID="tl_5_1" STYLEREFS="FONT0"/>
            <SP HEIGHT="58" WIDTH="27" VPOS="658" HPOS="886"/>
            <String HEIGHT="58" WIDTH="246" VPOS="658" HPOS="804" CONTENT="lauto" ID="tl_5_2" STYLEREFS="FONT0"/>
            <SP HEIGHT="58" WIDTH="27" VPOS="658" HPOS="1050"/>
            <String HEIGHT="58" WIDTH="356" VPOS="658" HPOS="968" CONTENT="guadagno." ID="tl_5_3" STYLEREFS="FONT0"/>
            <SP HEIGHT="58" WIDTH="27" VPOS="658" HPOS="1324"/>
            <String HEIGHT="58" WIDTH="137" VPOS="658" HPOS="1242" CONTENT="A" ID="tl_5_4" STYLEREFS="FONT0"/>
            <SP HEIGHT="58" WIDTH="27" VPOS="658" HPOS="1379"/>
            <String HEIGHT="58" WIDTH="274" VPOS="658" HPOS="1297" CONTENT="Milano" ID="tl_5_5" STYLEREFS="FONT0"/>
            <SP HEIGHT="58" WIDTH="27" VPOS="658" HPOS="1570"/>
            <String HEIGHT="58" WIDTH="192" VPOS="658" HPOS="1488" CONTENT="nel" ID="tl_5_6" STYLEREFS="FONT0"/>
            <SP HEIGHT="58" WIDTH="27" VPOS="658" HPOS="1680"/>
            <String HEIGHT="58" WIDTH="219" VPOS="658" HPOS="1598" CONTENT="1881" ID="tl_5_7" STYLEREFS="FONT0"/>
            <SP HEIGHT="58" WIDTH="27" VPOS="658" HPOS="1817"/>
            <String HEIGHT="58" WIDTH="219" VPOS="658" HPOS="1707" CONTENT="espose" ID="tl_5_8" STYLEREFS="FONT0"/>
          </TextLine>
          <TextLine ID="tl_6" BASELINE="786" HEIGHT="63" WIDTH="1205" VPOS="723" HPOS="722">
            <String HEIGHT="63" WIDTH="134" VPOS="723" HPOS="700" CONTENT="il" ID="tl_6_1" STYLEREFS="FONT0"/>
            <SP HEIGHT="63" WIDTH="22" VPOS="723" HPOS="834"/>
            <String HEIGHT="63" WIDTH="201" VPOS="723" HPOS="767" CONTENT="primo" ID="tl_6_2" STYLEREFS="FONT0"/>
            <SP HEIGHT="63" WIDTH="22" VPOS="723" HPOS="967"/>
            <String HEIGHT="63" WIDTH="156" VPOS="723" HPOS="901" CONTENT="suo" ID="tl_6_3" STYLEREFS="FONT0"/>
            <SP HEIGHT="63" WIDTH="22" VPOS="723" HPOS="1057"/>
            <String HEIGHT="63" WIDTH="223" VPOS="723" HPOS="990" CONTENT="gruppo" ID="tl_6_4" STYLEREFS="FONT0"/>
            <SP HEIGHT="63" WIDTH="22" VPOS="723" HPOS="1213"/>
            <String HEIGHT="63" WIDTH="223" VPOS="723" HPOS="1146" CONTENT="«Il" ID="tl_6_5" STYLEREFS="FONT2"/>
            <SP HEIGHT="63" WIDTH="22" VPOS="723" HPOS="1369"/>
            <String HEIGHT="63" WIDTH="201" VPOS="723" HPOS="1302" CONTENT="ratto" ID="tl_6_6" STYLEREFS="FONT2"/>
            <SP HEIGHT="63" WIDTH="22" VPOS="723" HPOS="1503"/>
            <String HEIGHT="63" WIDTH="201" VPOS="723" HPOS="1436" CONTENT="delle" ID="tl_6_7" STYLEREFS="FONT2"/>
            <SP HEIGHT="63" WIDTH="22" VPOS="723" HPOS="1637"/>
            <String HEIGHT="63" WIDTH="201" VPOS="723" HPOS="1570" CONTENT="spose" ID="tl_6_8" STYLEREFS="FONT2"/>
            <SP HEIGHT="63" WIDTH="22" VPOS="723" HPOS="1771"/>
            <String HEIGHT="63" WIDTH="245" VPOS="723" HPOS="1682" CONTENT="vene" ID="tl_6_9" STYLEREFS="FONT2"/>
          </TextLine>
          <TextLine ID="tl_7" BASELINE="868" HEIGHT="73" WIDTH="1201" VPOS="795" HPOS="724">
            <String HEIGHT="73" WIDTH="393" VPOS="795" HPOS="701" CONTENT="ziane»" ID="tl_7_1" STYLEREFS="FONT2"/>
            <SP HEIGHT="73" WIDTH="23" VPOS="795" HPOS="1094"/>
            <String HEIGHT="73" WIDTH="162" VPOS="795" HPOS="1024" CONTENT="che" ID="tl_7_2" STYLEREFS="FONT0"/>
            <SP HEIGHT="73" WIDTH="23" VPOS="795" HPOS="1186"/>
            <String HEIGHT="73" WIDTH="323" VPOS="795" HPOS="1117" CONTENT="ripresentô" ID="tl_7_3" STYLEREFS="FONT0"/>
            <SP HEIGHT="73" WIDTH="23" VPOS="795" HPOS="1440"/>
            <String HEIGHT="73" WIDTH="115" VPOS="795" HPOS="1371" CONTENT="a" ID="tl_7_4" STYLEREFS="FONT0"/>
            <SP HEIGHT="73" WIDTH="23" VPOS="795" HPOS="1486"/>
            <String HEIGHT="73" WIDTH="254" VPOS="795" HPOS="1417" CONTENT="Venezia" ID="tl_7_5" STYLEREFS="FONT0"/>
            <SP HEIGHT="73" WIDTH="23" VPOS="795" HPOS="1671"/>
            <String HEIGHT="73" WIDTH="162" VPOS="795" HPOS="1602" CONTENT="nel" ID="tl_7_6" STYLEREFS="FONT0"/>
            <SP HEIGHT="73" WIDTH="23" VPOS="795" HPOS="1763"/>
            <String HEIGHT="73" WIDTH="208" VPOS="795" HPOS="1694" CONTENT="1887." ID="tl_7_7" STYLEREFS="FONT0"/>
            <SP HEIGHT="73" WIDTH="23" VPOS="795" HPOS="1902"/>
            <String HEIGHT="73" WIDTH="115" VPOS="795" HPOS="1810" CONTENT="Re" SUBS_TYPE="HypPart1" SUBS_CONTENT="Recentemente" ID="tl_7_8" STYLEREFS="FONT0"/>
            <HYP CONTENT="-"/>
          </TextLine>
          <TextLine ID="tl_8" BASELINE="922" HEIGHT="42" WIDTH="1201" VPOS="880" HPOS="721">
            <String HEIGHT="42" WIDTH="311" VPOS="880" HPOS="699" CONTENT="centemente" SUBS_TYPE="HypPart2" SUBS_CONTENT="Recentemente" ID="tl_8_1" STYLEREFS="FONT0"/>
            <SP HEIGHT="42" WIDTH="22" VPOS="880" HPOS="1010"/>
            <String HEIGHT="42" WIDTH="178" VPOS="880" HPOS="943" CONTENT="alla" ID="tl_8_2" STYLEREFS="FONT0"/>
            <SP HEIGHT="42" WIDTH="22" VPOS="880" HPOS="1121"/>
            <String HEIGHT="42" WIDTH="289" VPOS="880" HPOS="1055" CONTENT="Triennale" ID="tl_8_3" STYLEREFS="FONT0"/>
            <SP HEIGHT="42" WIDTH="22" VPOS="880" HPOS="1344"/>
            <String HEIGHT="42" WIDTH="267" VPOS="880" HPOS="1277" CONTENT="milanese" ID="tl_8_4" STYLEREFS="FONT0"/>
            <SP HEIGHT="42" WIDTH="22" VPOS="880" HPOS="1544"/>
            <String HEIGHT="42" WIDTH="200" VPOS="880" HPOS="1477" CONTENT="mandô" ID="tl_8_5" STYLEREFS="FONT0"/>
            <SP HEIGHT="42" WIDTH="22" VPOS="880" HPOS="1677"/>
            <String HEIGHT="42" WIDTH="111" VPOS="880" HPOS="1611" CONTENT="«" ID="tl_8_6" STYLEREFS="FONT0"/>
            <SP HEIGHT="42" WIDTH="22" VPOS="880" HPOS="1722"/>
            <String HEIGHT="42" WIDTH="289" VPOS="880" HPOS="1633" CONTENT="Vec" ID="tl_8_7" STYLEREFS="FONT2"/>
          </TextLine>
          <TextLine ID="tl_9" BASELINE="989" HEIGHT="58" WIDTH="1167" VPOS="931" HPOS="722">
            <String HEIGHT="58" WIDTH="267" VPOS="931" HPOS="698" CONTENT="chio" ID="tl_9_1" STYLEREFS="FONT2"/>
            <SP HEIGHT="58" WIDTH="24" VPOS="931" HPOS="965"/>
            <String HEIGHT="58" WIDTH="340" VPOS="931" HPOS="892" CONTENT="gondoliere" ID="tl_9_2" STYLEREFS="FONT2"/>
            <SP HEIGHT="58" WIDTH="24" VPOS="931" HPOS="1233"/>
            <String HEIGHT="58" WIDTH="122" VPOS="931" HPOS="1160" CONTENT="»" ID="tl_9_3" STYLEREFS="FONT2"/>
            <SP HEIGHT="58" WIDTH="24" VPOS="931" HPOS="1281"/>
            <String HEIGHT="58" WIDTH="122" VPOS="931" HPOS="1208" CONTENT="e" ID="tl_9_4" STYLEREFS="FONT2"/>
            <SP HEIGHT="58" WIDTH="24" VPOS="931" HPOS="1330"/>
            <String HEIGHT="58" WIDTH="122" VPOS="931" HPOS="1257" CONTENT="«" ID="tl_9_5" STYLEREFS="FONT2"/>
            <SP HEIGHT="58" WIDTH="24" VPOS="931" HPOS="1378"/>
            <String HEIGHT="58" WIDTH="146" VPOS="931" HPOS="1306" CONTENT="La" ID="tl_9_6" STYLEREFS="FONT2"/>
            <SP HEIGHT="58" WIDTH="24" VPOS="931" HPOS="1451"/>
            <String HEIGHT="58" WIDTH="219" VPOS="931" HPOS="1378" CONTENT="pesca" ID="tl_9_7" STYLEREFS="FONT2"/>
            <SP HEIGHT="58" WIDTH="24" VPOS="931" HPOS="1597"/>
            <String HEIGHT="58" WIDTH="170" VPOS="931" HPOS="1524" CONTENT="dei" ID="tl_9_8" STYLEREFS="FONT2"/>
            <SP HEIGHT="58" WIDTH="24" VPOS="931" HPOS="1695"/>
            <String HEIGHT="58" WIDTH="292" VPOS="931" HPOS="1597" CONTENT="granch»." ID="tl_9_9" STYLEREFS="FONT2"/>
          </TextLine>
        </TextBlock>
        <TextBlock ID="r_2_2" HEIGHT="58" WIDTH="562" VPOS="1029" HPOS="781">
          <TextLine ID="tl_10" BASELINE="1092" HEIGHT="74" WIDTH="574" VPOS="1018" HPOS="775">
            <String HEIGHT="74" WIDTH="233" VPOS="1018" HPOS="759" CONTENT="383" ID="tl_10_1" STYLEREFS="FONT1"/>
            <SP HEIGHT="74" WIDTH="16" VPOS="1018" HPOS="992"/>
            <String HEIGHT="74" WIDTH="202" VPOS="1018" HPOS="946" CONTENT="Cristo" ID="tl_10_2" STYLEREFS="FONT2"/>
            <SP HEIGHT="74" WIDTH="16" VPOS="1018" HPOS="1147"/>
            <String HEIGHT="74" WIDTH="264" VPOS="1018" HPOS="1085" CONTENT="flagellato" ID="tl_10_3" STYLEREFS="FONT2"/>
          </TextLine>
        </TextBlock>
        <TextBlock ID="r_2_3" HEIGHT="328" WIDTH="1193" VPOS="1216" HPOS="729">
          <TextLine ID="tl_11" BASELINE="1267" HEIGHT="56" WIDTH="1122" VPOS="1211" HPOS="803">
            <String HEIGHT="56" WIDTH="454" VPOS="1211" HPOS="779" CONTENT="Bottasso" ID="tl_11_1" STYLEREFS="FONT1"/>
            <SP HEIGHT="56" WIDTH="24" VPOS="1211" HPOS="1233"/>
            <String HEIGHT="56" WIDTH="239" VPOS="1211" HPOS="1161" CONTENT="Urbano" ID="tl_11_2" STYLEREFS="FONT0"/>
            <SP HEIGHT="56" WIDTH="24" VPOS="1211" HPOS="1400"/>
            <String HEIGHT="56" WIDTH="119" VPOS="1211" HPOS="1328" CONTENT="—" ID="tl_11_3" STYLEREFS="FONT0"/>
            <SP HEIGHT="56" WIDTH="24" VPOS="1211" HPOS="1448"/>
            <String HEIGHT="56" WIDTH="143" VPOS="1211" HPOS="1376" CONTENT="N." ID="tl_11_4" STYLEREFS="FONT0"/>
            <SP HEIGHT="56" WIDTH="24" VPOS="1211" HPOS="1519"/>
            <String HEIGHT="56" WIDTH="119" VPOS="1211" HPOS="1448" CONTENT="a" ID="tl_11_5" STYLEREFS="FONT0"/>
            <SP HEIGHT="56" WIDTH="24" VPOS="1211" HPOS="1567"/>
            <String HEIGHT="56" WIDTH="263" VPOS="1211" HPOS="1495" CONTENT="Venezia" ID="tl_11_6" STYLEREFS="FONT0"/>
            <SP HEIGHT="56" WIDTH="24" VPOS="1211" HPOS="1758"/>
            <String HEIGHT="56" WIDTH="143" VPOS="1211" HPOS="1686" CONTENT="il" ID="tl_11_7" STYLEREFS="FONT0"/>
            <SP HEIGHT="56" WIDTH="24" VPOS="1211" HPOS="1830"/>
            <String HEIGHT="56" WIDTH="119" VPOS="1211" HPOS="1758" CONTENT="9" ID="tl_11_8" STYLEREFS="FONT0"/>
            <SP HEIGHT="56" WIDTH="24" VPOS="1211" HPOS="1877"/>
            <String HEIGHT="56" WIDTH="143" VPOS="1211" HPOS="1782" CONTENT="giu" SUBS_TYPE="HypPart1" SUBS_CONTENT="giugno" ID="tl_11_9" STYLEREFS="FONT0"/>
            <HYP CONTENT="-"/>
          </TextLine>
          <TextLine ID="tl_12" BASELINE="1347" HEIGHT="56" WIDTH="1204" VPOS="1291" HPOS="723">
            <String HEIGHT="56" WIDTH="183" VPOS="1291" HPOS="697" CONTENT="gno" SUBS_TYPE="HypPart2" SUBS_CONTENT="giugno" ID="tl_12_1" STYLEREFS="FONT0"/>
            <SP HEIGHT="56" WIDTH="26" VPOS="1291" HPOS="880"/>
            <String HEIGHT="56" WIDTH="236" VPOS="1291" HPOS="802" CONTENT="1868." ID="tl_12_2" STYLEREFS="FONT0"/>
            <SP HEIGHT="56" WIDTH="26" VPOS="1291" HPOS="1037"/>
            <String HEIGHT="56" WIDTH="157" VPOS="1291" HPOS="959" CONTENT="Da" ID="tl_12_3" STYLEREFS="FONT0"/>
            <SP HEIGHT="56" WIDTH="26" VPOS="1291" HPOS="1116"/>
            <String HEIGHT="56" WIDTH="340" VPOS="1291" HPOS="1037" CONTENT="fanciullo" ID="tl_12_4" STYLEREFS="FONT0"/>
            <SP HEIGHT="56" WIDTH="26" VPOS="1291" HPOS="1377"/>
            <String HEIGHT="56" WIDTH="262" VPOS="1291" HPOS="1299" CONTENT="lavorô" ID="tl_12_5" STYLEREFS="FONT0"/>
            <SP HEIGHT="56" WIDTH="26" VPOS="1291" HPOS="1561"/>
            <String HEIGHT="56" WIDTH="157" VPOS="1291" HPOS="1482" CONTENT="in" ID="tl_12_6" STYLEREFS="FONT0"/>
            <SP HEIGHT="56" WIDTH="26" VPOS="1291" HPOS="1639"/>
            <String HEIGHT="56" WIDTH="183" VPOS="1291" HPOS="1561" CONTENT="una" ID="tl_12_7" STYLEREFS="FONT0"/>
            <SP HEIGHT="56" WIDTH="26" VPOS="1291" HPOS="1744"/>
            <String HEIGHT="56" WIDTH="288" VPOS="1291" HPOS="1639" CONTENT="fonderia;" ID="tl_12_8" STYLEREFS="FONT0"/>
          </TextLine>
          <TextLine ID="tl_13" BASELINE="1403" HEIGHT="57" WIDTH="1202" VPOS="1346" HPOS="724">
            <String HEIGHT="57" WIDTH="200" VPOS="1346" HPOS="699" CONTENT="indi" ID="tl_13_1" STYLEREFS="FONT0"/>
            <SP HEIGHT="57" WIDTH="25" VPOS="1346" HPOS="899"/>
            <String HEIGHT="57" WIDTH="225" VPOS="1346" HPOS="824" CONTENT="passô" ID="tl_13_2" STYLEREFS="FONT0"/>
            <SP HEIGHT="57" WIDTH="25" VPOS="1346" HPOS="1050"/>
            <String HEIGHT="57" WIDTH="225" VPOS="1346" HPOS="974" CONTENT="nello" ID="tl_13_3" STYLEREFS="FONT0"/>
            <SP HEIGHT="57" WIDTH="25" VPOS="1346" HPOS="1200"/>
            <String HEIGHT="57" WIDTH="250" VPOS="1346" HPOS="1125" CONTENT="studio" ID="tl_13_4" STYLEREFS="FONT0"/>
            <SP HEIGHT="57" WIDTH="25" VPOS="1346" HPOS="1375"/>
            <String HEIGHT="57" WIDTH="225" VPOS="1346" HPOS="1300" CONTENT="dello" ID="tl_13_5" STYLEREFS="FONT0"/>
            <SP HEIGHT="57" WIDTH="25" VPOS="1346" HPOS="1525"/>
            <String HEIGHT="57" WIDTH="301" VPOS="1346" HPOS="1450" CONTENT="scultore" ID="tl_13_6" STYLEREFS="FONT0"/>
            <SP HEIGHT="57" WIDTH="25" VPOS="1346" HPOS="1751"/>
            <String HEIGHT="57" WIDTH="275" VPOS="1346" HPOS="1651" CONTENT="Guglielmo" ID="tl_13_7" STYLEREFS="FONT0"/>
          </TextLine>
          <TextLine ID="tl_14" BASELINE="1468" HEIGHT="57" WIDTH="1201" VPOS="1411" HPOS="727">
            <String HEIGHT="57" WIDTH="347" VPOS="1411" HPOS="700" CONTENT="Michieli." ID="tl_14_1" STYLEREFS="FONT0"/>
            <SP HEIGHT="57" WIDTH="27" VPOS="1411" HPOS="1047"/>
            <String HEIGHT="57" WIDTH="267" VPOS="1411" HPOS="967" CONTENT="Espose" ID="tl_14_2" STYLEREFS="FONT0"/>
            <SP HEIGHT="57" WIDTH="27" VPOS="1411" HPOS="1234"/>
            <String HEIGHT="57" WIDTH="187" VPOS="1411" HPOS="1154" CONTENT="per" ID="tl_14_3" STYLEREFS="FONT0"/>
            <SP HEIGHT="57" WIDTH="27" VPOS="1411" HPOS="1341"/>
            <String HEIGHT="57" WIDTH="160" VPOS="1411" HPOS="1261" CONTENT="la" ID="tl_14_4" STYLEREFS="FONT0"/>
            <SP HEIGHT="57" WIDTH="27" VPOS="1411" HPOS="1421"/>
            <String HEIGHT="57" WIDTH="240" VPOS="1411" HPOS="1341" CONTENT="prima" ID="tl_14_5" STYLEREFS="FONT0"/>
            <SP HEIGHT="57" WIDTH="27" VPOS="1411" HPOS="1581"/>
            <String HEIGHT="57" WIDTH="240" VPOS="1411" HPOS="1501" CONTENT="volta" ID="tl_14_6" STYLEREFS="FONT0"/>
            <SP HEIGHT="57" WIDTH="27" VPOS="1411" HPOS="1741"/>
            <String HEIGHT="57" WIDTH="133" VPOS="1411" HPOS="1661" CONTENT="a" ID="tl_14_7" STYLEREFS="FONT0"/>
            <SP HEIGHT="57" WIDTH="27" VPOS="1411" HPOS="1795"/>
            <String HEIGHT="57" WIDTH="240" VPOS="1411" HPOS="1688" CONTENT="Venezia" ID="tl_14_8" STYLEREFS="FONT0"/>
          </TextLine>
          <TextLine ID="tl_15" BASELINE="1548" HEIGHT="65" WIDTH="231" VPOS="1483" HPOS="725">
            <String HEIGHT="65" WIDTH="180" VPOS="1483" HPOS="699" CONTENT="nel" ID="tl_15_1" STYLEREFS="FONT0"/>
            <SP HEIGHT="65" WIDTH="26" VPOS="1483" HPOS="879"/>
            <String HEIGHT="65" WIDTH="180" VPOS="1483" HPOS="776" CONTENT="1887." ID="tl_15_2" STYLEREFS="FONT0"/>
          </TextLine>
        </TextBlock>
        <TextBlock ID="r_2_4" HEIGHT="47" WIDTH="529" VPOS="1586" HPOS="784">
          <TextLine ID="tl_16" BASELINE="1636" HEIGHT="57" WIDTH="543" VPOS="1579" HPOS="777">
            <String HEIGHT="57" WIDTH="221" VPOS="1579" HPOS="760" CONTENT="384" ID="tl_16_1" STYLEREFS="FONT1"/>
            <SP HEIGHT="57" WIDTH="17" VPOS="1579" HPOS="981"/>
            <String HEIGHT="57" WIDTH="153" VPOS="1579" HPOS="930" CONTENT="Il" ID="tl_16_2" STYLEREFS="FONT2"/>
            <SP HEIGHT="57" WIDTH="17" VPOS="1579" HPOS="1082"/>
            <String HEIGHT="57" WIDTH="119" VPOS="1579" HPOS="1032" CONTENT="mio" ID="tl_16_3" STYLEREFS="FONT2"/>
            <SP HEIGHT="57" WIDTH="17" VPOS="1579" HPOS="1150"/>
            <String HEIGHT="57" WIDTH="238" VPOS="1579" HPOS="1082" CONTENT="modello" ID="tl_16_4" STYLEREFS="FONT2"/>
          </TextLine>
        </TextBlock>
        <TextBlock ID="r_2_5" HEIGHT="47" WIDTH="1022" VPOS="1775" HPOS="816">
          <TextLine ID="tl_17" BASELINE="1827" HEIGHT="55" WIDTH="1034" VPOS="1772" HPOS="810">
            <String HEIGHT="55" WIDTH="423" VPOS="1772" HPOS="787" CONTENT="Busetti" ID="tl_17_1" STYLEREFS="FONT1"/>
            <SP HEIGHT="55" WIDTH="24" VPOS="1772" HPOS="1210"/>
            <String HEIGHT="55" WIDTH="353" VPOS="1772" HPOS="1139" CONTENT="Ferdinando." ID="tl_17_2" STYLEREFS="FONT0"/>
            <SP HEIGHT="55" WIDTH="24" VPOS="1772" HPOS="1492"/>
            <String HEIGHT="55" WIDTH="118" VPOS="1772" HPOS="1421" CONTENT="—" ID="tl_17_3" STYLEREFS="FONT0"/>
            <SP HEIGHT="55" WIDTH="24" VPOS="1772" HPOS="1539"/>
            <String HEIGHT="55" WIDTH="141" VPOS="1772" HPOS="1468" CONTENT="N." ID="tl_17_4" STYLEREFS="FONT0"/>
            <SP HEIGHT="55" WIDTH="24" VPOS="1772" HPOS="1609"/>
            <String HEIGHT="55" WIDTH="118" VPOS="1772" HPOS="1539" CONTENT="a" ID="tl_17_5" STYLEREFS="FONT0"/>
            <SP HEIGHT="55" WIDTH="24" VPOS="1772" HPOS="1656"/>
            <String HEIGHT="55" WIDTH="282" VPOS="1772" HPOS="1562" CONTENT="Palmanova." ID="tl_17_6" STYLEREFS="FONT0"/>
          </TextLine>
        </TextBlock>
        <TextBlock ID="r_2_6" HEIGHT="58" WIDTH="615" VPOS="1873" HPOS="786">
          <TextLine ID="tl_18" BASELINE="1940" HEIGHT="73" WIDTH="627" VPOS="1867" HPOS="780">
            <String HEIGHT="73" WIDTH="254" VPOS="1867" HPOS="763" CONTENT="385" ID="tl_18_1" STYLEREFS="FONT1"/>
            <SP HEIGHT="73" WIDTH="17" VPOS="1867" HPOS="1017"/>
            <String HEIGHT="73" WIDTH="237" VPOS="1867" HPOS="966" CONTENT="Bustino" ID="tl_18_2" STYLEREFS="FONT2"/>
            <SP HEIGHT="73" WIDTH="17" VPOS="1867" HPOS="1204"/>
            <String HEIGHT="73" WIDTH="102" VPOS="1867" HPOS="1153" CONTENT="in" ID="tl_18_3" STYLEREFS="FONT2"/>
            <SP HEIGHT="73" WIDTH="17" VPOS="1867" HPOS="1254"/>
            <String HEIGHT="73" WIDTH="220" VPOS="1867" HPOS="1187" CONTENT="bronzo" ID="tl_18_4" STYLEREFS="FONT2"/>
          </TextLine>
        </TextBlock>
        <TextBlock ID="r_2_7" HEIGHT="392" WIDTH="1192" VPOS="2065" HPOS="734">
          <TextLine ID="tl_19" BASELINE="2124" HEIGHT="65" WIDTH="1126" VPOS="2059" HPOS="805">
            <String HEIGHT="65" WIDTH="437" VPOS="2059" HPOS="782" CONTENT="Canonica" ID="tl_19_1" STYLEREFS="FONT1"/>
            <SP HEIGHT="65" WIDTH="23" VPOS="2059" HPOS="1219"/>
            <String HEIGHT="65" WIDTH="253" VPOS="2059" HPOS="1150" CONTENT="Pietro." ID="tl_19_2" STYLEREFS="FONT0"/>
            <SP HEIGHT="65" WIDTH="23" VPOS="2059" HPOS="1402"/>
            <String HEIGHT="65" WIDTH="115" VPOS="2059" HPOS="1334" CONTENT="—" ID="tl_19_3" STYLEREFS="FONT0"/>
            <SP HEIGHT="65" WIDTH="23" VPOS="2059" HPOS="1448"/>
            <String HEIGHT="65" WIDTH="276" VPOS="2059" HPOS="1379" CONTENT="Scultore" ID="tl_19_4" STYLEREFS="FONT0"/>
            <SP HEIGHT="65" WIDTH="23" VPOS="2059" HPOS="1655"/>
            <String HEIGHT="65" WIDTH="345" VPOS="2059" HPOS="1586" CONTENT="piemontese," ID="tl_19_5" STYLEREFS="FONT0"/>
            <SP HEIGHT="65" WIDTH="23" VPOS="2059" HPOS="1931"/>
            <String HEIGHT="65" WIDTH="92" VPOS="2059" HPOS="1839" CONTENT="n." ID="tl_19_6" STYLEREFS="FONT0"/>
          </TextLine>
          <TextLine ID="tl_20" BASELINE="2181" HEIGHT="42" WIDTH="1203" VPOS="2139" HPOS="728">
            <String HEIGHT="42" WIDTH="123" VPOS="2139" HPOS="703" CONTENT="a" ID="tl_20_1" STYLEREFS="FONT0"/>
            <SP HEIGHT="42" WIDTH="25" VPOS="2139" HPOS="826"/>
            <String HEIGHT="42" WIDTH="246" VPOS="2139" HPOS="753" CONTENT="Torino" ID="tl_20_2" STYLEREFS="FONT0"/>
            <SP HEIGHT="42" WIDTH="25" VPOS="2139" HPOS="998"/>
            <String HEIGHT="42" WIDTH="172" VPOS="2139" HPOS="924" CONTENT="nel" ID="tl_20_3" STYLEREFS="FONT0"/>
            <SP HEIGHT="42" WIDTH="25" VPOS="2139" HPOS="1096"/>
            <String HEIGHT="42" WIDTH="221" VPOS="2139" HPOS="1023" CONTENT="1872." ID="tl_20_4" STYLEREFS="FONT0"/>
            <SP HEIGHT="42" WIDTH="25" VPOS="2139" HPOS="1244"/>
            <String HEIGHT="42" WIDTH="123" VPOS="2139" HPOS="1170" CONTENT="E" ID="tl_20_5" STYLEREFS="FONT0"/>
            <SP HEIGHT="42" WIDTH="25" VPOS="2139" HPOS="1293"/>
            <String HEIGHT="42" WIDTH="246" VPOS="2139" HPOS="1219" CONTENT="autore" ID="tl_20_6" STYLEREFS="FONT0"/>
            <SP HEIGHT="42" WIDTH="25" VPOS="2139" HPOS="1465"/>
            <String HEIGHT="42" WIDTH="221" VPOS="2139" HPOS="1391" CONTENT="della" ID="tl_20_7" STYLEREFS="FONT0"/>
            <SP HEIGHT="42" WIDTH="25" VPOS="2139" HPOS="1612"/>
            <String HEIGHT="42" WIDTH="221" VPOS="2139" HPOS="1538" CONTENT="bella" ID="tl_20_8" STYLEREFS="FONT0"/>
            <SP HEIGHT="42" WIDTH="25" VPOS="2139" HPOS="1759"/>
            <String HEIGHT="42" WIDTH="270" VPOS="2139" HPOS="1661" CONTENT="statuetta" ID="tl_20_9" STYLEREFS="FONT0"/>
          </TextLine>
          <TextLine ID="tl_21" BASELINE="2246" HEIGHT="59" WIDTH="1205" VPOS="2187" HPOS="728">
            <String HEIGHT="59" WIDTH="443" VPOS="2187" HPOS="703" CONTENT="rappresentante" ID="tl_21_1" STYLEREFS="FONT0"/>
            <SP HEIGHT="59" WIDTH="25" VPOS="2187" HPOS="1146"/>
            <String HEIGHT="59" WIDTH="172" VPOS="2187" HPOS="1072" CONTENT="una" ID="tl_21_2" STYLEREFS="FONT0"/>
            <SP HEIGHT="59" WIDTH="25" VPOS="2187" HPOS="1244"/>
            <String HEIGHT="59" WIDTH="246" VPOS="2187" HPOS="1171" CONTENT="monaça" ID="tl_21_3" STYLEREFS="FONT0"/>
            <SP HEIGHT="59" WIDTH="25" VPOS="2187" HPOS="1417"/>
            <String HEIGHT="59" WIDTH="295" VPOS="2187" HPOS="1343" CONTENT="«Dopo" ID="tl_21_4" STYLEREFS="FONT2"/>
            <SP HEIGHT="59" WIDTH="25" VPOS="2187" HPOS="1638"/>
            <String HEIGHT="59" WIDTH="148" VPOS="2187" HPOS="1564" CONTENT="il" ID="tl_21_5" STYLEREFS="FONT2"/>
            <SP HEIGHT="59" WIDTH="25" VPOS="2187" HPOS="1712"/>
            <String HEIGHT="59" WIDTH="320" VPOS="2187" HPOS="1638" CONTENT="voto" ID="tl_21_6" STYLEREFS="FONT2"/>
            <SP HEIGHT="59" WIDTH="25" VPOS="2187" HPOS="1958"/>
            <String HEIGHT="59" WIDTH="74" VPOS="2187" HPOS="1859" CONTENT="e" ID="tl_21_7" STYLEREFS="FONT0"/>
          </TextLine>
          <TextLine ID="tl_22" BASELINE="2307" HEIGHT="48" WIDTH="1202" VPOS="2259" HPOS="728">
            <String HEIGHT="48" WIDTH="131" VPOS="2259" HPOS="706" CONTENT="d’" ID="tl_22_1" STYLEREFS="FONT0"/>
            <SP HEIGHT="48" WIDTH="22" VPOS="2259" HPOS="837"/>
            <String HEIGHT="48" WIDTH="153" VPOS="2259" HPOS="772" CONTENT="un’" ID="tl_22_2" STYLEREFS="FONT0"/>
            <SP HEIGHT="48" WIDTH="22" VPOS="2259" HPOS="925"/>
            <String HEIGHT="48" WIDTH="197" VPOS="2259" HPOS="859" CONTENT="altra" ID="tl_22_3" STYLEREFS="FONT0"/>
            <SP HEIGHT="48" WIDTH="22" VPOS="2259" HPOS="1056"/>
            <String HEIGHT="48" WIDTH="284" VPOS="2259" HPOS="990" CONTENT="statuetta" ID="tl_22_4" STYLEREFS="FONT0"/>
            <SP HEIGHT="48" WIDTH="22" VPOS="2259" HPOS="1274"/>
            <String HEIGHT="48" WIDTH="109" VPOS="2259" HPOS="1209" CONTENT="«" ID="tl_22_5" STYLEREFS="FONT0"/>
            <SP HEIGHT="48" WIDTH="22" VPOS="2259" HPOS="1318"/>
            <String HEIGHT="48" WIDTH="481" VPOS="2259" HPOS="1253" CONTENT="Contrasti»" ID="tl_22_6" STYLEREFS="FONT2"/>
            <SP HEIGHT="48" WIDTH="22" VPOS="2259" HPOS="1733"/>
            <String HEIGHT="48" WIDTH="175" VPOS="2259" HPOS="1668" CONTENT="(una" ID="tl_22_7" STYLEREFS="FONT0"/>
            <SP HEIGHT="48" WIDTH="22" VPOS="2259" HPOS="1843"/>
            <String HEIGHT="48" WIDTH="175" VPOS="2259" HPOS="1755" CONTENT="danza" SUBS_TYPE="HypPart1" SUBS_CONTENT="danzazatrice" ID="tl_22_8" STYLEREFS="FONT0"/>
            <HYP CONTENT="-"/>
          </TextLine>
          <TextLine ID="tl_23" BASELINE="2380" HEIGHT="57" WIDTH="1202" VPOS="2323" HPOS="728">
            <String HEIGHT="57" WIDTH="275" VPOS="2323" HPOS="703" CONTENT="zatrice" SUBS_TYPE="HypPart2" SUBS_CONTENT="danzazatrice" ID="tl_23_1" STYLEREFS="FONT0"/>
            <SP HEIGHT="57" WIDTH="25" VPOS="2323" HPOS="978"/>
            <String HEIGHT="57" WIDTH="175" VPOS="2323" HPOS="903" CONTENT="che" ID="tl_23_2" STYLEREFS="FONT0"/>
            <SP HEIGHT="57" WIDTH="25" VPOS="2323" HPOS="1079"/>
            <String HEIGHT="57" WIDTH="275" VPOS="2323" HPOS="1003" CONTENT="piange)" ID="tl_23_3" STYLEREFS="FONT0"/>
            <SP HEIGHT="57" WIDTH="25" VPOS="2323" HPOS="1279"/>
            <String HEIGHT="57" WIDTH="275" VPOS="2323" HPOS="1204" CONTENT="esposta" ID="tl_23_4" STYLEREFS="FONT0"/>
            <SP HEIGHT="57" WIDTH="25" VPOS="2323" HPOS="1479"/>
            <String HEIGHT="57" WIDTH="125" VPOS="2323" HPOS="1404" CONTENT="e" ID="tl_23_5" STYLEREFS="FONT0"/>
            <SP HEIGHT="57" WIDTH="25" VPOS="2323" HPOS="1529"/>
            <String HEIGHT="57" WIDTH="250" VPOS="2323" HPOS="1454" CONTENT="lodata" ID="tl_23_6" STYLEREFS="FONT0"/>
            <SP HEIGHT="57" WIDTH="25" VPOS="2323" HPOS="1705"/>
            <String HEIGHT="57" WIDTH="200" VPOS="2323" HPOS="1630" CONTENT="alla" ID="tl_23_7" STYLEREFS="FONT0"/>
            <SP HEIGHT="57" WIDTH="25" VPOS="2323" HPOS="1830"/>
            <String HEIGHT="57" WIDTH="200" VPOS="2323" HPOS="1730" CONTENT="Mostra" ID="tl_23_8" STYLEREFS="FONT0"/>
          </TextLine>
          <TextLine ID="tl_24" BASELINE="2467" HEIGHT="72" WIDTH="700" VPOS="2395" HPOS="732">
            <String HEIGHT="72" WIDTH="325" VPOS="2395" HPOS="707" CONTENT="triennale" ID="tl_24_1" STYLEREFS="FONT0"/>
            <SP HEIGHT="72" WIDTH="25" VPOS="2395" HPOS="1032"/>
            <String HEIGHT="72" WIDTH="150" VPOS="2395" HPOS="957" CONTENT="di" ID="tl_24_2" STYLEREFS="FONT0"/>
            <SP HEIGHT="72" WIDTH="25" VPOS="2395" HPOS="1107"/>
            <String HEIGHT="72" WIDTH="225" VPOS="2395" HPOS="1032" CONTENT="Brera" ID="tl_24_3" STYLEREFS="FONT0"/>
            <SP HEIGHT="72" WIDTH="25" VPOS="2395" HPOS="1257"/>
            <String HEIGHT="72" WIDTH="175" VPOS="2395" HPOS="1182" CONTENT="del" ID="tl_24_4" STYLEREFS="FONT0"/>
            <SP HEIGHT="72" WIDTH="25" VPOS="2395" HPOS="1357"/>
            <String HEIGHT="72" WIDTH="175" VPOS="2395" HPOS="1257" CONTENT="1891." ID="tl_24_5" STYLEREFS="FONT0"/>
          </TextLine>
        </TextBlock>
        <TextBlock ID="r_2_8" HEIGHT="48" WIDTH="526" VPOS="2494" HPOS="794">
          <TextLine ID="tl_25" BASELINE="2548" HEIGHT="65" WIDTH="540" VPOS="2483" HPOS="787">
            <String HEIGHT="65" WIDTH="231" VPOS="2483" HPOS="772" CONTENT="386" ID="tl_25_1" STYLEREFS="FONT1"/>
            <SP HEIGHT="65" WIDTH="15" VPOS="2483" HPOS="1003"/>
            <String HEIGHT="65" WIDTH="216" VPOS="2483" HPOS="957" CONTENT="Istinto" ID="tl_25_2" STYLEREFS="FONT2"/>
            <SP HEIGHT="65" WIDTH="15" VPOS="2483" HPOS="1173"/>
            <String HEIGHT="65" WIDTH="216" VPOS="2483" HPOS="1111" CONTENT="materno" ID="tl_25_3" STYLEREFS="FONT2"/>
          </TextLine>
        </TextBlock>
        <TextBlock ID="r_6_1" HEIGHT="34" WIDTH="202" VPOS="3083" HPOS="1809">
          <TextLine ID="tl_28" BASELINE="3123" HEIGHT="68" WIDTH="214" VPOS="3055" HPOS="1803">
            <String HEIGHT="68" WIDTH="198" VPOS="3055" HPOS="1787" CONTENT="Original" ID="tl_28_1" STYLEREFS="FONT0"/>
            <SP HEIGHT="68" WIDTH="16" VPOS="3055" HPOS="1984"/>
            <String HEIGHT="68" WIDTH="99" VPOS="3055" HPOS="1918" CONTENT="from" ID="tl_28_2" STYLEREFS="FONT0"/>
          </TextLine>
        </TextBlock>
        <TextBlock ID="r_6_2" HEIGHT="34" WIDTH="516" VPOS="3130" HPOS="1652">
          <TextLine ID="tl_29" BASELINE="3171" HEIGHT="49" WIDTH="529" VPOS="3122" HPOS="1645">
            <String HEIGHT="49" WIDTH="337" VPOS="3122" HPOS="1621" CONTENT="UNIVERSITY" ID="tl_29_1" STYLEREFS="FONT0"/>
            <SP HEIGHT="49" WIDTH="24" VPOS="3122" HPOS="1958"/>
            <String HEIGHT="49" WIDTH="144" VPOS="3122" HPOS="1885" CONTENT="OF" ID="tl_29_2" STYLEREFS="FONT0"/>
            <SP HEIGHT="49" WIDTH="24" VPOS="3122" HPOS="2030"/>
            <String HEIGHT="49" WIDTH="240" VPOS="3122" HPOS="1934" CONTENT="MICHIGAN" ID="tl_29_3" STYLEREFS="FONT0"/>
          </TextLine>
        </TextBlock>
        <Illustration ID="r_5" HEIGHT="98" WIDTH="476" VPOS="3072" HPOS="400"/>
      </PrintSpace>
    </Page>
  </Layout>
</alto>
