2444.0944881889764 4770.078740157481
1014.1732283464567 141.73228346456693 311.81102362204723 78.74015748031496 —
1138.5826771653544 141.73228346456693 373.2283464566929 78.74015748031496 11
1262.992125984252 141.73228346456693 187.4015748031496 78.74015748031496 —

89.76377952755905 277.1653543307087 233.0708661417323 81.88976377952756 96.
222.04724409448818 277.1653543307087 631.496062992126 81.88976377952756 PHILIDOR
754.3307086614174 277.1653543307087 233.0708661417323 81.88976377952756 (F.
886.6141732283464 277.1653543307087 198.4251968503937 81.88976377952756 A.
985.8267716535433 277.1653543307087 398.4251968503937 81.88976377952756 Danican,
1285.0393700787401 277.1653543307087 299.21259842519686 81.88976377952756 dit),
1483.4645669291338 277.1653543307087 398.4251968503937 81.88976377952756 musicien
1749.6062992125985 277.1653543307087 464.56692913385825 81.88976377952756 compositeur.

415.748031496063 362.20472440944883 173.22834645669292 64.56692913385827 L.
502.3622047244094 362.20472440944883 231.49606299212599 64.56692913385827 aut.
645.6692913385826 362.20472440944883 231.49606299212599 64.56692913385827 sig.
790.5511811023622 362.20472440944883 346.45669291338584 64.56692913385827 Londres,
1050.3937007874015 362.20472440944883 173.22834645669292 64.56692913385827 11
1137.007874015748 362.20472440944883 231.49606299212599 64.56692913385827 mai,
1281.8897637795276 362.20472440944883 144.88188976377953 64.56692913385827 2
1340.1574803149606 362.20472440944883 173.22834645669292 64.56692913385827 p.
1426.7716535433071 362.20472440944883 259.84251968503935 64.56692913385827 in-4.
1600.0 362.20472440944883 259.84251968503935 64.56692913385827 Jolie
1744.8818897637796 362.20472440944883 259.84251968503935 64.56692913385827 lettre.

85.03937007874016 426.7716535433071 226.77165354330708 88.18897637795276 97.
215.748031496063 426.7716535433071 549.6062992125984 88.18897637795276 PIAZZI
667.7165354330708 426.7716535433071 420.4724409448819 88.18897637795276 (Joseph),
992.1259842519685 426.7716535433071 355.90551181102364 88.18897637795276 célèbre
1250.3937007874015 426.7716535433071 420.4724409448819 88.18897637795276 astronome
1573.2283464566929 426.7716535433071 388.9763779527559 88.18897637795276 italien;
1864.5669291338584 426.7716535433071 291.33858267716533 88.18897637795276 c’est
2059.8425196850394 426.7716535433071 226.77165354330708 88.18897637795276 lui
2188.9763779527557 426.7716535433071 226.77165354330708 88.18897637795276 qui
2285.0393700787404 426.7716535433071 97.63779527559055 88.18897637795276 a

335.43307086614175 511.81102362204723 371.65354330708664 78.74015748031496 découvert
622.0472440944882 511.81102362204723 171.6535433070866 78.74015748031496 la
707.0866141732283 511.81102362204723 314.96062992125985 78.74015748031496 planete
937.007874015748 511.81102362204723 458.26771653543307 78.74015748031496 Cérès
1308.6614173228347 511.81102362204723 171.6535433070866 78.74015748031496 le
1395.275590551181 511.81102362204723 200.0 78.74015748031496 1er
1508.6614173228347 511.81102362204723 314.96062992125985 78.74015748031496 janvier
1710.236220472441 511.81102362204723 200.0 78.74015748031496 1801.

409.4488188976378 593.7007874015748 171.6535433070866 67.71653543307086 L.
494.48818897637796 593.7007874015748 228.3464566929134 67.71653543307086 aut.
637.7952755905512 593.7007874015748 228.3464566929134 67.71653543307086 sig.
781.1023622047244 593.7007874015748 171.6535433070866 67.71653543307086 en
866.1417322834645 593.7007874015748 343.3070866141732 67.71653543307086 italien,
1124.4094488188975 593.7007874015748 343.3070866141732 67.71653543307086 Palerme,
1381.1023622047244 593.7007874015748 256.6929133858268 67.71653543307086 1817,
1552.755905511811 593.7007874015748 143.30708661417322 67.71653543307086 1
1611.023622047244 593.7007874015748 171.6535433070866 67.71653543307086 p.
1667.716535433071 593.7007874015748 200.0 67.71653543307086 in

81.88976377952756 661.4173228346457 220.4724409448819 81.88976377952756 98.
207.8740157480315 661.4173228346457 533.8582677165355 81.88976377952756 PICARD
647.2440944881889 661.4173228346457 283.46456692913387 81.88976377952756 (J.),
836.2204724409448 661.4173228346457 344.88188976377955 81.88976377952756 célèbre
1056.6929133858268 661.4173228346457 376.37795275590554 81.88976377952756 astronome.

409.4488188976378 744.8818897637796 173.22834645669292 66.14173228346456 L.
496.06299212598424 744.8818897637796 231.49606299212599 66.14173228346456 aut.
639.3700787401575 744.8818897637796 231.49606299212599 66.14173228346456 sig.
784.2519685039371 744.8818897637796 173.22834645669292 66.14173228346456 en
870.8661417322835 744.8818897637796 288.18897637795277 66.14173228346456 latin,
1072.4409448818897 744.8818897637796 318.1102362204724 66.14173228346456 Hænnix,
1303.9370078740158 744.8818897637796 259.84251968503935 66.14173228346456 1671,
1477.1653543307086 744.8818897637796 144.88188976377953 66.14173228346456 1
1535.4330708661416 744.8818897637796 173.22834645669292 66.14173228346456 p.
1593.7007874015749 744.8818897637796 201.5748031496063 66.14173228346456 in

387.40157480314963 809.4488188976378 302.3622047244094 45.669291338582674 Relative
614.1732283464567 809.4488188976378 125.98425196850394 45.669291338582674 à
664.5669291338583 809.4488188976378 176.3779527559055 45.669291338582674 des
765.3543307086615 809.4488188976378 403.1496062992126 45.669291338582674 observations
1094.4881889763778 809.4488188976378 302.3622047244094 45.669291338582674 touchant
1296.0629921259842 809.4488188976378 251.96850393700788 45.669291338582674 Saturne.

80.31496062992126 866.1417322834645 223.6220472440945 85.03937007874016 99.
207.8740157480315 866.1417322834645 541.7322834645669 85.03937007874016 PICART
653.5433070866142 866.1417322834645 445.6692913385827 85.03937007874016 (Bernard),
1004.7244094488188 866.1417322834645 478.74015748031496 85.03937007874016 dessinateur
1385.8267716535433 866.1417322834645 190.5511811023622 85.03937007874016 et
1481.8897637795276 866.1417322834645 351.18110236220474 85.03937007874016 graveur
1705.5118110236222 866.1417322834645 318.1102362204724 85.03937007874016 célèbre.

400.0 949.6062992125984 291.33858267716533 67.71653543307086 Billet
604.7244094488188 949.6062992125984 174.8031496062992 67.71653543307086 de
692.9133858267717 949.6062992125984 146.45669291338584 67.71653543307086 8
751.1811023622047 949.6062992125984 233.0708661417323 67.71653543307086 lig.
896.0629921259842 949.6062992125984 233.0708661417323 67.71653543307086 aut.
1042.5196850393702 949.6062992125984 233.0708661417323 67.71653543307086 sig.
1188.976377952756 949.6062992125984 174.8031496062992 67.71653543307086 (à
1275.5905511811025 949.6062992125984 321.25984251968504 67.71653543307086 Prosper
1508.6614173228347 949.6062992125984 407.87401574803147 67.71653543307086 Marchand),
1829.9212598425197 949.6062992125984 407.87401574803147 67.71653543307086 Amsterdam,
2151.181102362205 949.6062992125984 204.7244094488189 67.71653543307086 1er
2237.7952755905512 949.6062992125984 146.45669291338584 67.71653543307086 oc-

337.00787401574803 1015.7480314960629 255.11811023622047 66.14173228346456 tobre
507.0866141732283 1015.7480314960629 255.11811023622047 66.14173228346456 1732,
677.1653543307086 1015.7480314960629 141.73228346456693 66.14173228346456 1
733.8582677165355 1015.7480314960629 170.07874015748033 66.14173228346456 p.
818.8976377952756 1015.7480314960629 255.11811023622047 66.14173228346456 in-8.
988.9763779527559 1015.7480314960629 170.07874015748033 66.14173228346456 Le
1074.015748031496 1015.7480314960629 283.46456692913387 66.14173228346456 revers
1272.4409448818897 1015.7480314960629 170.07874015748033 66.14173228346456 de
1357.4803149606298 1015.7480314960629 170.07874015748033 66.14173228346456 ce
1444.0944881889764 1015.7480314960629 283.46456692913387 66.14173228346456 billet
1642.5196850393702 1015.7480314960629 198.4251968503937 66.14173228346456 est
1755.9055118110236 1015.7480314960629 311.81102362204723 66.14173228346456 couvert
1982.6771653543308 1015.7480314960629 170.07874015748033 66.14173228346456 de
2067.716535433071 1015.7480314960629 255.11811023622047 66.14173228346456 notes
2209.448818897638 1015.7480314960629 170.07874015748033 66.14173228346456 aut.

333.8582677165354 1080.3149606299212 192.1259842519685 53.54330708661417 de
429.9212598425197 1080.3149606299212 192.1259842519685 53.54330708661417 P.
494.48818897637796 1080.3149606299212 352.755905511811 53.54330708661417 Marchand.

77.16535433070867 1148.0314960629921 259.84251968503935 81.88976377952756 100.
240.9448818897638 1148.0314960629921 552.7559055118111 81.88976377952756 PIORRY
696.0629921259842 1148.0314960629921 228.3464566929134 81.88976377952756 (P.
825.1968503937007 1148.0314960629921 259.84251968503935 81.88976377952756 F.),
988.9763779527559 1148.0314960629921 325.98425196850394 81.88976377952756 député
1215.748031496063 1148.0314960629921 195.2755905511811 81.88976377952756 de
1313.3858267716535 1148.0314960629921 195.2755905511811 81.88976377952756 la
1411.023622047244 1148.0314960629921 325.98425196850394 81.88976377952756 Vienne
1639.3700787401574 1148.0314960629921 162.20472440944883 81.88976377952756 à
1703.9370078740158 1148.0314960629921 195.2755905511811 81.88976377952756 la
1768.5039370078741 1148.0314960629921 423.62204724409446 81.88976377952756 Convention.

406.2992125984252 1231.4960629921259 247.24409448818898 66.14173228346456 Pièce
570.0787401574803 1231.4960629921259 218.89763779527559 66.14173228346456 aut.
707.0866141732283 1231.4960629921259 218.89763779527559 66.14173228346456 sig.
844.0944881889764 1231.4960629921259 274.01574803149606 66.14173228346456 Liège,
1036.2204724409448 1231.4960629921259 192.1259842519685 66.14173228346456 1er
1146.4566929133857 1231.4960629921259 247.24409448818898 66.14173228346456 avril
1310.236220472441 1231.4960629921259 247.24409448818898 66.14173228346456 1822,
1475.5905511811025 1231.4960629921259 137.00787401574803 66.14173228346456 5
1530.708661417323 1231.4960629921259 163.7795275590551 66.14173228346456 p.
1612.5984251968505 1231.4960629921259 192.1259842519685 66.14173228346456 pl.
1694.4881889763778 1231.4960629921259 192.1259842519685 66.14173228346456 in

384.251968503937 1296.0629921259842 225.1968503937008 58.267716535433074 C’est
533.8582677165355 1296.0629921259842 149.60629921259843 58.267716535433074 sa
609.4488188976378 1296.0629921259842 349.6062992125984 58.267716535433074 biographie
885.0393700787401 1296.0629921259842 275.59055118110234 58.267716535433074 rédigée
1085.0393700787401 1296.0629921259842 174.8031496062992 58.267716535433074 par
1159.0551181102362 1296.0629921259842 275.59055118110234 58.267716535433074 lui

70.86614173228347 1368.5039370078741 283.46456692913387 85.03937007874016 101.
248.8188976377953 1368.5039370078741 674.0157480314961 85.03937007874016 PROUDHON
815.7480314960629 1368.5039370078741 248.8188976377953 85.03937007874016 (P.
957.4803149606299 1368.5039370078741 283.46456692913387 85.03937007874016 J.),
1135.4330708661416 1368.5039370078741 566.9291338582677 85.03937007874016 représentant
1596.8503937007874 1368.5039370078741 212.5984251968504 85.03937007874016 du
1702.3622047244094 1368.5039370078741 354.3307086614173 85.03937007874016 peuple
1951.1811023622047 1368.5039370078741 212.5984251968504 85.03937007874016 et
2022.0472440944882 1368.5039370078741 354.3307086614173 85.03937007874016 écrivain

335.43307086614175 1455.1181102362204 365.3543307086614 61.41732283464567 socialiste.

396.8503937007874 1535.4330708661416 338.5826771653543 69.29133858267717 Curieuse
651.9685039370079 1535.4330708661416 255.11811023622047 69.29133858267717 pièce
820.4724409448819 1535.4330708661416 226.77165354330708 69.29133858267717 aut.
962.2047244094488 1535.4330708661416 255.11811023622047 69.29133858267717 sig.,
1132.283464566929 1535.4330708661416 170.07874015748033 69.29133858267717 22
1217.3228346456692 1535.4330708661416 310.23622047244095 69.29133858267717 février
1442.5196850393702 1535.4330708661416 255.11811023622047 69.29133858267717 1848,
1612.5984251968505 1535.4330708661416 198.4251968503937 69.29133858267717 3/4
1725.984251968504 1535.4330708661416 170.07874015748033 69.29133858267717 de
1809.4488188976377 1535.4330708661416 170.07874015748033 69.29133858267717 p.
1866.1417322834645 1535.4330708661416 198.4251968503937 69.29133858267717 in

387.40157480314963 1603.1496062992126 491.33858267716533 56.69291338582677 ...L’Assemblée
795.2755905511812 1603.1496062992126 354.3307086614173 56.69291338582677 nationale
1069.291338582677 1603.1496062992126 272.4409448818898 56.69291338582677 vient,
1259.8425196850394 1603.1496062992126 218.89763779527559 56.69291338582677 sans
1396.8503937007874 1603.1496062992126 218.89763779527559 56.69291338582677 s’en
1532.283464566929 1603.1496062992126 300.78740157480314 56.69291338582677 douter,
1751.1811023622047 1603.1496062992126 163.7795275590551 56.69291338582677 de
1833.0708661417323 1603.1496062992126 354.3307086614173 56.69291338582677 commencer
2105.511811023622 1603.1496062992126 272.4409448818898 56.69291338582677 contre
2269.2913385826773 1603.1496062992126 108.66141732283465 56.69291338582677 la

324.40944881889766 1658.267716535433 371.65354330708664 59.84251968503937 bourgeoisie
622.0472440944882 1658.267716535433 148.03149606299212 59.84251968503937 la
696.0629921259842 1658.267716535433 346.45669291338584 59.84251968503937 révolution
968.503937007874 1658.267716535433 396.8503937007874 59.84251968503937 démocratique
1289.763779527559 1658.267716535433 148.03149606299212 59.84251968503937 et
1365.3543307086613 1658.267716535433 297.6377952755906 59.84251968503937 sociale.
1587.4015748031495 1658.267716535433 198.4251968503937 59.84251968503937 Sous
1711.8110236220473 1658.267716535433 148.03149606299212 59.84251968503937 le
1785.8267716535433 1658.267716535433 173.22834645669292 59.84251968503937 nom
1859.8425196850394 1658.267716535433 519.6850393700787 59.84251968503937 d’incompatibilités,

322.8346456692913 1714.9606299212599 198.4251968503937 67.71653543307086 elle
447.244094488189 1714.9606299212599 124.40944881889764 67.71653543307086 a
496.06299212598424 1714.9606299212599 222.04724409448818 67.71653543307086 exclu
645.6692913385826 1714.9606299212599 148.03149606299212 67.71653543307086 de
719.6850393700787 1714.9606299212599 148.03149606299212 67.71653543307086 la
793.7007874015748 1714.9606299212599 445.6692913385827 67.71653543307086 représentation
1165.3543307086613 1714.9606299212599 321.25984251968504 67.71653543307086 nationale
1412.5984251968505 1714.9606299212599 198.4251968503937 67.71653543307086 ceux
1537.007874015748 1714.9606299212599 198.4251968503937 67.71653543307086 qui,
1659.8425196850394 1714.9606299212599 272.4409448818898 67.71653543307086 jusqu’à
1858.267716535433 1714.9606299212599 148.03149606299212 67.71653543307086 ce
1932.283464566929 1714.9606299212599 222.04724409448818 67.71653543307086 jour,
2080.314960629921 1714.9606299212599 173.22834645669292 67.71653543307086 ont
2179.527559055118 1714.9606299212599 173.22834645669292 67.71653543307086 été
2253.5433070866143 1714.9606299212599 124.40944881889764 67.71653543307086 les

324.40944881889766 1771.6535433070867 209.4488188976378 59.84251968503937 chefs
464.56692913385825 1771.6535433070867 140.15748031496062 59.84251968503937 de
533.8582677165355 1771.6535433070867 140.15748031496062 59.84251968503937 la
604.7244094488188 1771.6535433070867 278.74015748031496 59.84251968503937 Société,
814.1732283464567 1771.6535433070867 256.6929133858268 59.84251968503937 l’élite
1000.0 1771.6535433070867 162.20472440944883 59.84251968503937 des
1069.291338582677 1771.6535433070867 442.5196850393701 59.84251968503937 propriétaires....

69.29133858267717 1829.9212598425197 259.84251968503935 81.88976377952756 102.
233.0708661417323 1829.9212598425197 585.8267716535433 81.88976377952756 QUESNEL
721.2598425196851 1829.9212598425197 488.18897637795277 81.88976377952756 (Pasquier),
1111.8110236220473 1829.9212598425197 455.11811023622045 81.88976377952756 théologien
1436.2204724409448 1829.9212598425197 325.98425196850394 81.88976377952756 célèbre.

395.2755905511811 1913.3858267716535 371.65354330708664 66.14173228346456 Réponses
674.0157480314961 1913.3858267716535 154.33070866141733 66.14173228346456 à
737.007874015748 1913.3858267716535 310.23622047244095 66.14173228346456 toutes
954.3307086614174 1913.3858267716535 217.3228346456693 66.14173228346456 les
1077.1653543307086 1913.3858267716535 403.1496062992126 66.14173228346456 questions
1387.4015748031495 1913.3858267716535 310.23622047244095 66.14173228346456 posées
1604.724409448819 1913.3858267716535 247.24409448818898 66.14173228346456 pour
1759.0551181102362 1913.3858267716535 310.23622047244095 66.14173228346456 entrer
1976.3779527559054 1913.3858267716535 247.24409448818898 66.14173228346456 dans
2100.787401574803 1913.3858267716535 278.74015748031496 66.14173228346456 l’ordre

329.13385826771656 1981.1023622047244 168.50393700787401 64.56692913385827 de
414.1732283464567 1981.1023622047244 418.8976377952756 64.56692913385827 l’Oratoire,
749.6062992125984 1981.1023622047244 280.31496062992125 64.56692913385827 Paris,
944.8818897637796 1981.1023622047244 168.50393700787401 64.56692913385827 16
1028.3464566929133 1981.1023622047244 307.0866141732283 64.56692913385827 janvier
1251.9685039370079 1981.1023622047244 251.96850393700788 64.56692913385827 1673,
1420.4724409448818 1981.1023622047244 363.7795275590551 64.56692913385827 manuscrit
1699.2125984251968 1981.1023622047244 223.6220472440945 64.56692913385827 aut.
1839.3700787401574 1981.1023622047244 251.96850393700788 64.56692913385827 sig.,
2006.2992125984251 1981.1023622047244 140.15748031496062 64.56692913385827 2
2062.9921259842517 1981.1023622047244 168.50393700787401 64.56692913385827 p.
2118.1102362204724 1981.1023622047244 251.96850393700788 64.56692913385827 in

324.40944881889766 2045.6692913385828 157.48031496062993 66.14173228346456 à
387.40157480314963 2045.6692913385828 407.87401574803147 66.14173228346456 mi-marge,
700.7874015748032 2045.6692913385828 188.9763779527559 66.14173228346456 en
795.2755905511812 2045.6692913385828 313.38582677165357 66.14173228346456 regard
1015.7480314960629 2045.6692913385828 220.4724409448819 66.14173228346456 des
1140.1574803149606 2045.6692913385828 407.87401574803147 66.14173228346456 questions
1423.6220472440946 2045.6692913385828 376.37795275590554 66.14173228346456 imprimées.

381.1023622047244 2110.236220472441 223.6220472440945 59.84251968503937 Pièce
530.7086614173228 2110.236220472441 198.4251968503937 59.84251968503937 fort
655.1181102362204 2110.236220472441 398.4251968503937 59.84251968503937 intéressante
977.9527559055118 2110.236220472441 198.4251968503937 59.84251968503937 pour
1102.3622047244094 2110.236220472441 149.60629921259843 59.84251968503937 la
1177.9527559055118 2110.236220472441 348.0314960629921 59.84251968503937 biographie
1450.3937007874015 2110.236220472441 149.60629921259843 59.84251968503937 de
1525.984251968504 2110.236220472441 149.60629921259843 59.84251968503937 ce
1600.0 2110.236220472441 274.01574803149606 59.84251968503937 célèbre
1774.8031496062993 2110.236220472441 322.8346456692913 59.84251968503937 janséniste.

64.56692913385827 2182.6771653543306 292.9133858267717 81.88976377952756 103.
247.24409448818898 2182.6771653543306 844.0944881889764 81.88976377952756 ROCHECHOUART
981.1023622047244 2182.6771653543306 733.8582677165355 81.88976377952756 (Marie-Madeleine
1604.724409448819 2182.6771653543306 292.9133858267717 81.88976377952756 de),
1787.4015748031495 2182.6771653543306 403.1496062992126 81.88976377952756 abbesse
2081.8897637795276 2182.6771653543306 220.4724409448819 81.88976377952756 de
2154.3307086614172 2182.6771653543306 220.4724409448819 81.88976377952756 Fon

349.6062992125984 2269.2913385826773 475.59055118110234 77.16535433070867 tevrauld,
714.9606299212599 2269.2913385826773 292.9133858267717 77.16535433070867 sœur
899.2125984251968 2269.2913385826773 220.4724409448819 77.16535433070867 de
1007.8740157480315 2269.2913385826773 366.92913385826773 77.16535433070867 madame
1264.5669291338584 2269.2913385826773 220.4724409448819 77.16535433070867 de
1338.5826771653544 2269.2913385826773 439.37007874015745 77.16535433070867 Montespan.

396.8503937007874 2351.181102362205 166.9291338582677 66.14173228346456 L.
480.31496062992125 2351.181102362205 222.04724409448818 66.14173228346456 aut.
618.8976377952756 2351.181102362205 222.04724409448818 66.14173228346456 sig.
759.0551181102362 2351.181102362205 166.9291338582677 66.14173228346456 au
840.9448818897638 2351.181102362205 166.9291338582677 66.14173228346456 R.
924.4094488188977 2351.181102362205 166.9291338582677 66.14173228346456 P.
1007.8740157480315 2351.181102362205 277.1653543307087 66.14173228346456 Rapin,
1203.1496062992126 2351.181102362205 444.09448818897636 66.14173228346456 Fontevrauld,
1563.7795275590552 2351.181102362205 193.70078740157481 66.14173228346456 1er
1674.015748031496 2351.181102362205 305.51181102362204 66.14173228346456 février
1896.0629921259842 2351.181102362205 250.39370078740157 66.14173228346456 1689,
2062.9921259842517 2351.181102362205 138.58267716535434 66.14173228346456 3
2118.1102362204724 2351.181102362205 166.9291338582677 66.14173228346456 p.
2174.803149606299 2351.181102362205 193.70078740157481 66.14173228346456 in

333.8582677165354 2417.3228346456694 250.39370078740157 53.54330708661417 Cachet.
514.9606299212599 2417.3228346456694 204.7244094488189 53.54330708661417 Jolie
651.9685039370079 2417.3228346456694 250.39370078740157 53.54330708661417 lettre.
811.0236220472441 2417.3228346456694 318.1102362204724 53.54330708661417 Rare.

64.56692913385827 2483.464566929134 259.84251968503935 81.88976377952756 104.
226.77165354330708 2483.464566929134 552.7559055118111 81.88976377952756 ROLAND
681.8897637795276 2483.464566929134 226.77165354330708 81.88976377952756 (J.
812.5984251968504 2483.464566929134 259.84251968503935 81.88976377952756 M.),
941.7322834645669 2483.464566929134 357.4803149606299 81.88976377952756 ministre.

388.9763779527559 2565.3543307086616 177.95275590551182 67.71653543307086 L.
478.74015748031496 2565.3543307086616 237.79527559055117 67.71653543307086 sig.
626.7716535433071 2565.3543307086616 177.95275590551182 67.71653543307086 au
714.9606299212599 2565.3543307086616 385.8267716535433 67.71653543307086 procureur
1011.0236220472441 2565.3543307086616 296.06299212598424 67.71653543307086 syndic
1218.8976377952756 2565.3543307086616 177.95275590551182 67.71653543307086 du
1308.6614173228347 2565.3543307086616 444.09448818897636 67.71653543307086 département
1662.992125984252 2565.3543307086616 177.95275590551182 67.71653543307086 de
1752.755905511811 2565.3543307086616 177.95275590551182 67.71653543307086 la
1811.023622047244 2565.3543307086616 563.7795275590552 67.71653543307086 Loire

329.13385826771656 2633.0708661417325 278.74015748031496 64.56692913385827 Paris,
524.4094488188977 2633.0708661417325 166.9291338582677 64.56692913385827 18
607.8740157480315 2633.0708661417325 195.2755905511811 64.56692913385827 mai
719.6850393700787 2633.0708661417325 250.39370078740157 64.56692913385827 1792,
886.6141732283464 2633.0708661417325 195.2755905511811 64.56692913385827 1/2
998.4251968503937 2633.0708661417325 166.9291338582677 64.56692913385827 p.
1055.1181102362204 2633.0708661417325 250.39370078740157 64.56692913385827 in

374.8031496062992 2696.0629921259842 149.60629921259843 61.41732283464567 Il
450.3937007874016 2696.0629921259842 124.40944881889764 61.41732283464567 a
499.21259842519686 2696.0629921259842 200.0 61.41732283464567 reçu
625.1968503937007 2696.0629921259842 149.60629921259843 61.41732283464567 la
699.2125984251968 2696.0629921259842 250.39370078740157 61.41732283464567 lettre
874.0157480314961 2696.0629921259842 225.1968503937008 61.41732283464567 qu’il
1025.1968503937007 2696.0629921259842 174.8031496062992 61.41732283464567 lui
1124.4094488188975 2696.0629921259842 124.40944881889764 61.41732283464567 a
1174.8031496062993 2696.0629921259842 250.39370078740157 61.41732283464567 écrite
1349.6062992125985 2696.0629921259842 149.60629921259843 61.41732283464567 le
1423.6220472440946 2696.0629921259842 124.40944881889764 61.41732283464567 8
1474.015748031496 2696.0629921259842 174.8031496062992 61.41732283464567 mai
1573.2283464566929 2696.0629921259842 149.60629921259843 61.41732283464567 au
1648.8188976377953 2696.0629921259842 225.1968503937008 61.41732283464567 sujet
1798.4251968503936 2696.0629921259842 149.60629921259843 61.41732283464567 de
1874.015748031496 2696.0629921259842 149.60629921259843 61.41732283464567 la
1948.0314960629921 2696.0629921259842 299.21259842519686 61.41732283464567 nouvelle
2148.031496062992 2696.0629921259842 225.1968503937008 61.41732283464567 machine

314.96062992125985 2754.3307086614172 302.3622047244094 56.69291338582677 destinée
541.7322834645669 2754.3307086614172 125.98425196850394 56.69291338582677 à
592.1259842519685 2754.3307086614172 377.9527559055118 56.69291338582677 l’exécution
892.9133858267717 2754.3307086614172 176.3779527559055 56.69291338582677 des
993.7007874015748 2754.3307086614172 327.5590551181102 56.69291338582677 jugements
1245.6692913385828 2754.3307086614172 327.5590551181102 56.69291338582677 criminels
1497.6377952755906 2754.3307086614172 201.5748031496063 56.69291338582677 dont
1623.6220472440946 2754.3307086614172 151.1811023622047 56.69291338582677 il
1699.2125984251968 2754.3307086614172 176.3779527559055 56.69291338582677 est
1800.0 2754.3307086614172 352.755905511811 56.69291338582677 nécessaire
2075.5905511811025 2754.3307086614172 176.3779527559055 56.69291338582677 que
2176.3779527559054 2754.3307086614172 151.1811023622047 56.69291338582677 le
2226.771653543307 2754.3307086614172 151.1811023622047 56.69291338582677 tri-

316.53543307086613 2811.0236220472443 240.9448818897638 56.69291338582677 bunal
477.1653543307087 2811.0236220472443 160.62992125984252 56.69291338582677 du
557.4803149606299 2811.0236220472443 400.0 56.69291338582677 département
877.1653543307086 2811.0236220472443 160.62992125984252 56.69291338582677 de
957.4803149606299 2811.0236220472443 160.62992125984252 56.69291338582677 la
1037.7952755905512 2811.0236220472443 533.8582677165355 56.69291338582677 Loire-Inférieure
1491.3385826771653 2811.0236220472443 214.17322834645668 56.69291338582677 soit
1623.6220472440946 2811.0236220472443 292.9133858267717 56.69291338582677 pourvu.
1837.7952755905512 2811.0236220472443 187.4015748031496 56.69291338582677 Cet
1944.8818897637796 2811.0236220472443 240.9448818897638 56.69291338582677 objet
2078.740157480315 2811.0236220472443 292.9133858267717 56.69291338582677 regardant

321.25984251968504 2867.716535433071 477.1653543307087 56.69291338582677 l’administration
727.5590551181102 2867.716535433071 143.30708661417322 56.69291338582677 de
798.4251968503937 2867.716535433071 143.30708661417322 56.69291338582677 M.
869.2913385826772 2867.716535433071 310.23622047244095 56.69291338582677 Clavière,
1108.6614173228347 2867.716535433071 143.30708661417322 56.69291338582677 il
1179.5275590551182 2867.716535433071 166.9291338582677 56.69291338582677 lui
1275.5905511811025 2867.716535433071 119.68503937007874 56.69291338582677 a
1322.8346456692914 2867.716535433071 190.5511811023622 56.69291338582677 fait
1442.5196850393702 2867.716535433071 239.37007874015748 56.69291338582677 passer
1609.4488188976377 2867.716535433071 143.30708661417322 56.69291338582677 la
1658.267716535433 2867.716535433071 214.17322834645668 56.69291338582677 lettre.

59.84251968503937 2925.984251968504 272.4409448818898 80.31496062992126 105.
229.92125984251967 2925.984251968504 577.9527559055118 80.31496062992126 ROLAND
707.0866141732283 2925.984251968504 374.8031496062992 80.31496062992126 (Jeanne
979.5275590551181 2925.984251968504 407.87401574803147 80.31496062992126 Phlipon,
1285.0393700787401 2925.984251968504 374.8031496062992 80.31496062992126 femme),
1557.4803149606298 2925.984251968504 340.15748031496065 80.31496062992126 épouse
1795.275590551181 2925.984251968504 204.7244094488189 80.31496062992126 du
1864.5669291338584 2925.984251968504 407.87401574803147 80.31496062992126 précédent.

385.8267716535433 3007.8740157480315 292.9133858267717 66.14173228346456 Fables
592.1259842519685 3007.8740157480315 411.0236220472441 66.14173228346456 orientales
914.9606299212599 3007.8740157480315 176.3779527559055 66.14173228346456 de
1003.1496062992126 3007.8740157480315 292.9133858267717 66.14173228346456 Saadi,
1209.4488188976377 3007.8740157480315 381.1023622047244 66.14173228346456 manuscrit
1502.3622047244094 3007.8740157480315 234.64566929133858 66.14173228346456 aut.
1648.8188976377953 3007.8740157480315 146.45669291338584 66.14173228346456 4
1708.6614173228347 3007.8740157480315 176.3779527559055 66.14173228346456 p.
1796.8503937007874 3007.8740157480315 206.29921259842519 66.14173228346456 pl.
1883.4645669291338 3007.8740157480315 206.29921259842519 66.14173228346456 in

58.267716535433074 3075.5905511811025 280.31496062992125 85.03937007874016 106.
233.0708661417323 3075.5905511811025 699.2125984251968 85.03937007874016 SANLECQUE
828.3464566929134 3075.5905511811025 349.6062992125984 85.03937007874016 (Louis
1072.4409448818897 3075.5905511811025 280.31496062992125 85.03937007874016 de),
1247.244094488189 3075.5905511811025 349.6062992125984 85.03937007874016 poëte,
1492.9133858267717 3075.5905511811025 420.4724409448819 85.03937007874016 chanoine
1807.8740157480315 3075.5905511811025 209.4488188976378 85.03937007874016 de
1877.1653543307086 3075.5905511811025 489.76377952755905 85.03937007874016 Sainte

321.25984251968504 3166.9291338582675 247.24409448818898 61.41732283464567 viève.

390.5511811023622 3242.51968503937 286.61417322834643 69.29133858267717 Satyre
590.5511811023622 3242.51968503937 201.5748031496063 69.29133858267717 sur
705.511811023622 3242.51968503937 171.6535433070866 69.29133858267717 la
792.1259842519685 3242.51968503937 401.5748031496063 69.29133858267717 direction,
1107.0866141732283 3242.51968503937 258.26771653543307 69.29133858267717 pièce
1280.3149606299212 3242.51968503937 229.92125984251967 69.29133858267717 aut.
1423.6220472440946 3242.51968503937 171.6535433070866 69.29133858267717 11
1508.6614173228347 3242.51968503937 171.6535433070866 69.29133858267717 p.
1595.275590551181 3242.51968503937 258.26771653543307 69.29133858267717 in-4.
1766.9291338582677 3242.51968503937 171.6535433070866 69.29133858267717 On
1853.5433070866143 3242.51968503937 143.30708661417322 69.29133858267717 a
1910.236220472441 3242.51968503937 258.26771653543307 69.29133858267717 collé
2083.464566929134 3242.51968503937 171.6535433070866 69.29133858267717 au
2168.503937007874 3242.51968503937 201.5748031496063 69.29133858267717 bas
2255.1181102362207 3242.51968503937 114.96062992125984 69.29133858267717 de

318.1102362204724 3308.6614173228345 185.82677165354332 66.14173228346456 la
411.0236220472441 3308.6614173228345 370.0787401574803 66.14173228346456 dernière
689.7637795275591 3308.6614173228345 247.24409448818898 66.14173228346456 page
844.0944881889764 3308.6614173228345 215.748031496063 66.14173228346456 une
966.9291338582677 3308.6614173228345 401.5748031496063 66.14173228346456 signature
1275.5905511811025 3308.6614173228345 247.24409448818898 66.14173228346456 aut.
1429.9212598425197 3308.6614173228345 370.0787401574803 66.14173228346456 découpée
1708.6614173228347 3308.6614173228345 185.82677165354332 66.14173228346456 du
1801.5748031496064 3308.6614173228345 185.82677165354332 66.14173228346456 P.
1862.992125984252 3308.6614173228345 370.0787401574803 66.14173228346456 Sanlecque.

59.84251968503937 3376.3779527559054 262.99212598425197 83.46456692913385 107.
225.1968503937008 3376.3779527559054 560.6299212598425 83.46456692913385 SANSON
686.6141732283464 3376.3779527559054 262.99212598425197 83.46456692913385 (Ch.
850.3937007874016 3376.3779527559054 262.99212598425197 83.46456692913385 H.),
1015.7480314960629 3376.3779527559054 395.2755905511811 83.46456692913385 bourreau
1311.8110236220473 3376.3779527559054 198.4251968503937 83.46456692913385 de
1411.023622047244 3376.3779527559054 296.06299212598424 83.46456692913385 Paris
1609.4488188976377 3376.3779527559054 362.20472440944883 83.46456692913385 pendant
1872.4409448818897 3376.3779527559054 198.4251968503937 83.46456692913385 le
1971.6535433070867 3376.3779527559054 296.06299212598424 83.46456692913385 règne
2168.503937007874 3376.3779527559054 198.4251968503937 83.46456692913385 de
2234.6456692913384 3376.3779527559054 132.28346456692913 83.46456692913385 la

310.23622047244095 3470.8661417322833 351.18110236220474 53.54330708661417 Terreur.

382.6771653543307 3543.3070866141734 185.82677165354332 69.29133858267717 L.
475.59055118110234 3543.3070866141734 247.24409448818898 69.29133858267717 aut.
631.496062992126 3543.3070866141734 247.24409448818898 69.29133858267717 sig.
785.8267716535433 3543.3070866141734 154.33070866141733 69.29133858267717 à
847.2440944881889 3543.3070866141734 278.74015748031496 69.29133858267717 Maton
1033.0708661417323 3543.3070866141734 185.82677165354332 69.29133858267717 de
1125.984251968504 3543.3070866141734 185.82677165354332 69.29133858267717 La
1218.8976377952756 3543.3070866141734 371.65354330708664 69.29133858267717 Varenne,
1497.6377952755906 3543.3070866141734 310.23622047244095 69.29133858267717 Paris,
1713.3858267716535 3543.3070866141734 154.33070866141733 69.29133858267717 5
1776.3779527559054 3543.3070866141734 340.15748031496065 69.29133858267717 février
2023.6220472440946 3543.3070866141734 278.74015748031496 69.29133858267717 1790.
2209.448818897638 3543.3070866141734 154.33070866141733 69.29133858267717 1
2239.3700787401576 3543.3070866141734 124.40944881889764 69.29133858267717 p.

329.13385826771656 3612.5984251968503 155.90551181102362 50.39370078740158 in-4.
415.748031496063 3612.5984251968503 242.51968503937007 50.39370078740158 Rare.

370.0787401574803 3674.015748031496 151.1811023622047 59.84251968503937 Il
445.6692913385827 3674.015748031496 253.54330708661416 59.84251968503937 envoie
623.6220472440945 3674.015748031496 177.95275590551182 59.84251968503937 des
724.4094488188977 3674.015748031496 278.74015748031496 59.84251968503937 numéros
927.5590551181102 3674.015748031496 177.95275590551182 59.84251968503937 (du
1028.3464566929133 3674.015748031496 278.74015748031496 59.84251968503937 journal
1231.4960629921259 3674.015748031496 151.1811023622047 59.84251968503937 de
1307.0866141732283 3674.015748031496 278.74015748031496 59.84251968503937 Gorsas)
1508.6614173228347 3674.015748031496 177.95275590551182 59.84251968503937 qui
1611.023622047244 3674.015748031496 151.1811023622047 59.84251968503937 le
1686.6141732283465 3674.015748031496 253.54330708661416 59.84251968503937 traite
1862.992125984252 3674.015748031496 253.54330708661416 59.84251968503937 encore
2040.9448818897638 3674.015748031496 203.1496062992126 59.84251968503937 plus
2166.9291338582675 3674.015748031496 203.1496062992126 59.84251968503937 mal,
2269.2913385826773 3674.015748031496 100.78740157480316 59.84251968503937 et

308.66141732283467 3730.7086614173227 211.0236220472441 59.84251968503937 prie
440.9448818897638 3730.7086614173227 237.79527559055117 59.84251968503937 Maton
600.0 3730.7086614173227 159.0551181102362 59.84251968503937 de
678.7401574803149 3730.7086614173227 159.0551181102362 59.84251968503937 la
757.4803149606299 3730.7086614173227 289.76377952755905 59.84251968503937 Varenne
968.503937007874 3730.7086614173227 159.0551181102362 59.84251968503937 de
1048.8188976377953 3730.7086614173227 159.0551181102362 59.84251968503937 ne
1127.5590551181103 3730.7086614173227 184.251968503937 59.84251968503937 pas
1233.0708661417323 3730.7086614173227 289.76377952755905 59.84251968503937 laisser
1444.0944881889764 3730.7086614173227 316.53543307086613 59.84251968503937 échapper
1681.8897637795276 3730.7086614173227 184.251968503937 59.84251968503937 aux
1787.4015748031495 3730.7086614173227 370.0787401574803 59.84251968503937 magistrats
2078.740157480315 3730.7086614173227 159.0551181102362 59.84251968503937 la
2130.7086614173227 3730.7086614173227 237.79527559055117 59.84251968503937 manière

310.23622047244095 3785.8267716535433 204.7244094488189 62.99212598425197 dont
437.79527559055117 3785.8267716535433 256.6929133858268 62.99212598425197 Gorsas
617.3228346456693 3785.8267716535433 179.5275590551181 62.99212598425197 s’y
719.6850393700787 3785.8267716535433 281.8897637795276 62.99212598425197 prenait
925.9842519685039 3785.8267716535433 204.7244094488189 62.99212598425197 pour
1053.5433070866143 3785.8267716535433 307.0866141732283 62.99212598425197 empêcher
1285.0393700787401 3785.8267716535433 333.8582677165354 62.99212598425197 l'affichè
1540.1574803149606 3785.8267716535433 154.33070866141733 62.99212598425197 du
1617.3228346456692 3785.8267716535433 307.0866141732283 62.99212598425197 jugement
1848.8188976377953 3785.8267716535433 179.5275590551181 62.99212598425197 qui
1951.1811023622047 3785.8267716535433 179.5275590551181 62.99212598425197 l’a
2028.3464566929133 3785.8267716535433 281.8897637795276 62.99212598425197 condamné.

56.69291338582677 3858.267716535433 280.31496062992125 86.61417322834646 108.
231.49606299212599 3858.267716535433 664.5669291338583 86.61417322834646 SANTERRE
792.1259842519685 3858.267716535433 455.11811023622045 86.61417322834646 (Claude),
1141.732283464567 3858.267716535433 385.8267716535433 86.61417322834646 général
1422.0472440944882 3858.267716535433 489.76377952755905 86.61417322834646 commandant
1806.2992125984251 3858.267716535433 209.4488188976378 86.61417322834646 la
1911.8110236220473 3858.267716535433 314.96062992125985 86.61417322834646 garde
2086.6141732283463 3858.267716535433 280.31496062992125 86.61417322834646 natio

349.6062992125984 3946.4566929133857 270.86614173228344 61.41732283464567 nale
518.1102362204724 3946.4566929133857 203.1496062992126 61.41732283464567 de
620.4724409448819 3946.4566929133857 305.51181102362204 61.41732283464567 Paris
823.6220472440945 3946.4566929133857 203.1496062992126 61.41732283464567 en
891.3385826771654 3946.4566929133857 237.79527559055117 61.41732283464567 1793.

385.8267716535433 4023.6220472440946 179.5275590551181 69.29133858267717 L.
475.59055118110234 4023.6220472440946 239.37007874015748 69.29133858267717 aut.
625.1968503937007 4023.6220472440946 239.37007874015748 69.29133858267717 sig.
776.3779527559055 4023.6220472440946 149.60629921259843 69.29133858267717 à
836.2204724409448 4023.6220472440946 179.5275590551181 69.29133858267717 la
925.9842519685039 4023.6220472440946 330.70866141732284 69.29133858267717 commune
1165.3543307086613 4023.6220472440946 179.5275590551181 69.29133858267717 de
1255.1181102362204 4023.6220472440946 299.21259842519686 69.29133858267717 Paris,
1466.1417322834645 4023.6220472440946 149.60629921259843 69.29133858267717 à
1525.984251968504 4023.6220472440946 269.29133858267716 69.29133858267717 Doué,
1705.5118110236222 4023.6220472440946 179.5275590551181 69.29133858267717 le
1795.275590551181 4023.6220472440946 179.5275590551181 69.29133858267717 15
1885.0393700787401 4023.6220472440946 390.5511811023622 69.29133858267717 septembre
2155.9055118110236 4023.6220472440946 209.4488188976378 69.29133858267717 1793,

322.8346456692913 4096.062992125984 143.30708661417322 62.99212598425197 1
379.5275590551181 4096.062992125984 173.22834645669292 62.99212598425197 p.
466.1417322834646 4096.062992125984 316.53543307086613 62.99212598425197 in-fol.
696.0629921259842 4096.062992125984 229.92125984251967 62.99212598425197 Tête
811.0236220472441 4096.062992125984 201.5748031496063 62.99212598425197 impr.

363.7795275590551 4155.905511811024 244.09448818897638 59.84251968503937 Comme
525.9842519685039 4155.905511811024 297.6377952755906 59.84251968503937 général
743.3070866141733 4155.905511811024 379.5275590551181 59.84251968503937 commandant
1040.9448818897638 4155.905511811024 488.18897637795277 59.84251968503937 l’avant-garde,
1447.244094488189 4155.905511811024 162.20472440944883 59.84251968503937 il
1529.1338582677165 4155.905511811024 297.6377952755906 59.84251968503937 annonce
1744.8818897637796 4155.905511811024 270.86614173228344 59.84251968503937 qu’ils
1935.4330708661416 4155.905511811024 297.6377952755906 59.84251968503937 partent
2151.181102362205 4155.905511811024 162.20472440944883 59.84251968503937 de
2206.299212598425 4155.905511811024 162.20472440944883 59.84251968503937 Doué

311.81102362204723 4212.59842519685 198.4251968503937 61.41732283464567 pour
436.2204724409449 4212.59842519685 223.6220472440945 61.41732283464567 aller
585.8267716535433 4212.59842519685 322.8346456692913 61.41732283464567 combattre
834.6456692913385 4212.59842519685 174.8031496062992 61.41732283464567 les
933.8582677165355 4212.59842519685 299.21259842519686 61.41732283464567 brigands
1159.0551181102362 4212.59842519685 124.40944881889764 61.41732283464567 à
1207.8740157480315 4212.59842519685 274.01574803149606 61.41732283464567 Brissac
1407.8740157480315 4212.59842519685 149.60629921259843 61.41732283464567 et
1481.8897637795276 4212.59842519685 149.60629921259843 61.41732283464567 au
1555.9055118110236 4212.59842519685 198.4251968503937 61.41732283464567 Pont
1680.3149606299212 4212.59842519685 149.60629921259843 61.41732283464567 de
1730.708661417323 4212.59842519685 124.40944881889764 61.41732283464567 Cé.

55.118110236220474 4285.03937007874 280.31496062992125 83.46456692913385 109.
229.92125984251967 4285.03937007874 699.2125984251968 83.46456692913385 SARRAZIN,
825.1968503937007 4285.03937007874 384.251968503937 83.46456692913385 général
1103.9370078740158 4285.03937007874 209.4488188976378 83.46456692913385 et
1209.4488188976377 4285.03937007874 420.4724409448819 83.46456692913385 écrivain
1524.4094488188975 4285.03937007874 489.76377952755905 83.46456692913385 militaire,
1908.6614173228347 4285.03937007874 420.4724409448819 83.46456692913385 condamne
2188.9763779527557 4285.03937007874 174.8031496062992 83.46456692913385 aux

344.88188976377955 4370.078740157481 381.1023622047244 81.88976377952756 travaux
622.0472440944882 4370.078740157481 346.45669291338584 81.88976377952756 forcés
866.1417322834645 4370.078740157481 207.8740157480315 81.88976377952756 en
970.0787401574803 4370.078740157481 277.1653543307087 81.88976377952756 1819
1143.3070866141732 4370.078740157481 277.1653543307087 81.88976377952756 pour
1316.5354330708662 4370.078740157481 311.81102362204723 81.88976377952756 crime
1524.4094488188975 4370.078740157481 207.8740157480315 81.88976377952756 de
1595.275590551181 4370.078740157481 346.45669291338584 81.88976377952756 bigamie.

388.9763779527559 4453.543307086614 165.35433070866142 67.71653543307086 L.
470.86614173228344 4453.543307086614 220.4724409448819 67.71653543307086 aut.
607.8740157480315 4453.543307086614 220.4724409448819 67.71653543307086 sig.
746.4566929133858 4453.543307086614 137.00787401574803 67.71653543307086 à
801.5748031496063 4453.543307086614 165.35433070866142 67.71653543307086 M.
883.4645669291339 4453.543307086614 330.70866141732284 67.71653543307086 Bellart,
1130.708661417323 4453.543307086614 137.00787401574803 67.71653543307086 à
1185.8267716535433 4453.543307086614 330.70866141732284 67.71653543307086 Bicêtre.
1434.6456692913387 4453.543307086614 165.35433070866142 67.71653543307086 25
1516.5354330708662 4453.543307086614 247.24409448818898 67.71653543307086 avril
1681.8897637795276 4453.543307086614 247.24409448818898 67.71653543307086 1822,
1847.244094488189 4453.543307086614 137.00787401574803 67.71653543307086 1
1902.3622047244094 4453.543307086614 165.35433070866142 67.71653543307086 p.
1984.251968503937 4453.543307086614 192.1259842519685 67.71653543307086 pl.
2067.716535433071 4453.543307086614 192.1259842519685 67.71653543307086 in

365.3543307086614 4513.385826771653 225.1968503937008 66.14173228346456 Étant
516.5354330708661 4513.385826771653 475.59055118110234 66.14173228346456 très-souffrant,
916.5354330708661 4513.385826771653 149.60629921259843 66.14173228346456 il
992.1259842519685 4513.385826771653 275.59055118110234 66.14173228346456 demande
1192.1259842519685 4513.385826771653 125.98425196850394 66.14173228346456 à
1242.5196850393702 4513.385826771653 200.0 66.14173228346456 être
1366.9291338582677 4513.385826771653 325.98425196850394 66.14173228346456 transféré
1617.3228346456692 4513.385826771653 200.0 66.14173228346456 dans
1743.3070866141732 4513.385826771653 174.8031496062992 66.14173228346456 une
1844.0944881889764 4513.385826771653 250.39370078740157 66.14173228346456 maison
2018.8976377952756 4513.385826771653 149.60629921259843 66.14173228346456 de
2069.2913385826773 4513.385826771653 200.0 66.14173228346456 santé.
