<?xml-stylesheet type="text/xsl" href="remove_tags.xsl"?>
<alto xmlns:xsi="http://www.w3.org/2001/XMLSchema-instance" xmlns="http://www.loc.gov/standards/alto/ns-v2#" xmlns:page="http://schema.primaresearch.org/PAGE/gts/pagecontent/2013-07-15" xsi:schemaLocation="http://www.loc.gov/standards/alto/ns-v2# http://www.loc.gov/standards/alto/alto.xsd">
  <Description>
    <MeasurementUnit>pixel</MeasurementUnit>
    <sourceImageInformation>
         <fileName>2.xml</fileName>
      </sourceImageInformation>
    <OCRProcessing ID="IdOcr">
      <ocrProcessingStep>
        <processingDateTime>2020-05-13T10:40:40.394+02:00</processingDateTime>
        <processingSoftware>
               <softwareCreator>CONTRIBUTORS</softwareCreator>
               <softwareName>pdfalto</softwareName>
               <softwareVersion>0.1</softwareVersion>
            </processingSoftware>
      </ocrProcessingStep>
    </OCRProcessing>
  </Description>
  <Styles>
     <TextStyle ID="FONT0" FONTFAMILY="unknown" FONTSIZE="unknown" FONTTYPE="unknown" FONTWIDTH="unknown" FONTCOLOR="unknown" FONTSTYLE=""/>
     <TextStyle ID="FONT1" FONTFAMILY="unknown" FONTSIZE="unknown" FONTTYPE="unknown" FONTWIDTH="unknown" FONTCOLOR="unknown" FONTSTYLE="bold"/>
     <TextStyle ID="FONT2" FONTFAMILY="unknown" FONTSIZE="unknown" FONTTYPE="unknown" FONTWIDTH="unknown" FONTCOLOR="unknown" FONTSTYLE="italics"/>
</Styles>
  <Tags/>
  <Layout>
    <Page ID="Page1" PHYSICAL_IMG_NR="1" HEIGHT="5870.866141732284" WIDTH="3590.551181102362">
      <PrintSpace HEIGHT="5097.63779527559" WIDTH="3371.6535433070867" VPOS="159.0551181102362" HPOS="174.8031496062992">
        <TextBlock ID="r_1_1" HEIGHT="107.08661417322834" WIDTH="1376.3779527559054" VPOS="1285.0393700787401" HPOS="1404.724409448819">
          <TextLine ID="tl_1" BASELINE="883" HEIGHT="103.93700787401575" WIDTH="1373.2283464566929" VPOS="1286.6141732283465" HPOS="1406.2992125984251">
            <String HEIGHT="103.93700787401575" WIDTH="633.0708661417323" VPOS="1286.6141732283465" HPOS="1352.755905511811" CONTENT="ORDRE" ID="tl_1_1" STYLEREFS="FONT1"/>
            <SP HEIGHT="103.93700787401575" WIDTH="53.54330708661417" VPOS="1286.6141732283465" HPOS="1987.4015748031495"/>
            <String HEIGHT="103.93700787401575" WIDTH="370.0787401574803" VPOS="1286.6141732283465" HPOS="1828.3464566929133" CONTENT="DES" ID="tl_1_2" STYLEREFS="FONT1"/>
            <SP HEIGHT="103.93700787401575" WIDTH="53.54330708661417" VPOS="1286.6141732283465" HPOS="2198.4251968503936"/>
            <String HEIGHT="103.93700787401575" WIDTH="792.1259842519685" VPOS="1286.6141732283465" HPOS="1987.4015748031495" CONTENT="VACATIONS" ID="tl_1_3" STYLEREFS="FONT1"/>
          </TextLine>
        </TextBlock>
        <TextBlock ID="r_2_1" HEIGHT="215.748031496063" WIDTH="957.4803149606299" VPOS="1811.023622047244" HPOS="1634.6456692913387">
          <TextLine ID="tl_2" BASELINE="1201" HEIGHT="78.74015748031496" WIDTH="708.6614173228346" VPOS="1812.5984251968505" HPOS="1755.9055118110236">
            <String HEIGHT="78.74015748031496" WIDTH="303.93700787401576" VPOS="1812.5984251968505" HPOS="1730.708661417323" CONTENT="Jeudi" ID="tl_2_1" STYLEREFS="FONT2"/>
            <SP HEIGHT="78.74015748031496" WIDTH="25.19685039370079" VPOS="1812.5984251968505" HPOS="2034.6456692913387"/>
            <String HEIGHT="78.74015748031496" WIDTH="125.98425196850394" VPOS="1812.5984251968505" HPOS="1959.0551181102362" CONTENT="5" ID="tl_2_2" STYLEREFS="FONT2"/>
            <SP HEIGHT="78.74015748031496" WIDTH="25.19685039370079" VPOS="1812.5984251968505" HPOS="2085.0393700787404"/>
            <String HEIGHT="78.74015748031496" WIDTH="278.74015748031496" VPOS="1812.5984251968505" HPOS="2009.4488188976377" CONTENT="février" ID="tl_2_3" STYLEREFS="FONT2"/>
            <SP HEIGHT="78.74015748031496" WIDTH="25.19685039370079" VPOS="1812.5984251968505" HPOS="2288.1889763779527"/>
            <String HEIGHT="78.74015748031496" WIDTH="278.74015748031496" VPOS="1812.5984251968505" HPOS="2185.8267716535433" CONTENT="1857." ID="tl_2_4" STYLEREFS="FONT2"/>
          </TextLine>
          <TextLine ID="tl_3" BASELINE="1286" HEIGHT="78.74015748031496" WIDTH="954.3307086614174" VPOS="1946.4566929133857" HPOS="1636.2204724409448">
            <String HEIGHT="78.74015748031496" WIDTH="551.1811023622047" VPOS="1946.4566929133857" HPOS="1600.0" CONTENT="Autographes" ID="tl_3_1" STYLEREFS="FONT0"/>
            <SP HEIGHT="78.74015748031496" WIDTH="36.22047244094488" VPOS="1946.4566929133857" HPOS="2149.6062992125985"/>
            <String HEIGHT="78.74015748031496" WIDTH="220.4724409448819" VPOS="1946.4566929133857" HPOS="2039.3700787401574" CONTENT="de" ID="tl_3_2" STYLEREFS="FONT0"/>
            <SP HEIGHT="78.74015748031496" WIDTH="36.22047244094488" VPOS="1946.4566929133857" HPOS="2259.8425196850394"/>
            <String HEIGHT="78.74015748031496" WIDTH="184.251968503937" VPOS="1946.4566929133857" HPOS="2149.6062992125985" CONTENT="1" ID="tl_3_3" STYLEREFS="FONT0"/>
            <SP HEIGHT="78.74015748031496" WIDTH="36.22047244094488" VPOS="1946.4566929133857" HPOS="2333.8582677165355"/>
            <String HEIGHT="78.74015748031496" WIDTH="184.251968503937" VPOS="1946.4566929133857" HPOS="2223.6220472440946" CONTENT="à" ID="tl_3_4" STYLEREFS="FONT0"/>
            <SP HEIGHT="78.74015748031496" WIDTH="36.22047244094488" VPOS="1946.4566929133857" HPOS="2406.299212598425"/>
            <String HEIGHT="78.74015748031496" WIDTH="220.4724409448819" VPOS="1946.4566929133857" HPOS="2297.6377952755906" CONTENT="la" ID="tl_3_5" STYLEREFS="FONT0"/>
            <SP HEIGHT="78.74015748031496" WIDTH="36.22047244094488" VPOS="1946.4566929133857" HPOS="2516.535433070866"/>
            <String HEIGHT="78.74015748031496" WIDTH="220.4724409448819" VPOS="1946.4566929133857" HPOS="2370.0787401574803" CONTENT="fin." ID="tl_3_6" STYLEREFS="FONT0"/>
          </TextLine>
        </TextBlock>
        <TextBlock ID="r_2_2" HEIGHT="196.8503937007874" WIDTH="685.0393700787401" VPOS="2133.8582677165355" HPOS="1785.8267716535433">
          <TextLine ID="tl_4" BASELINE="1403" HEIGHT="74.01574803149606" WIDTH="603.1496062992126" VPOS="2135.433070866142" HPOS="1812.5984251968505">
            <String HEIGHT="74.01574803149606" WIDTH="348.0314960629921" VPOS="2135.433070866142" HPOS="1788.976377952756" CONTENT="Vendredi" ID="tl_4_1" STYLEREFS="FONT2"/>
            <SP HEIGHT="74.01574803149606" WIDTH="23.62204724409449" VPOS="2135.433070866142" HPOS="2137.0078740157483"/>
            <String HEIGHT="74.01574803149606" WIDTH="116.53543307086615" VPOS="2135.433070866142" HPOS="2067.716535433071" CONTENT="6" ID="tl_4_2" STYLEREFS="FONT2"/>
            <SP HEIGHT="74.01574803149606" WIDTH="23.62204724409449" VPOS="2135.433070866142" HPOS="2184.251968503937"/>
            <String HEIGHT="74.01574803149606" WIDTH="324.40944881889766" VPOS="2135.433070866142" HPOS="2091.3385826771655" CONTENT="février." ID="tl_4_3" STYLEREFS="FONT2"/>
          </TextLine>
          <TextLine ID="tl_5" BASELINE="1479" HEIGHT="64.56692913385827" WIDTH="681.8897637795276" VPOS="2264.566929133858" HPOS="1787.4015748031495">
            <String HEIGHT="64.56692913385827" WIDTH="379.5275590551181" VPOS="2264.566929133858" HPOS="1749.6062992125985" CONTENT="Livres" ID="tl_5_1" STYLEREFS="FONT0"/>
            <SP HEIGHT="64.56692913385827" WIDTH="37.79527559055118" VPOS="2264.566929133858" HPOS="2129.1338582677167"/>
            <String HEIGHT="64.56692913385827" WIDTH="226.77165354330708" VPOS="2264.566929133858" HPOS="2014.1732283464567" CONTENT="de" ID="tl_5_2" STYLEREFS="FONT0"/>
            <SP HEIGHT="64.56692913385827" WIDTH="37.79527559055118" VPOS="2264.566929133858" HPOS="2242.51968503937"/>
            <String HEIGHT="64.56692913385827" WIDTH="188.9763779527559" VPOS="2264.566929133858" HPOS="2129.1338582677167" CONTENT="1" ID="tl_5_3" STYLEREFS="FONT0"/>
            <SP HEIGHT="64.56692913385827" WIDTH="37.79527559055118" VPOS="2264.566929133858" HPOS="2318.1102362204724"/>
            <String HEIGHT="64.56692913385827" WIDTH="188.9763779527559" VPOS="2264.566929133858" HPOS="2204.7244094488187" CONTENT="à" ID="tl_5_4" STYLEREFS="FONT0"/>
            <SP HEIGHT="64.56692913385827" WIDTH="37.79527559055118" VPOS="2264.566929133858" HPOS="2393.700787401575"/>
            <String HEIGHT="64.56692913385827" WIDTH="226.77165354330708" VPOS="2264.566929133858" HPOS="2242.51968503937" CONTENT="138." ID="tl_5_5" STYLEREFS="FONT0"/>
          </TextLine>
        </TextBlock>
        <TextBlock ID="r_2_3" HEIGHT="78.74015748031496" WIDTH="540.1574803149606" VPOS="2450.3937007874015" HPOS="1836.2204724409448">
          <TextLine ID="tl_6" BASELINE="1605" HEIGHT="75.59055118110236" WIDTH="537.007874015748" VPOS="2451.968503937008" HPOS="1837.7952755905512">
            <String HEIGHT="75.59055118110236" WIDTH="291.33858267716533" VPOS="2451.968503937008" HPOS="1815.748031496063" CONTENT="Samedi" ID="tl_6_1" STYLEREFS="FONT2"/>
            <SP HEIGHT="75.59055118110236" WIDTH="22.04724409448819" VPOS="2451.968503937008" HPOS="2107.0866141732286"/>
            <String HEIGHT="75.59055118110236" WIDTH="111.81102362204724" VPOS="2451.968503937008" HPOS="2039.3700787401574" CONTENT="7" ID="tl_6_2" STYLEREFS="FONT2"/>
            <SP HEIGHT="75.59055118110236" WIDTH="22.04724409448819" VPOS="2451.968503937008" HPOS="2151.181102362205"/>
            <String HEIGHT="75.59055118110236" WIDTH="313.38582677165357" VPOS="2451.968503937008" HPOS="2061.417322834646" CONTENT="février." ID="tl_6_3" STYLEREFS="FONT2"/>
          </TextLine>
        </TextBlock>
        <TextBlock ID="r_2_4" HEIGHT="67.71653543307086" WIDTH="735.4330708661417" VPOS="2584.251968503937" HPOS="1751.1811023622047">
          <TextLine ID="tl_7" BASELINE="1683" HEIGHT="64.56692913385827" WIDTH="732.2834645669292" VPOS="2585.8267716535433" HPOS="1752.755905511811">
            <String HEIGHT="64.56692913385827" WIDTH="318.1102362204724" VPOS="2585.8267716535433" HPOS="1721.259842519685" CONTENT="Livres" ID="tl_7_1" STYLEREFS="FONT0"/>
            <SP HEIGHT="64.56692913385827" WIDTH="31.496062992125985" VPOS="2585.8267716535433" HPOS="2039.3700787401574"/>
            <String HEIGHT="64.56692913385827" WIDTH="190.5511811023622" VPOS="2585.8267716535433" HPOS="1943.3070866141732" CONTENT="de" ID="tl_7_2" STYLEREFS="FONT0"/>
            <SP HEIGHT="64.56692913385827" WIDTH="31.496062992125985" VPOS="2585.8267716535433" HPOS="2135.433070866142"/>
            <String HEIGHT="64.56692913385827" WIDTH="223.6220472440945" VPOS="2585.8267716535433" HPOS="2039.3700787401574" CONTENT="139" ID="tl_7_3" STYLEREFS="FONT0"/>
            <SP HEIGHT="64.56692913385827" WIDTH="31.496062992125985" VPOS="2585.8267716535433" HPOS="2261.417322834646"/>
            <String HEIGHT="64.56692913385827" WIDTH="159.0551181102362" VPOS="2585.8267716535433" HPOS="2166.9291338582675" CONTENT="à" ID="tl_7_4" STYLEREFS="FONT0"/>
            <SP HEIGHT="64.56692913385827" WIDTH="31.496062992125985" VPOS="2585.8267716535433" HPOS="2325.984251968504"/>
            <String HEIGHT="64.56692913385827" WIDTH="190.5511811023622" VPOS="2585.8267716535433" HPOS="2229.9212598425197" CONTENT="la" ID="tl_7_5" STYLEREFS="FONT0"/>
            <SP HEIGHT="64.56692913385827" WIDTH="31.496062992125985" VPOS="2585.8267716535433" HPOS="2422.047244094488"/>
            <String HEIGHT="64.56692913385827" WIDTH="190.5511811023622" VPOS="2585.8267716535433" HPOS="2294.488188976378" CONTENT="fin." ID="tl_7_6" STYLEREFS="FONT0"/>
          </TextLine>
        </TextBlock>
        <TextBlock ID="r_4_1" HEIGHT="88.18897637795276" WIDTH="255.11811023622047" VPOS="3102.3622047244094" HPOS="1993.7007874015749">
          <TextLine ID="tl_8" BASELINE="2025" HEIGHT="85.03937007874016" WIDTH="251.96850393700788" VPOS="3103.9370078740158" HPOS="1995.275590551181">
            <String HEIGHT="85.03937007874016" WIDTH="352.755905511811" VPOS="3103.9370078740158" HPOS="1894.4881889763778" CONTENT="AVIS." ID="tl_8_1" STYLEREFS="FONT0"/>
          </TextLine>
        </TextBlock>
        <TextBlock ID="r_4_2" HEIGHT="193.70078740157481" WIDTH="2354.3307086614172" VPOS="3360.6299212598424" HPOS="940.1574803149606">
          <TextLine ID="tl_9" BASELINE="2190" HEIGHT="86.61417322834646" WIDTH="2277.165354330709" VPOS="3362.2047244094488" HPOS="1015.7480314960629">
            <String HEIGHT="86.61417322834646" WIDTH="209.4488188976378" VPOS="3362.2047244094488" HPOS="981.1023622047244" CONTENT="Il" ID="tl_9_1" STYLEREFS="FONT0"/>
            <SP HEIGHT="86.61417322834646" WIDTH="34.645669291338585" VPOS="3362.2047244094488" HPOS="1190.5511811023623"/>
            <String HEIGHT="86.61417322834646" WIDTH="174.8031496062992" VPOS="3362.2047244094488" HPOS="1085.0393700787401" CONTENT="y" ID="tl_9_2" STYLEREFS="FONT0"/>
            <SP HEIGHT="86.61417322834646" WIDTH="34.645669291338585" VPOS="3362.2047244094488" HPOS="1261.4173228346456"/>
            <String HEIGHT="86.61417322834646" WIDTH="314.96062992125985" VPOS="3362.2047244094488" HPOS="1155.9055118110236" CONTENT="aura," ID="tl_9_3" STYLEREFS="FONT0"/>
            <SP HEIGHT="86.61417322834646" WIDTH="34.645669291338585" VPOS="3362.2047244094488" HPOS="1470.8661417322835"/>
            <String HEIGHT="86.61417322834646" WIDTH="349.6062992125984" VPOS="3362.2047244094488" HPOS="1365.3543307086613" CONTENT="chaque" ID="tl_9_4" STYLEREFS="FONT0"/>
            <SP HEIGHT="86.61417322834646" WIDTH="34.645669291338585" VPOS="3362.2047244094488" HPOS="1716.5354330708662"/>
            <String HEIGHT="86.61417322834646" WIDTH="280.31496062992125" VPOS="3362.2047244094488" HPOS="1611.023622047244" CONTENT="jour" ID="tl_9_5" STYLEREFS="FONT0"/>
            <SP HEIGHT="86.61417322834646" WIDTH="34.645669291338585" VPOS="3362.2047244094488" HPOS="1891.3385826771653"/>
            <String HEIGHT="86.61417322834646" WIDTH="209.4488188976378" VPOS="3362.2047244094488" HPOS="1785.8267716535433" CONTENT="de" ID="tl_9_6" STYLEREFS="FONT0"/>
            <SP HEIGHT="86.61417322834646" WIDTH="34.645669291338585" VPOS="3362.2047244094488" HPOS="1996.8503937007874"/>
            <String HEIGHT="86.61417322834646" WIDTH="349.6062992125984" VPOS="3362.2047244094488" HPOS="1891.3385826771653" CONTENT="Vente," ID="tl_9_7" STYLEREFS="FONT0"/>
            <SP HEIGHT="86.61417322834646" WIDTH="34.645669291338585" VPOS="3362.2047244094488" HPOS="2242.51968503937"/>
            <String HEIGHT="86.61417322834646" WIDTH="209.4488188976378" VPOS="3362.2047244094488" HPOS="2137.0078740157483" CONTENT="de" ID="tl_9_8" STYLEREFS="FONT0"/>
            <SP HEIGHT="86.61417322834646" WIDTH="34.645669291338585" VPOS="3362.2047244094488" HPOS="2346.4566929133857"/>
            <String HEIGHT="86.61417322834646" WIDTH="245.66929133858267" VPOS="3362.2047244094488" HPOS="2242.51968503937" CONTENT="une" ID="tl_9_9" STYLEREFS="FONT0"/>
            <SP HEIGHT="86.61417322834646" WIDTH="34.645669291338585" VPOS="3362.2047244094488" HPOS="2486.6141732283463"/>
            <String HEIGHT="86.61417322834646" WIDTH="314.96062992125985" VPOS="3362.2047244094488" HPOS="2382.6771653543306" CONTENT="heure" ID="tl_9_10" STYLEREFS="FONT0"/>
            <SP HEIGHT="86.61417322834646" WIDTH="34.645669291338585" VPOS="3362.2047244094488" HPOS="2697.6377952755906"/>
            <String HEIGHT="86.61417322834646" WIDTH="174.8031496062992" VPOS="3362.2047244094488" HPOS="2592.1259842519685" CONTENT="à" ID="tl_9_11" STYLEREFS="FONT0"/>
            <SP HEIGHT="86.61417322834646" WIDTH="34.645669291338585" VPOS="3362.2047244094488" HPOS="2766.9291338582675"/>
            <String HEIGHT="86.61417322834646" WIDTH="349.6062992125984" VPOS="3362.2047244094488" HPOS="2662.9921259842517" CONTENT="trois," ID="tl_9_12" STYLEREFS="FONT0"/>
            <SP HEIGHT="86.61417322834646" WIDTH="34.645669291338585" VPOS="3362.2047244094488" HPOS="3012.5984251968503"/>
            <String HEIGHT="86.61417322834646" WIDTH="420.4724409448819" VPOS="3362.2047244094488" HPOS="2872.4409448818897" CONTENT="Exposition" ID="tl_9_13" STYLEREFS="FONT0"/>
          </TextLine>
          <TextLine ID="tl_10" BASELINE="2256" HEIGHT="77.16535433070867" WIDTH="1913.3858267716535" VPOS="3475.5905511811025" HPOS="941.7322834645669">
            <String HEIGHT="77.16535433070867" WIDTH="239.37007874015748" VPOS="3475.5905511811025" HPOS="907.0866141732283" CONTENT="des" ID="tl_10_1" STYLEREFS="FONT0"/>
            <SP HEIGHT="77.16535433070867" WIDTH="34.645669291338585" VPOS="3475.5905511811025" HPOS="1146.4566929133857"/>
            <String HEIGHT="77.16535433070867" WIDTH="511.81102362204723" VPOS="3475.5905511811025" HPOS="1044.0944881889764" CONTENT="Autographes" ID="tl_10_2" STYLEREFS="FONT0"/>
            <SP HEIGHT="77.16535433070867" WIDTH="34.645669291338585" VPOS="3475.5905511811025" HPOS="1557.4803149606298"/>
            <String HEIGHT="77.16535433070867" WIDTH="204.7244094488189" VPOS="3475.5905511811025" HPOS="1453.5433070866143" CONTENT="et" ID="tl_10_3" STYLEREFS="FONT0"/>
            <SP HEIGHT="77.16535433070867" WIDTH="34.645669291338585" VPOS="3475.5905511811025" HPOS="1659.8425196850394"/>
            <String HEIGHT="77.16535433070867" WIDTH="239.37007874015748" VPOS="3475.5905511811025" HPOS="1557.4803149606298" CONTENT="des" ID="tl_10_4" STYLEREFS="FONT0"/>
            <SP HEIGHT="77.16535433070867" WIDTH="34.645669291338585" VPOS="3475.5905511811025" HPOS="1795.275590551181"/>
            <String HEIGHT="77.16535433070867" WIDTH="341.73228346456693" VPOS="3475.5905511811025" HPOS="1692.9133858267717" CONTENT="Livres" ID="tl_10_5" STYLEREFS="FONT0"/>
            <SP HEIGHT="77.16535433070867" WIDTH="34.645669291338585" VPOS="3475.5905511811025" HPOS="2034.6456692913387"/>
            <String HEIGHT="77.16535433070867" WIDTH="239.37007874015748" VPOS="3475.5905511811025" HPOS="1932.283464566929" CONTENT="qui" ID="tl_10_6" STYLEREFS="FONT0"/>
            <SP HEIGHT="77.16535433070867" WIDTH="34.645669291338585" VPOS="3475.5905511811025" HPOS="2171.6535433070867"/>
            <String HEIGHT="77.16535433070867" WIDTH="341.73228346456693" VPOS="3475.5905511811025" HPOS="2069.2913385826773" CONTENT="seront" ID="tl_10_7" STYLEREFS="FONT0"/>
            <SP HEIGHT="77.16535433070867" WIDTH="34.645669291338585" VPOS="3475.5905511811025" HPOS="2411.0236220472443"/>
            <String HEIGHT="77.16535433070867" WIDTH="341.73228346456693" VPOS="3475.5905511811025" HPOS="2308.6614173228345" CONTENT="vendus" ID="tl_10_8" STYLEREFS="FONT0"/>
            <SP HEIGHT="77.16535433070867" WIDTH="34.645669291338585" VPOS="3475.5905511811025" HPOS="2650.3937007874015"/>
            <String HEIGHT="77.16535433070867" WIDTH="204.7244094488189" VPOS="3475.5905511811025" HPOS="2548.031496062992" CONTENT="le" ID="tl_10_9" STYLEREFS="FONT0"/>
            <SP HEIGHT="77.16535433070867" WIDTH="34.645669291338585" VPOS="3475.5905511811025" HPOS="2752.755905511811"/>
            <String HEIGHT="77.16535433070867" WIDTH="239.37007874015748" VPOS="3475.5905511811025" HPOS="2615.748031496063" CONTENT="soir." ID="tl_10_10" STYLEREFS="FONT0"/>
          </TextLine>
        </TextBlock>
        <TextBlock ID="r_4_3" HEIGHT="83.46456692913385" WIDTH="2078.740157480315" VPOS="3606.299212598425" HPOS="1015.7480314960629">
          <TextLine ID="tl_11" BASELINE="2342" HEIGHT="80.31496062992126" WIDTH="2075.5905511811025" VPOS="3607.8740157480315" HPOS="1017.3228346456693">
            <String HEIGHT="80.31496062992126" WIDTH="226.77165354330708" VPOS="3607.8740157480315" HPOS="979.5275590551181" CONTENT="On" ID="tl_11_1" STYLEREFS="FONT0"/>
            <SP HEIGHT="80.31496062992126" WIDTH="37.79527559055118" VPOS="3607.8740157480315" HPOS="1206.2992125984251"/>
            <String HEIGHT="80.31496062992126" WIDTH="302.3622047244094" VPOS="3607.8740157480315" HPOS="1092.9133858267717" CONTENT="aura" ID="tl_11_2" STYLEREFS="FONT0"/>
            <SP HEIGHT="80.31496062992126" WIDTH="37.79527559055118" VPOS="3607.8740157480315" HPOS="1395.275590551181"/>
            <String HEIGHT="80.31496062992126" WIDTH="302.3622047244094" VPOS="3607.8740157480315" HPOS="1281.8897637795276" CONTENT="huit" ID="tl_11_3" STYLEREFS="FONT0"/>
            <SP HEIGHT="80.31496062992126" WIDTH="37.79527559055118" VPOS="3607.8740157480315" HPOS="1582.6771653543308"/>
            <String HEIGHT="80.31496062992126" WIDTH="340.15748031496065" VPOS="3607.8740157480315" HPOS="1470.8661417322835" CONTENT="jours" ID="tl_11_4" STYLEREFS="FONT0"/>
            <SP HEIGHT="80.31496062992126" WIDTH="37.79527559055118" VPOS="3607.8740157480315" HPOS="1809.4488188976377"/>
            <String HEIGHT="80.31496062992126" WIDTH="302.3622047244094" VPOS="3607.8740157480315" HPOS="1696.0629921259842" CONTENT="pour" ID="tl_11_5" STYLEREFS="FONT0"/>
            <SP HEIGHT="80.31496062992126" WIDTH="37.79527559055118" VPOS="3607.8740157480315" HPOS="1998.4251968503936"/>
            <String HEIGHT="80.31496062992126" WIDTH="226.77165354330708" VPOS="3607.8740157480315" HPOS="1885.0393700787401" CONTENT="la" ID="tl_11_6" STYLEREFS="FONT0"/>
            <SP HEIGHT="80.31496062992126" WIDTH="37.79527559055118" VPOS="3607.8740157480315" HPOS="2111.8110236220473"/>
            <String HEIGHT="80.31496062992126" WIDTH="603.1496062992126" VPOS="3607.8740157480315" HPOS="1998.4251968503936" CONTENT="vérification" ID="tl_11_7" STYLEREFS="FONT0"/>
            <SP HEIGHT="80.31496062992126" WIDTH="37.79527559055118" VPOS="3607.8740157480315" HPOS="2601.5748031496064"/>
            <String HEIGHT="80.31496062992126" WIDTH="264.56692913385825" VPOS="3607.8740157480315" HPOS="2489.763779527559" CONTENT="des" ID="tl_11_8" STYLEREFS="FONT0"/>
            <SP HEIGHT="80.31496062992126" WIDTH="37.79527559055118" VPOS="3607.8740157480315" HPOS="2752.755905511811"/>
            <String HEIGHT="80.31496062992126" WIDTH="491.33858267716533" VPOS="3607.8740157480315" HPOS="2601.5748031496064" CONTENT="Autographes" ID="tl_11_9" STYLEREFS="FONT0"/>
          </TextLine>
        </TextBlock>
        <TextBlock ID="r_4_4" HEIGHT="81.88976377952756" WIDTH="2154.3307086614172" VPOS="3710.236220472441" HPOS="1003.1496062992126">
          <TextLine ID="tl_12" BASELINE="2407" HEIGHT="78.74015748031496" WIDTH="2151.181102362205" VPOS="3711.8110236220473" HPOS="1004.7244094488188">
            <String HEIGHT="78.74015748031496" WIDTH="239.37007874015748" VPOS="3711.8110236220473" HPOS="970.0787401574803" CONTENT="Les" ID="tl_12_1" STYLEREFS="FONT0"/>
            <SP HEIGHT="78.74015748031496" WIDTH="34.645669291338585" VPOS="3711.8110236220473" HPOS="1209.4488188976377"/>
            <String HEIGHT="78.74015748031496" WIDTH="478.74015748031496" VPOS="3711.8110236220473" HPOS="1107.0866141732283" CONTENT="Acquéreurs" ID="tl_12_2" STYLEREFS="FONT0"/>
            <SP HEIGHT="78.74015748031496" WIDTH="34.645669291338585" VPOS="3711.8110236220473" HPOS="1585.8267716535433"/>
            <String HEIGHT="78.74015748031496" WIDTH="409.4488188976378" VPOS="3711.8110236220473" HPOS="1483.4645669291338" CONTENT="paieront" ID="tl_12_3" STYLEREFS="FONT0"/>
            <SP HEIGHT="78.74015748031496" WIDTH="34.645669291338585" VPOS="3711.8110236220473" HPOS="1892.9133858267717"/>
            <String HEIGHT="78.74015748031496" WIDTH="170.07874015748033" VPOS="3711.8110236220473" HPOS="1790.5511811023623" CONTENT="5" ID="tl_12_4" STYLEREFS="FONT0"/>
            <SP HEIGHT="78.74015748031496" WIDTH="34.645669291338585" VPOS="3711.8110236220473" HPOS="1960.6299212598426"/>
            <String HEIGHT="78.74015748031496" WIDTH="204.7244094488189" VPOS="3711.8110236220473" HPOS="1858.267716535433" CONTENT="p." ID="tl_12_5" STYLEREFS="FONT0"/>
            <SP HEIGHT="78.74015748031496" WIDTH="34.645669291338585" VPOS="3711.8110236220473" HPOS="2062.9921259842517"/>
            <String HEIGHT="78.74015748031496" WIDTH="239.37007874015748" VPOS="3711.8110236220473" HPOS="1960.6299212598426" CONTENT="100" ID="tl_12_6" STYLEREFS="FONT0"/>
            <SP HEIGHT="78.74015748031496" WIDTH="34.645669291338585" VPOS="3711.8110236220473" HPOS="2200.0"/>
            <String HEIGHT="78.74015748031496" WIDTH="204.7244094488189" VPOS="3711.8110236220473" HPOS="2097.6377952755906" CONTENT="en" ID="tl_12_7" STYLEREFS="FONT0"/>
            <SP HEIGHT="78.74015748031496" WIDTH="34.645669291338585" VPOS="3711.8110236220473" HPOS="2302.3622047244094"/>
            <String HEIGHT="78.74015748031496" WIDTH="239.37007874015748" VPOS="3711.8110236220473" HPOS="2200.0" CONTENT="sus" ID="tl_12_8" STYLEREFS="FONT0"/>
            <SP HEIGHT="78.74015748031496" WIDTH="34.645669291338585" VPOS="3711.8110236220473" HPOS="2439.3700787401576"/>
            <String HEIGHT="78.74015748031496" WIDTH="204.7244094488189" VPOS="3711.8110236220473" HPOS="2337.0078740157483" CONTENT="du" ID="tl_12_9" STYLEREFS="FONT0"/>
            <SP HEIGHT="78.74015748031496" WIDTH="34.645669291338585" VPOS="3711.8110236220473" HPOS="2541.732283464567"/>
            <String HEIGHT="78.74015748031496" WIDTH="272.4409448818898" VPOS="3711.8110236220473" HPOS="2439.3700787401576" CONTENT="prix" ID="tl_12_10" STYLEREFS="FONT0"/>
            <SP HEIGHT="78.74015748031496" WIDTH="34.645669291338585" VPOS="3711.8110236220473" HPOS="2711.8110236220473"/>
            <String HEIGHT="78.74015748031496" WIDTH="581.1023622047244" VPOS="3711.8110236220473" HPOS="2574.803149606299" CONTENT="d’adjudication." ID="tl_12_11" STYLEREFS="FONT0"/>
          </TextLine>
        </TextBlock>
        <TextBlock ID="r_4_5" HEIGHT="288.18897637795277" WIDTH="2354.3307086614172" VPOS="3840.9448818897636" HPOS="943.3070866141733">
          <TextLine ID="tl_13" BASELINE="2486" HEIGHT="72.44094488188976" WIDTH="2277.165354330709" VPOS="3842.51968503937" HPOS="1017.3228346456693">
            <String HEIGHT="72.44094488188976" WIDTH="228.3464566929134" VPOS="3842.51968503937" HPOS="979.5275590551181" CONTENT="Le" ID="tl_13_1" STYLEREFS="FONT0"/>
            <SP HEIGHT="72.44094488188976" WIDTH="37.79527559055118" VPOS="3842.51968503937" HPOS="1206.2992125984251"/>
            <String HEIGHT="72.44094488188976" WIDTH="379.5275590551181" VPOS="3842.51968503937" HPOS="1092.9133858267717" CONTENT="Samedi" ID="tl_13_2" STYLEREFS="FONT0"/>
            <SP HEIGHT="72.44094488188976" WIDTH="37.79527559055118" VPOS="3842.51968503937" HPOS="1472.4409448818897"/>
            <String HEIGHT="72.44094488188976" WIDTH="190.5511811023622" VPOS="3842.51968503937" HPOS="1359.0551181102362" CONTENT="7" ID="tl_13_3" STYLEREFS="FONT0"/>
            <SP HEIGHT="72.44094488188976" WIDTH="37.79527559055118" VPOS="3842.51968503937" HPOS="1548.0314960629921"/>
            <String HEIGHT="72.44094488188976" WIDTH="455.11811023622045" VPOS="3842.51968503937" HPOS="1434.6456692913387" CONTENT="février," ID="tl_13_4" STYLEREFS="FONT0"/>
            <SP HEIGHT="72.44094488188976" WIDTH="37.79527559055118" VPOS="3842.51968503937" HPOS="1889.763779527559"/>
            <String HEIGHT="72.44094488188976" WIDTH="228.3464566929134" VPOS="3842.51968503937" HPOS="1776.3779527559054" CONTENT="au" ID="tl_13_5" STYLEREFS="FONT0"/>
            <SP HEIGHT="72.44094488188976" WIDTH="37.79527559055118" VPOS="3842.51968503937" HPOS="2004.724409448819"/>
            <String HEIGHT="72.44094488188976" WIDTH="607.8740157480315" VPOS="3842.51968503937" HPOS="1889.763779527559" CONTENT="commencement" ID="tl_13_6" STYLEREFS="FONT0"/>
            <SP HEIGHT="72.44094488188976" WIDTH="37.79527559055118" VPOS="3842.51968503937" HPOS="2497.6377952755906"/>
            <String HEIGHT="72.44094488188976" WIDTH="228.3464566929134" VPOS="3842.51968503937" HPOS="2384.251968503937" CONTENT="de" ID="tl_13_7" STYLEREFS="FONT0"/>
            <SP HEIGHT="72.44094488188976" WIDTH="37.79527559055118" VPOS="3842.51968503937" HPOS="2611.0236220472443"/>
            <String HEIGHT="72.44094488188976" WIDTH="228.3464566929134" VPOS="3842.51968503937" HPOS="2497.6377952755906" CONTENT="la" ID="tl_13_8" STYLEREFS="FONT0"/>
            <SP HEIGHT="72.44094488188976" WIDTH="37.79527559055118" VPOS="3842.51968503937" HPOS="2725.984251968504"/>
            <String HEIGHT="72.44094488188976" WIDTH="492.9133858267717" VPOS="3842.51968503937" HPOS="2611.0236220472443" CONTENT="Vacation," ID="tl_13_9" STYLEREFS="FONT0"/>
            <SP HEIGHT="72.44094488188976" WIDTH="37.79527559055118" VPOS="3842.51968503937" HPOS="3105.511811023622"/>
            <String HEIGHT="72.44094488188976" WIDTH="228.3464566929134" VPOS="3842.51968503937" HPOS="2990.551181102362" CONTENT="il" ID="tl_13_10" STYLEREFS="FONT0"/>
            <SP HEIGHT="72.44094488188976" WIDTH="37.79527559055118" VPOS="3842.51968503937" HPOS="3218.8976377952754"/>
            <String HEIGHT="72.44094488188976" WIDTH="228.3464566929134" VPOS="3842.51968503937" HPOS="3066.1417322834645" CONTENT="sera" ID="tl_13_11" STYLEREFS="FONT0"/>
          </TextLine>
          <TextLine ID="tl_14" BASELINE="2555" HEIGHT="75.59055118110236" WIDTH="2351.181102362205" VPOS="3948.031496062992" HPOS="944.8818897637796">
            <String HEIGHT="75.59055118110236" WIDTH="352.755905511811" VPOS="3948.031496062992" HPOS="905.511811023622" CONTENT="vendu" ID="tl_14_1" STYLEREFS="FONT0"/>
            <SP HEIGHT="75.59055118110236" WIDTH="39.37007874015748" VPOS="3948.031496062992" HPOS="1258.267716535433"/>
            <String HEIGHT="75.59055118110236" WIDTH="431.496062992126" VPOS="3948.031496062992" HPOS="1140.1574803149606" CONTENT="environ" ID="tl_14_2" STYLEREFS="FONT0"/>
            <SP HEIGHT="75.59055118110236" WIDTH="39.37007874015748" VPOS="3948.031496062992" HPOS="1571.6535433070867"/>
            <String HEIGHT="75.59055118110236" WIDTH="274.01574803149606" VPOS="3948.031496062992" HPOS="1453.5433070866143" CONTENT="500" ID="tl_14_3" STYLEREFS="FONT0"/>
            <SP HEIGHT="75.59055118110236" WIDTH="39.37007874015748" VPOS="3948.031496062992" HPOS="1729.1338582677165"/>
            <String HEIGHT="75.59055118110236" WIDTH="431.496062992126" VPOS="3948.031496062992" HPOS="1611.023622047244" CONTENT="Volumes" ID="tl_14_4" STYLEREFS="FONT0"/>
            <SP HEIGHT="75.59055118110236" WIDTH="39.37007874015748" VPOS="3948.031496062992" HPOS="2042.5196850393702"/>
            <String HEIGHT="75.59055118110236" WIDTH="234.64566929133858" VPOS="3948.031496062992" HPOS="1924.4094488188975" CONTENT="et" ID="tl_14_5" STYLEREFS="FONT0"/>
            <SP HEIGHT="75.59055118110236" WIDTH="39.37007874015748" VPOS="3948.031496062992" HPOS="2159.0551181102364"/>
            <String HEIGHT="75.59055118110236" WIDTH="548.0314960629921" VPOS="3948.031496062992" HPOS="2042.5196850393702" CONTENT="Brochures," ID="tl_14_6" STYLEREFS="FONT0"/>
            <SP HEIGHT="75.59055118110236" WIDTH="39.37007874015748" VPOS="3948.031496062992" HPOS="2590.551181102362"/>
            <String HEIGHT="75.59055118110236" WIDTH="274.01574803149606" VPOS="3948.031496062992" HPOS="2472.4409448818897" CONTENT="que" ID="tl_14_7" STYLEREFS="FONT0"/>
            <SP HEIGHT="75.59055118110236" WIDTH="39.37007874015748" VPOS="3948.031496062992" HPOS="2748.031496062992"/>
            <String HEIGHT="75.59055118110236" WIDTH="234.64566929133858" VPOS="3948.031496062992" HPOS="2629.9212598425197" CONTENT="le" ID="tl_14_8" STYLEREFS="FONT0"/>
            <SP HEIGHT="75.59055118110236" WIDTH="39.37007874015748" VPOS="3948.031496062992" HPOS="2864.566929133858"/>
            <String HEIGHT="75.59055118110236" WIDTH="352.755905511811" VPOS="3948.031496062992" HPOS="2748.031496062992" CONTENT="temps" ID="tl_14_9" STYLEREFS="FONT0"/>
            <SP HEIGHT="75.59055118110236" WIDTH="39.37007874015748" VPOS="3948.031496062992" HPOS="3100.787401574803"/>
            <String HEIGHT="75.59055118110236" WIDTH="274.01574803149606" VPOS="3948.031496062992" HPOS="2982.6771653543306" CONTENT="n’a" ID="tl_14_10" STYLEREFS="FONT0"/>
            <SP HEIGHT="75.59055118110236" WIDTH="39.37007874015748" VPOS="3948.031496062992" HPOS="3256.6929133858266"/>
            <String HEIGHT="75.59055118110236" WIDTH="195.2755905511811" VPOS="3948.031496062992" HPOS="3100.787401574803" CONTENT="pas" ID="tl_14_11" STYLEREFS="FONT0"/>
          </TextLine>
          <TextLine ID="tl_15" BASELINE="2621" HEIGHT="77.16535433070867" WIDTH="735.4330708661417" VPOS="4050.3937007874015" HPOS="944.8818897637796">
            <String HEIGHT="77.16535433070867" WIDTH="349.6062992125984" VPOS="4050.3937007874015" HPOS="910.2362204724409" CONTENT="permis" ID="tl_15_1" STYLEREFS="FONT0"/>
            <SP HEIGHT="77.16535433070867" WIDTH="34.645669291338585" VPOS="4050.3937007874015" HPOS="1259.8425196850394"/>
            <String HEIGHT="77.16535433070867" WIDTH="209.4488188976378" VPOS="4050.3937007874015" HPOS="1154.3307086614172" CONTENT="de" ID="tl_15_2" STYLEREFS="FONT0"/>
            <SP HEIGHT="77.16535433070867" WIDTH="34.645669291338585" VPOS="4050.3937007874015" HPOS="1365.3543307086613"/>
            <String HEIGHT="77.16535433070867" WIDTH="455.11811023622045" VPOS="4050.3937007874015" HPOS="1225.1968503937007" CONTENT="cataloguer." ID="tl_15_3" STYLEREFS="FONT0"/>
          </TextLine>
        </TextBlock>
        <TextBlock ID="r_4_6" HEIGHT="166.9291338582677" WIDTH="2352.755905511811" VPOS="4182.677165354331" HPOS="943.3070866141733">
          <TextLine ID="tl_16" BASELINE="2706" HEIGHT="77.16535433070867" WIDTH="2278.740157480315" VPOS="4184.251968503937" HPOS="1015.7480314960629">
            <String HEIGHT="77.16535433070867" WIDTH="217.3228346456693" VPOS="4184.251968503937" HPOS="979.5275590551181" CONTENT="M." ID="tl_16_1" STYLEREFS="FONT0"/>
            <SP HEIGHT="77.16535433070867" WIDTH="36.22047244094488" VPOS="4184.251968503937" HPOS="1196.8503937007874"/>
            <String HEIGHT="77.16535433070867" WIDTH="470.86614173228344" VPOS="4184.251968503937" HPOS="1088.1889763779527" CONTENT="CHARAVAY," ID="tl_16_2" STYLEREFS="FONT0"/>
            <SP HEIGHT="77.16535433070867" WIDTH="36.22047244094488" VPOS="4184.251968503937" HPOS="1559.0551181102362"/>
            <String HEIGHT="77.16535433070867" WIDTH="362.20472440944883" VPOS="4184.251968503937" HPOS="1450.3937007874015" CONTENT="chargé" ID="tl_16_3" STYLEREFS="FONT0"/>
            <SP HEIGHT="77.16535433070867" WIDTH="36.22047244094488" VPOS="4184.251968503937" HPOS="1811.023622047244"/>
            <String HEIGHT="77.16535433070867" WIDTH="217.3228346456693" VPOS="4184.251968503937" HPOS="1702.3622047244094" CONTENT="de" ID="tl_16_4" STYLEREFS="FONT0"/>
            <SP HEIGHT="77.16535433070867" WIDTH="36.22047244094488" VPOS="4184.251968503937" HPOS="1919.6850393700788"/>
            <String HEIGHT="77.16535433070867" WIDTH="217.3228346456693" VPOS="4184.251968503937" HPOS="1811.023622047244" CONTENT="la" ID="tl_16_5" STYLEREFS="FONT0"/>
            <SP HEIGHT="77.16535433070867" WIDTH="36.22047244094488" VPOS="4184.251968503937" HPOS="2028.3464566929133"/>
            <String HEIGHT="77.16535433070867" WIDTH="362.20472440944883" VPOS="4184.251968503937" HPOS="1919.6850393700788" CONTENT="vente," ID="tl_16_6" STYLEREFS="FONT0"/>
            <SP HEIGHT="77.16535433070867" WIDTH="36.22047244094488" VPOS="4184.251968503937" HPOS="2281.8897637795276"/>
            <String HEIGHT="77.16535433070867" WIDTH="434.6456692913386" VPOS="4184.251968503937" HPOS="2173.228346456693" CONTENT="remplira" ID="tl_16_7" STYLEREFS="FONT0"/>
            <SP HEIGHT="77.16535433070867" WIDTH="36.22047244094488" VPOS="4184.251968503937" HPOS="2607.8740157480315"/>
            <String HEIGHT="77.16535433070867" WIDTH="253.54330708661416" VPOS="4184.251968503937" HPOS="2499.212598425197" CONTENT="les" ID="tl_16_8" STYLEREFS="FONT0"/>
            <SP HEIGHT="77.16535433070867" WIDTH="36.22047244094488" VPOS="4184.251968503937" HPOS="2751.181102362205"/>
            <String HEIGHT="77.16535433070867" WIDTH="543.3070866141733" VPOS="4184.251968503937" HPOS="2644.0944881889764" CONTENT="commissions" ID="tl_16_9" STYLEREFS="FONT0"/>
            <SP HEIGHT="77.16535433070867" WIDTH="36.22047244094488" VPOS="4184.251968503937" HPOS="3185.8267716535433"/>
            <String HEIGHT="77.16535433070867" WIDTH="253.54330708661416" VPOS="4184.251968503937" HPOS="3040.9448818897636" CONTENT="qu’on" ID="tl_16_10" STYLEREFS="FONT0"/>
          </TextLine>
          <TextLine ID="tl_17" BASELINE="2761" HEIGHT="61.41732283464567" WIDTH="800.0" VPOS="4286.614173228347" HPOS="944.8818897637796">
            <String HEIGHT="61.41732283464567" WIDTH="333.8582677165354" VPOS="4286.614173228347" HPOS="911.8110236220473" CONTENT="voudra" ID="tl_17_1" STYLEREFS="FONT0"/>
            <SP HEIGHT="61.41732283464567" WIDTH="33.07086614173228" VPOS="4286.614173228347" HPOS="1245.6692913385828"/>
            <String HEIGHT="61.41732283464567" WIDTH="266.1417322834646" VPOS="4286.614173228347" HPOS="1144.8818897637796" CONTENT="bien" ID="tl_17_2" STYLEREFS="FONT0"/>
            <SP HEIGHT="61.41732283464567" WIDTH="33.07086614173228" VPOS="4286.614173228347" HPOS="1411.023622047244"/>
            <String HEIGHT="61.41732283464567" WIDTH="233.0708661417323" VPOS="4286.614173228347" HPOS="1311.8110236220473" CONTENT="lui" ID="tl_17_3" STYLEREFS="FONT0"/>
            <SP HEIGHT="61.41732283464567" WIDTH="33.07086614173228" VPOS="4286.614173228347" HPOS="1544.8818897637796"/>
            <String HEIGHT="61.41732283464567" WIDTH="333.8582677165354" VPOS="4286.614173228347" HPOS="1411.023622047244" CONTENT="confier." ID="tl_17_4" STYLEREFS="FONT0"/>
          </TextLine>
        </TextBlock>
        <GraphicalElement ID="r_5" HEIGHT="39.37007874015748" WIDTH="1258.267716535433" VPOS="166.9291338582677" HPOS="261.4173228346457"/>
        <GraphicalElement ID="r_6" HEIGHT="14.173228346456693" WIDTH="289.76377952755905" VPOS="182.6771653543307" HPOS="2831.496062992126"/>
        <GraphicalElement ID="r_7" HEIGHT="9.448818897637794" WIDTH="489.76377952755905" VPOS="1601.5748031496064" HPOS="1866.1417322834645"/>
        <GraphicalElement ID="r_8" HEIGHT="628.3464566929134" WIDTH="11.023622047244094" VPOS="4636.220472440945" HPOS="174.8031496062992"/>
        <GraphicalElement ID="r_9" HEIGHT="459.84251968503935" WIDTH="28.346456692913385" VPOS="2866.1417322834645" HPOS="223.6220472440945"/>
        <GraphicalElement ID="r_10" HEIGHT="881.8897637795276" WIDTH="59.84251968503937" VPOS="2418.8976377952754" HPOS="3459.8425196850394"/>
        <GraphicalElement ID="r_11" HEIGHT="582.6771653543307" WIDTH="17.322834645669293" VPOS="3329.1338582677167" HPOS="3461.417322834646"/>
        <GraphicalElement ID="r_12" HEIGHT="242.51968503937007" WIDTH="9.448818897637794" VPOS="211.0236220472441" HPOS="3467.716535433071"/>
        <GraphicalElement ID="r_13" HEIGHT="447.244094488189" WIDTH="26.771653543307085" VPOS="4015.748031496063" HPOS="3469.2913385826773"/>
        <GraphicalElement ID="r_14" HEIGHT="892.9133858267717" WIDTH="48.818897637795274" VPOS="374.8031496062992" HPOS="3472.4409448818897"/>
        <GraphicalElement ID="r_15" HEIGHT="1280.3149606299212" WIDTH="34.645669291338585" VPOS="3300.787401574803" HPOS="3494.488188976378"/>
        <GraphicalElement ID="r_16" HEIGHT="1258.267716535433" WIDTH="29.921259842519685" VPOS="1511.8110236220473" HPOS="3502.3622047244094"/>
        <GraphicalElement ID="r_17" HEIGHT="160.62992125984252" WIDTH="4.724409448818897" VPOS="362.20472440944883" HPOS="3518.1102362204724"/>
        <GraphicalElement ID="r_18" HEIGHT="985.8267716535433" WIDTH="25.19685039370079" VPOS="343.3070866141732" HPOS="3521.259842519685"/>
        <GraphicalElement ID="r_19" HEIGHT="670.8661417322835" WIDTH="11.023622047244094" VPOS="4548.031496062992" HPOS="3525.984251968504"/>
      </PrintSpace>
    </Page>
  </Layout>
</alto>
