2497.6377952755906 4752.755905511811
585.8267716535433 127.55905511811024 1048.8188976377953 103.93700787401575 CATALOGUE

1067.716535433071 357.4803149606299 198.4251968503937 78.74015748031496 DE

47.24409448818898 617.3228346456693 1181.1023622047244 198.4251968503937 LETTRES
891.3385826771654 617.3228346456693 1433.0708661417323 198.4251968503937 AUTOGRAPHES

56.69291338582677 1302.3622047244094 217.3228346456693 99.21259842519684 1.
165.35433070866142 1302.3622047244094 543.3070866141733 99.21259842519684 ACADÉMIE
600.0 1302.3622047244094 651.9685039370079 99.21259842519684 FRANÇAISE.
1143.3070866141732 1302.3622047244094 253.54330708661416 99.21259842519684 Six
1288.1889763779527 1302.3622047244094 398.4251968503937 99.21259842519684 lettres
1577.9527559055118 1302.3622047244094 289.76377952755905 99.21259842519684 aut.
1722.8346456692914 1302.3622047244094 217.3228346456693 99.21259842519684 sig.

387.40157480314963 1392.1259842519685 332.2834645669291 75.59055118110236 AIGNAN.
628.3464566929134 1392.1259842519685 181.10236220472441 75.59055118110236 An
719.6850393700787 1392.1259842519685 181.10236220472441 75.59055118110236 V.
809.4488188976378 1392.1259842519685 151.1811023622047 75.59055118110236 2
869.2913385826772 1392.1259842519685 181.10236220472441 75.59055118110236 p.
960.6299212598425 1392.1259842519685 211.0236220472441 75.59055118110236 1/2
1080.3149606299212 1392.1259842519685 270.86614173228344 75.59055118110236 in-4.
1261.4173228346456 1392.1259842519685 270.86614173228344 75.59055118110236 Jolie
1442.5196850393702 1392.1259842519685 302.3622047244094 75.59055118110236 lettre
1653.5433070866143 1392.1259842519685 270.86614173228344 75.59055118110236 prose
1834.6456692913387 1392.1259842519685 181.10236220472441 75.59055118110236 et
1925.984251968504 1392.1259842519685 270.86614173228344 75.59055118110236 vers.
2107.0866141732286 1392.1259842519685 151.1811023622047 75.59055118110236 —
2137.0078740157483 1392.1259842519685 240.9448818897638 75.59055118110236 CUVIER

318.1102362204724 1458.267716535433 272.4409448818898 78.74015748031496 (G.).
499.21259842519686 1458.267716535433 151.1811023622047 78.74015748031496 1
560.6299212598425 1458.267716535433 182.6771653543307 78.74015748031496 p.
651.9685039370079 1458.267716535433 272.4409448818898 78.74015748031496 in-4.
833.0708661417323 1458.267716535433 151.1811023622047 78.74015748031496 —
894.488188976378 1458.267716535433 485.03937007874015 78.74015748031496 FRAYSSINOUS.
1288.1889763779527 1458.267716535433 151.1811023622047 78.74015748031496 1
1348.0314960629921 1458.267716535433 182.6771653543307 78.74015748031496 p.
1439.3700787401574 1458.267716535433 303.93700787401576 78.74015748031496 in-18.
1651.9685039370079 1458.267716535433 151.1811023622047 78.74015748031496 —
1711.8110236220473 1458.267716535433 272.4409448818898 78.74015748031496 JOUY.
1894.4881889763778 1458.267716535433 212.5984251968504 78.74015748031496 3/4
2015.748031496063 1458.267716535433 182.6771653543307 78.74015748031496 de
2107.0866141732286 1458.267716535433 182.6771653543307 78.74015748031496 p.
2166.9291338582675 1458.267716535433 212.5984251968504 78.74015748031496 in

313.38582677165357 1522.8346456692914 168.50393700787401 75.59055118110236 —
379.5275590551181 1522.8346456692914 472.4409448818898 75.59055118110236 RAYNOUARD.
751.1811023622047 1522.8346456692914 236.2204724409449 75.59055118110236 3/4
886.6141732283464 1522.8346456692914 203.1496062992126 75.59055118110236 de
987.4015748031496 1522.8346456692914 203.1496062992126 75.59055118110236 p.
1088.1889763779527 1522.8346456692914 303.93700787401576 75.59055118110236 in-4.
1291.3385826771653 1522.8346456692914 168.50393700787401 75.59055118110236 —
1359.0551181102362 1522.8346456692914 303.93700787401576 75.59055118110236 TRACY
1560.6299212598426 1522.8346456692914 404.7244094488189 75.59055118110236 (Destutt
1864.5669291338584 1522.8346456692914 269.29133858267716 75.59055118110236 de).
2033.0708661417323 1522.8346456692914 236.2204724409449 75.59055118110236 3/4
2168.503937007874 1522.8346456692914 203.1496062992126 75.59055118110236 de
2234.6456692913384 1522.8346456692914 135.43307086614172 75.59055118110236 p.

302.3622047244094 1603.1496062992126 181.10236220472441 48.818897637795274 in

64.56692913385827 1658.267716535433 182.6771653543307 88.18897637795276 2.
155.90551181102362 1658.267716535433 458.26771653543307 88.18897637795276 ADRY
521.2598425196851 1658.267716535433 214.17322834645668 88.18897637795276 (J.
644.0944881889764 1658.267716535433 518.1102362204724 88.18897637795276 Félicissime),
1070.8661417322835 1658.267716535433 549.6062992125984 88.18897637795276 bibliothécaire
1527.5590551181103 1658.267716535433 182.6771653543307 88.18897637795276 de
1588.976377952756 1658.267716535433 396.8503937007874 88.18897637795276 l’Oratoire.

384.251968503937 1738.5826771653544 373.2283464566929 74.01574803149606 Mémoires
664.5669291338583 1738.5826771653544 434.6456692913386 74.01574803149606 concernant
1006.2992125984252 1738.5826771653544 185.82677165354332 74.01574803149606 M.
1099.2125984251968 1738.5826771653544 310.23622047244095 74.01574803149606 Pascal
1318.1102362204724 1738.5826771653544 185.82677165354332 74.01574803149606 et
1411.023622047244 1738.5826771653544 185.82677165354332 74.01574803149606 sa
1503.9370078740158 1738.5826771653544 373.2283464566929 74.01574803149606 famille,
1784.251968503937 1738.5826771653544 217.3228346456693 74.01574803149606 par
1908.6614173228347 1738.5826771653544 310.23622047244095 74.01574803149606 Madame
2094.488188976378 1738.5826771653544 280.31496062992125 74.01574803149606 Perier,

321.25984251968504 1803.1496062992126 179.5275590551181 75.59055118110236 sa
411.0236220472441 1803.1496062992126 269.29133858267716 75.59055118110236 sœur,
590.5511811023622 1803.1496062992126 179.5275590551181 75.59055118110236 et
680.3149606299213 1803.1496062992126 478.74015748031496 75.59055118110236 Mademoiselle
1069.291338582677 1803.1496062992126 299.21259842519686 75.59055118110236 Perier
1278.740157480315 1803.1496062992126 179.5275590551181 75.59055118110236 sa
1368.5039370078741 1803.1496062992126 299.21259842519686 75.59055118110236 nièce,
1577.9527559055118 1803.1496062992126 418.8976377952756 75.59055118110236 différents
1907.0866141732283 1803.1496062992126 179.5275590551181 75.59055118110236 de
1996.8503937007874 1803.1496062992126 239.37007874015748 75.59055118110236 ceux
2146.4566929133857 1803.1496062992126 209.4488188976378 75.59055118110236 qui
2236.220472440945 1803.1496062992126 149.60629921259843 75.59055118110236 ont

322.8346456692913 1870.8661417322835 218.89763779527559 78.74015748031496 été
447.244094488189 1870.8661417322835 374.8031496062992 78.74015748031496 imprimés
729.1338582677165 1870.8661417322835 155.90551181102362 78.74015748031496 à
790.5511811023622 1870.8661417322835 187.4015748031496 78.74015748031496 la
885.0393700787401 1870.8661417322835 250.39370078740157 78.74015748031496 tête
1040.9448818897638 1870.8661417322835 187.4015748031496 78.74015748031496 de
1133.8582677165355 1870.8661417322835 218.89763779527559 78.74015748031496 ses
1259.8425196850394 1870.8661417322835 374.8031496062992 78.74015748031496 pensées.
1540.1574803149606 1870.8661417322835 406.2992125984252 78.74015748031496 Manuscrit
1851.9685039370079 1870.8661417322835 250.39370078740157 78.74015748031496 aut.
2007.8740157480315 1870.8661417322835 280.31496062992125 78.74015748031496 1797,
2195.2755905511813 1870.8661417322835 187.4015748031496 78.74015748031496 14
2258.267716535433 1870.8661417322835 124.40944881889764 78.74015748031496 p.

305.51181102362204 1949.6062992125985 181.10236220472441 50.39370078740158 in

66.14173228346456 1990.5511811023623 217.3228346456693 102.36220472440945 3.
174.8031496062992 1990.5511811023623 722.8346456692914 102.36220472440945 ANGOULÊME
788.9763779527559 1990.5511811023623 686.6141732283464 102.36220472440945 (Louis-Antoine,
1366.9291338582677 1990.5511811023623 253.54330708661416 102.36220472440945 duc
1511.8110236220473 1990.5511811023623 289.76377952755905 102.36220472440945 d’),
1692.9133858267717 1990.5511811023623 396.8503937007874 102.36220472440945 dauphin
1982.6771653543308 1990.5511811023623 217.3228346456693 102.36220472440945 de
2053.5433070866143 1990.5511811023623 325.98425196850394 102.36220472440945 France,

314.96062992125985 2094.488188976378 374.8031496062992 85.03937007874016 général
587.4015748031496 2094.488188976378 204.7244094488189 85.03937007874016 en
689.7637795275591 2094.488188976378 272.4409448818898 85.03937007874016 chef
859.8425196850394 2094.488188976378 204.7244094488189 85.03937007874016 de
962.2047244094488 2094.488188976378 374.8031496062992 85.03937007874016 l’armée
1201.5748031496064 2094.488188976378 407.87401574803147 85.03937007874016 d’Espagne.

398.4251968503937 2173.228346456693 170.07874015748033 72.44094488188976 L.
483.46456692913387 2173.228346456693 228.3464566929134 72.44094488188976 aut.
625.1968503937007 2173.228346456693 228.3464566929134 72.44094488188976 sig.
768.503937007874 2173.228346456693 285.03937007874015 72.44094488188976 Turin,
966.9291338582677 2173.228346456693 170.07874015748033 72.44094488188976 18
1051.9685039370079 2173.228346456693 313.38582677165357 72.44094488188976 janvier
1280.3149606299212 2173.228346456693 256.6929133858268 72.44094488188976 1791.
1450.3937007874015 2173.228346456693 141.73228346456693 72.44094488188976 1
1507.0866141732283 2173.228346456693 170.07874015748033 72.44094488188976 p.
1593.7007874015749 2173.228346456693 256.6929133858268 72.44094488188976 in-4.
1763.7795275590552 2173.228346456693 256.6929133858268 72.44094488188976 Jolie
1905.5118110236222 2173.228346456693 256.6929133858268 72.44094488188976 lettre.

390.5511811023622 2236.220472440945 185.82677165354332 66.14173228346456 ...
497.6377952755906 2236.220472440945 212.5984251968504 66.14173228346456 J’ai
629.9212598425197 2236.220472440945 185.82677165354332 66.14173228346456 une
737.007874015748 2236.220472440945 266.1417322834646 66.14173228346456 grande
922.8346456692914 2236.220472440945 371.65354330708664 66.14173228346456 impatience
1215.748031496063 2236.220472440945 159.0551181102362 66.14173228346456 de
1294.4881889763778 2236.220472440945 159.0551181102362 66.14173228346456 me
1374.8031496062993 2236.220472440945 292.9133858267717 66.14173228346456 trouver
1587.4015748031495 2236.220472440945 266.1417322834646 66.14173228346456 auprès
1773.2283464566929 2236.220472440945 159.0551181102362 66.14173228346456 de
1853.5433070866143 2236.220472440945 212.5984251968504 66.14173228346456 vous
1987.4015748031495 2236.220472440945 212.5984251968504 66.14173228346456 pour
2092.9133858267714 2236.220472440945 292.9133858267717 66.14173228346456 combattre

332.2834645669291 2294.488188976378 204.7244094488189 62.99212598425197 avec
459.84251968503935 2294.488188976378 204.7244094488189 62.99212598425197 vous
587.4015748031496 2294.488188976378 204.7244094488189 62.99212598425197 pour
714.9606299212599 2294.488188976378 152.75590551181102 62.99212598425197 la
790.5511811023622 2294.488188976378 229.92125984251967 62.99212598425197 cause
944.8818897637796 2294.488188976378 152.75590551181102 62.99212598425197 de
1020.4724409448819 2294.488188976378 332.2834645669291 62.99212598425197 l’honneur
1275.5905511811025 2294.488188976378 177.95275590551182 62.99212598425197 qui
1377.9527559055118 2294.488188976378 204.7244094488189 62.99212598425197 vous
1505.5118110236222 2294.488188976378 177.95275590551182 62.99212598425197 est
1607.8740157480315 2294.488188976378 152.75590551181102 62.99212598425197 si
1658.267716535433 2294.488188976378 255.11811023622047 62.99212598425197 chère...

384.251968503937 2349.6062992125985 155.90551181102362 67.71653543307086 Au
462.99212598425197 2349.6062992125985 182.6771653543307 67.71653543307086 bas
566.9291338582677 2349.6062992125985 155.90551181102362 67.71653543307086 de
645.6692913385826 2349.6062992125985 234.64566929133858 67.71653543307086 cette
801.5748031496063 2349.6062992125985 259.84251968503935 67.71653543307086 lettre
982.6771653543307 2349.6062992125985 155.90551181102362 67.71653543307086 se
1061.4173228346456 2349.6062992125985 311.81102362204723 67.71653543307086 trouvent
1294.4881889763778 2349.6062992125985 182.6771653543307 67.71653543307086 ces
1400.0 2349.6062992125985 234.64566929133858 67.71653543307086 mots,
1555.9055118110236 2349.6062992125985 207.8740157480315 67.71653543307086 aut.
1685.0393700787401 2349.6062992125985 207.8740157480315 67.71653543307086 sig.
1815.748031496063 2349.6062992125985 155.90551181102362 67.71653543307086 du
1892.9133858267717 2349.6062992125985 182.6771653543307 67.71653543307086 duc
1996.8503937007874 2349.6062992125985 155.90551181102362 67.71653543307086 de
2075.5905511811025 2349.6062992125985 259.84251968503935 67.71653543307086 Berry:
2231.496062992126 2349.6062992125985 155.90551181102362 67.71653543307086 «...

327.5590551181102 2404.7244094488187 165.35433070866142 69.29133858267717 Je
409.4488188976378 2404.7244094488187 302.3622047244094 69.29133858267717 partage
629.9212598425197 2404.7244094488187 247.24409448818898 69.29133858267717 bien,
795.2755905511812 2404.7244094488187 357.4803149606299 69.29133858267717 monsieur,
1069.291338582677 2404.7244094488187 220.4724409448819 69.29133858267717 tous
1207.8740157480315 2404.7244094488187 192.1259842519685 69.29133858267717 les
1318.1102362204724 2404.7244094488187 385.8267716535433 69.29133858267717 sentiments
1620.4724409448818 2404.7244094488187 165.35433070866142 69.29133858267717 de
1702.3622047244094 2404.7244094488187 192.1259842519685 69.29133858267717 mon
1812.5984251968505 2404.7244094488187 275.59055118110234 69.29133858267717 frère,
2004.724409448819 2404.7244094488187 165.35433070866142 69.29133858267717 et
2088.1889763779527 2404.7244094488187 220.4724409448819 69.29133858267717 vous
2198.4251968503936 2404.7244094488187 192.1259842519685 69.29133858267717 savez

318.1102362204724 2464.566929133858 439.37007874015745 62.99212598425197 combien
637.7952755905512 2464.566929133858 239.37007874015748 62.99212598425197 je
757.4803149606299 2464.566929133858 319.68503937007875 62.99212598425197 vous
957.4803149606299 2464.566929133858 400.0 62.99212598425197 estime
1236.2204724409448 2464.566929133858 239.37007874015748 62.99212598425197 et
1355.9055118110236 2464.566929133858 319.68503937007875 62.99212598425197 vous
1555.9055118110236 2464.566929133858 359.0551181102362 62.99212598425197 aime.
1755.9055118110236 2464.566929133858 319.68503937007875 62.99212598425197 BERRY.

78.74015748031496 2518.1102362204724 185.82677165354332 80.31496062992126 4.
171.6535433070866 2518.1102362204724 278.74015748031496 80.31496062992126 LE
325.98425196850394 2518.1102362204724 340.15748031496065 80.31496062992126 MÊME.

411.0236220472441 2601.5748031496064 239.37007874015748 75.59055118110236 Etat
560.6299212598425 2601.5748031496064 239.37007874015748 75.59055118110236 aut.
711.8110236220473 2601.5748031496064 179.5275590551181 75.59055118110236 de
801.5748031496063 2601.5748031496064 239.37007874015748 75.59055118110236 tous
951.1811023622047 2601.5748031496064 209.4488188976378 75.59055118110236 les
1070.8661417322835 2601.5748031496064 330.70866141732284 75.59055118110236 chevaux
1311.8110236220473 2601.5748031496064 270.86614173228344 75.59055118110236 qu’il
1491.3385826771653 2601.5748031496064 149.60629921259843 75.59055118110236 a
1551.1811023622047 2601.5748031496064 360.62992125984255 75.59055118110236 possédés
1822.0472440944882 2601.5748031496064 179.5275590551181 75.59055118110236 de
1911.8110236220473 2601.5748031496064 239.37007874015748 75.59055118110236 1789
2061.417322834646 2601.5748031496064 149.60629921259843 75.59055118110236 à
2121.259842519685 2601.5748031496064 270.86614173228344 75.59055118110236 1813,
2272.4409448818897 2601.5748031496064 119.68503937007874 75.59055118110236 au

338.5826771653543 2667.716535433071 321.25984251968504 75.59055118110236 nombre
563.7795275590552 2667.716535433071 193.70078740157481 75.59055118110236 de
659.8425196850394 2667.716535433071 258.26771653543307 75.59055118110236 164,
820.4724409448819 2667.716535433071 258.26771653543307 75.59055118110236 avec
981.1023622047244 2667.716535433071 225.1968503937008 75.59055118110236 les
1110.236220472441 2667.716535433071 258.26771653543307 75.59055118110236 noms
1270.8661417322835 2667.716535433071 193.70078740157481 75.59055118110236 de
1368.5039370078741 2667.716535433071 321.25984251968504 75.59055118110236 chacun
1593.7007874015749 2667.716535433071 321.25984251968504 75.59055118110236 d’eux.
1818.8976377952756 2667.716535433071 160.62992125984252 75.59055118110236 2
1883.4645669291338 2667.716535433071 193.70078740157481 75.59055118110236 p.
1979.5275590551182 2667.716535433071 258.26771653543307 75.59055118110236 in-8
2140.1574803149606 2667.716535433071 160.62992125984252 75.59055118110236 à
2204.7244094488187 2667.716535433071 160.62992125984252 75.59055118110236 3
2237.7952755905512 2667.716535433071 160.62992125984252 75.59055118110236 co

314.96062992125985 2746.4566929133857 267.7165354330709 48.818897637795274 lonnes.

77.16535433070867 2801.5748031496064 223.6220472440945 88.18897637795276 5.
188.9763779527559 2801.5748031496064 560.6299212598425 88.18897637795276 ARTISTES
637.7952755905512 2801.5748031496064 748.0314960629921 88.18897637795276 DRAMATIQUES.
1274.015748031496 2801.5748031496064 261.4173228346457 88.18897637795276 Six
1423.6220472440946 2801.5748031496064 411.0236220472441 88.18897637795276 lettres
1722.8346456692914 2801.5748031496064 299.21259842519686 88.18897637795276 aut.
1872.4409448818897 2801.5748031496064 223.6220472440945 88.18897637795276 sig.

401.5748031496063 2885.0393700787404 248.8188976377953 74.01574803149606 MARS
557.4803149606299 2885.0393700787404 343.3070866141732 74.01574803149606 (Mlle).
807.8740157480315 2885.0393700787404 218.89763779527559 74.01574803149606 3/4
932.2834645669292 2885.0393700787404 187.4015748031496 74.01574803149606 de
1025.1968503937007 2885.0393700787404 187.4015748031496 74.01574803149606 p.
1119.6850393700788 2885.0393700787404 280.31496062992125 74.01574803149606 in-8.
1307.0866141732283 2885.0393700787404 155.90551181102362 74.01574803149606 —
1368.5039370078741 2885.0393700787404 374.8031496062992 74.01574803149606 MONTESSU
1650.3937007874015 2885.0393700787404 436.2204724409449 74.01574803149606 (Pauline).
1992.1259842519685 2885.0393700787404 155.90551181102362 74.01574803149606 1
2055.1181102362207 2885.0393700787404 187.4015748031496 74.01574803149606 p.
2149.6062992125985 2885.0393700787404 280.31496062992125 74.01574803149606 in-8.
2305.511811023622 2885.0393700787404 92.91338582677166 74.01574803149606 —

337.00787401574803 2949.6062992125985 365.3543307086614 78.74015748031496 PARADOL
603.1496062992126 2949.6062992125985 431.496062992126 78.74015748031496 (Madame).
935.4330708661417 2949.6062992125985 165.35433070866142 78.74015748031496 1
1001.5748031496063 2949.6062992125985 200.0 78.74015748031496 p.
1100.7874015748032 2949.6062992125985 233.0708661417323 78.74015748031496 1/2
1234.6456692913387 2949.6062992125985 299.21259842519686 78.74015748031496 in-8.
1433.0708661417323 2949.6062992125985 165.35433070866142 78.74015748031496 —
1499.2125984251968 2949.6062992125985 365.3543307086614 78.74015748031496 PERRIER
1765.3543307086613 2949.6062992125985 365.3543307086614 78.74015748031496 (Madame
2031.4960629921259 2949.6062992125985 299.21259842519686 78.74015748031496 Ida).
2231.496062992126 2949.6062992125985 165.35433070866142 78.74015748031496 1
2264.566929133858 2949.6062992125985 132.28346456692913 78.74015748031496 p.

344.88188976377955 3015.748031496063 274.01574803149606 75.59055118110236 in-8.
527.5590551181102 3015.748031496063 152.75590551181102 75.59055118110236 —
587.4015748031496 3015.748031496063 365.3543307086614 75.59055118110236 PROVOST.
862.992125984252 3015.748031496063 152.75590551181102 75.59055118110236 1
922.8346456692914 3015.748031496063 182.6771653543307 75.59055118110236 p.
1014.1732283464567 3015.748031496063 212.5984251968504 75.59055118110236 pl.
1137.007874015748 3015.748031496063 274.01574803149606 75.59055118110236 in-8.
1319.6850393700788 3015.748031496063 152.75590551181102 75.59055118110236 —
1381.1023622047244 3015.748031496063 365.3543307086614 75.59055118110236 TAGLIONI
1655.1181102362204 3015.748031496063 365.3543307086614 75.59055118110236 (Marie).
1929.1338582677165 3015.748031496063 152.75590551181102 75.59055118110236 1
1990.5511811023623 3015.748031496063 182.6771653543307 75.59055118110236 p.
2051.968503937008 3015.748031496063 212.5984251968504 75.59055118110236 in

85.03937007874016 3086.6141732283463 184.251968503937 86.61417322834646 6.
177.95275590551182 3086.6141732283463 524.4094488188977 86.61417322834646 AUBERT
609.4488188976378 3086.6141732283463 338.5826771653543 86.61417322834646 (l’abbé
855.1181102362204 3086.6141732283463 184.251968503937 86.61417322834646 J.
948.0314960629921 3086.6141732283463 245.66929133858267 86.61417322834646 B.),
1102.3622047244094 3086.6141732283463 400.0 86.61417322834646 fabuliste
1379.5275590551182 3086.6141732283463 277.1653543307087 86.61417322834646 estimé.

415.748031496063 3168.503937007874 166.9291338582677 69.29133858267717 L.
499.21259842519686 3168.503937007874 223.6220472440945 69.29133858267717 aut.
639.3700787401575 3168.503937007874 223.6220472440945 69.29133858267717 sig.
777.9527559055118 3168.503937007874 278.74015748031496 69.29133858267717 Paris,
973.2283464566929 3168.503937007874 138.58267716535434 69.29133858267717 4
1029.9212598425197 3168.503937007874 223.6220472440945 69.29133858267717 juin
1168.5039370078741 3168.503937007874 250.39370078740157 69.29133858267717 1758.
1335.4330708661416 3168.503937007874 138.58267716535434 69.29133858267717 2
1392.1259842519685 3168.503937007874 166.9291338582677 69.29133858267717 p.
1447.244094488189 3168.503937007874 195.2755905511811 69.29133858267717 in

400.0 3228.3464566929133 321.25984251968504 67.71653543307086 Très-jolie
653.5433070866142 3228.3464566929133 229.92125984251967 67.71653543307086 lettre
814.1732283464567 3228.3464566929133 184.251968503937 67.71653543307086 dans
929.1338582677165 3228.3464566929133 275.59055118110234 67.71653543307086 laquelle
1137.007874015748 3228.3464566929133 138.58267716535434 67.71653543307086 il
1206.2992125984251 3228.3464566929133 184.251968503937 67.71653543307086 fait
1321.259842519685 3228.3464566929133 138.58267716535434 67.71653543307086 la
1388.976377952756 3228.3464566929133 253.54330708661416 67.71653543307086 demande
1573.2283464566929 3228.3464566929133 206.29921259842519 67.71653543307086 d'une
1711.8110236220473 3228.3464566929133 253.54330708661416 67.71653543307086 pension
1896.0629921259842 3228.3464566929133 160.62992125984252 67.71653543307086 sur
1987.4015748031495 3228.3464566929133 138.58267716535434 67.71653543307086 le
2033.0708661417323 3228.3464566929133 368.503937007874 67.71653543307086 Mercure

359.0551181102362 3296.0629921259842 133.85826771653544 45.669291338582674 de
433.07086614173227 3296.0629921259842 193.70078740157481 45.669291338582674 France.

91.33858267716535 3346.4566929133857 195.2755905511811 89.76377952755905 7.
188.9763779527559 3346.4566929133857 651.9685039370079 89.76377952755905 BALLANCHE
743.3070866141733 3346.4566929133857 228.3464566929134 89.76377952755905 (P.
874.0157480314961 3346.4566929133857 261.4173228346457 89.76377952755905 S.).
1037.7952755905512 3346.4566929133857 195.2755905511811 89.76377952755905 de
1135.4330708661416 3346.4566929133857 359.0551181102362 89.76377952755905 l’Acad.
1363.7795275590552 3346.4566929133857 162.20472440944883 89.76377952755905 fr.

418.8976377952756 3426.771653543307 148.03149606299212 74.01574803149606 2
478.74015748031496 3426.771653543307 325.98425196850394 74.01574803149606 lettres
714.9606299212599 3426.771653543307 236.2204724409449 74.01574803149606 aut.
862.992125984252 3426.771653543307 236.2204724409449 74.01574803149606 sig.
1011.0236220472441 3426.771653543307 177.95275590551182 74.01574803149606 et
1099.2125984251968 3426.771653543307 148.03149606299212 74.01574803149606 1
1159.0551181102362 3426.771653543307 177.95275590551182 74.01574803149606 l.
1247.244094488189 3426.771653543307 236.2204724409449 74.01574803149606 aut.
1395.275590551181 3426.771653543307 148.03149606299212 74.01574803149606 à
1455.1181102362204 3426.771653543307 177.95275590551182 74.01574803149606 M.
1543.3070866141732 3426.771653543307 354.3307086614173 74.01574803149606 Beuchot.
1809.4488188976377 3426.771653543307 266.1417322834646 74.01574803149606 Lyon,
1987.4015748031495 3426.771653543307 236.2204724409449 74.01574803149606 1809
2135.433070866142 3426.771653543307 177.95275590551182 74.01574803149606 et
2193.700787401575 3426.771653543307 207.8740157480315 74.01574803149606 1810.

362.20472440944883 3503.9370078740158 133.85826771653544 64.56692913385827 9
415.748031496063 3503.9370078740158 159.0551181102362 64.56692913385827 p.
469.29133858267716 3503.9370078740158 185.82677165354332 64.56692913385827 in

96.06299212598425 3560.6299212598424 187.4015748031496 88.18897637795276 8.
190.5511811023622 3560.6299212598424 656.6929133858267 88.18897637795276 BARTHELEMY
752.7559055118111 3560.6299212598424 281.8897637795276 88.18897637795276 (A.),
940.1574803149606 3560.6299212598424 313.38582677165357 88.18897637795276 poëte,
1159.0551181102362 3560.6299212598424 313.38582677165357 88.18897637795276 auteur
1377.9527559055118 3560.6299212598424 187.4015748031496 88.18897637795276 de
1472.4409448818897 3560.6299212598424 281.8897637795276 88.18897637795276 la
1659.8425196850394 3560.6299212598424 500.78740157480314 88.18897637795276 Némésis,
2034.6456692913387 3560.6299212598424 187.4015748031496 88.18897637795276 etc.

420.4724409448819 3642.51968503937 185.82677165354332 77.16535433070867 L.
513.3858267716536 3642.51968503937 248.8188976377953 77.16535433070867 aut.
669.2913385826772 3642.51968503937 248.8188976377953 77.16535433070867 sig.
825.1968503937007 3642.51968503937 155.90551181102362 77.16535433070867 à
886.6141732283464 3642.51968503937 185.82677165354332 77.16535433070867 M.
979.5275590551181 3642.51968503937 310.23622047244095 77.16535433070867 Amédée
1196.8503937007874 3642.51968503937 373.2283464566929 77.16535433070867 Gabourd,
1477.1653543307086 3642.51968503937 155.90551181102362 77.16535433070867 à
1538.5826771653544 3642.51968503937 373.2283464566929 77.16535433070867 Grenoble
1817.3228346456692 3642.51968503937 217.3228346456693 77.16535433070867 (24
1941.732283464567 3642.51968503937 278.74015748031496 77.16535433070867 avril
2129.1338582677167 3642.51968503937 310.23622047244095 77.16535433070867 1830).
2314.9606299212596 3642.51968503937 92.91338582677166 77.16535433070867 3

363.7795275590551 3710.236220472441 168.50393700787401 72.44094488188976 p.
448.81889763779526 3710.236220472441 196.8503937007874 72.44094488188976 1/2
560.6299212598425 3710.236220472441 253.54330708661416 72.44094488188976 in-4.
730.7086614173228 3710.236220472441 253.54330708661416 72.44094488188976 Belle
899.2125984251968 3710.236220472441 168.50393700787401 72.44094488188976 et
984.2519685039371 3710.236220472441 338.5826771653543 72.44094488188976 curieuse
1209.4488188976377 3710.236220472441 253.54330708661416 72.44094488188976 épître.

415.748031496063 3771.6535433070867 148.03149606299212 66.14173228346456 Il
489.76377952755905 3771.6535433070867 173.22834645669292 66.14173228346456 lui
588.9763779527559 3771.6535433070867 222.04724409448818 66.14173228346456 donne
737.007874015748 3771.6535433070867 173.22834645669292 66.14173228346456 des
834.6456692913385 3771.6535433070867 296.06299212598424 66.14173228346456 conseils
1056.6929133858268 3771.6535433070867 173.22834645669292 66.14173228346456 sur
1155.9055118110236 3771.6535433070867 173.22834645669292 66.14173228346456 ses
1253.5433070866143 3771.6535433070867 319.68503937007875 66.14173228346456 Fragments
1500.7874015748032 3771.6535433070867 296.06299212598424 66.14173228346456 épiques,
1722.8346456692914 3771.6535433070867 196.8503937007874 66.14173228346456 puis
1845.6692913385828 3771.6535433070867 148.03149606299212 66.14173228346456 il
1919.6850393700788 3771.6535433070867 173.22834645669292 66.14173228346456 lui
2018.8976377952756 3771.6535433070867 196.8503937007874 66.14173228346456 fait
2141.732283464567 3771.6535433070867 173.22834645669292 66.14173228346456 des
2215.748031496063 3771.6535433070867 196.8503937007874 66.14173228346456 obser-

359.0551181102362 3828.3464566929133 266.1417322834646 69.29133858267717 vations
551.1811023622047 3828.3464566929133 168.50393700787401 69.29133858267717 sur
648.8188976377953 3828.3464566929133 144.88188976377953 69.29133858267717 la
721.2598425196851 3828.3464566929133 240.9448818897638 69.29133858267717 lettre
889.7637795275591 3828.3464566929133 217.3228346456693 69.29133858267717 qu’il
1034.6456692913387 3828.3464566929133 168.50393700787401 69.29133858267717 lui
1132.283464566929 3828.3464566929133 121.25984251968504 69.29133858267717 a
1179.5275590551182 3828.3464566929133 240.9448818897638 69.29133858267717 écrite
1349.6062992125985 3828.3464566929133 144.88188976377953 69.29133858267717 et
1422.0472440944882 3828.3464566929133 168.50393700787401 69.29133858267717 qui
1518.1102362204724 3828.3464566929133 289.76377952755905 69.29133858267717 contient
1735.4330708661416 3828.3464566929133 168.50393700787401 69.29133858267717 des
1833.0708661417323 3828.3464566929133 411.0236220472441 69.29133858267717 appréciations
2146.4566929133857 3828.3464566929133 266.1417322834646 69.29133858267717 déplacées

362.20472440944883 3885.0393700787404 163.7795275590551 70.86614173228347 sur
455.11811023622045 3885.0393700787404 163.7795275590551 70.86614173228347 ses
549.6062992125984 3885.0393700787404 442.5196850393701 70.86614173228347 Satires:
921.2598425196851 3885.0393700787404 209.4488188976378 70.86614173228347 ...Si
1061.4173228346456 3885.0393700787404 163.7795275590551 70.86614173228347 les
1154.3307086614172 3885.0393700787404 325.98425196850394 70.86614173228347 Grenoblois
1411.023622047244 3885.0393700787404 185.82677165354332 70.86614173228347 sont
1527.5590551181103 3885.0393700787404 209.4488188976378 70.86614173228347 assez
1667.716535433071 3885.0393700787404 233.0708661417323 70.86614173228347 ladres
1829.9212598425197 3885.0393700787404 185.82677165354332 70.86614173228347 pour
1946.4566929133857 3885.0393700787404 140.15748031496062 70.86614173228347 ne
2017.3228346456692 3885.0393700787404 163.7795275590551 70.86614173228347 pas
2110.236220472441 3885.0393700787404 302.3622047244094 70.86614173228347 m’acheter
2319.685039370079 3885.0393700787404 92.91338582677166 70.86614173228347 je

363.7795275590551 3940.1574803149606 200.0 72.44094488188976 m’en
488.18897637795277 3940.1574803149606 275.59055118110234 72.44094488188976 console
688.1889763779527 3940.1574803149606 200.0 72.44094488188976 sans
814.1732283464567 3940.1574803149606 324.40944881889766 72.44094488188976 peine;...
1062.992125984252 3940.1574803149606 149.60629921259843 72.44094488188976 il
1138.5826771653544 3940.1574803149606 200.0 72.44094488188976 faut
1262.992125984252 3940.1574803149606 174.8031496062992 72.44094488188976 que
1363.7795275590552 3940.1574803149606 174.8031496062992 72.44094488188976 les
1462.992125984252 3940.1574803149606 299.21259842519686 72.44094488188976 finances
1688.1889763779527 3940.1574803149606 149.60629921259843 72.44094488188976 de
1763.7795275590552 3940.1574803149606 275.59055118110234 72.44094488188976 l’Isère
1962.2047244094488 3940.1574803149606 250.39370078740157 72.44094488188976 soient
2137.0078740157483 3940.1574803149606 200.0 72.44094488188976 bien
2237.7952755905512 3940.1574803149606 174.8031496062992 72.44094488188976 épui-

362.20472440944883 3996.850393700787 236.2204724409449 67.71653543307086 sées,
521.2598425196851 3996.850393700787 157.48031496062993 67.71653543307086 ou
600.0 3996.850393700787 184.251968503937 67.71653543307086 que
703.9370078740158 3996.850393700787 157.48031496062993 67.71653543307086 ce
784.2519685039371 3996.850393700787 262.99212598425197 67.71653543307086 peuple
966.9291338582677 3996.850393700787 211.0236220472441 67.71653543307086 soit
1099.2125984251968 3996.850393700787 211.0236220472441 67.71653543307086 bien
1229.9212598425197 3996.850393700787 314.96062992125985 67.71653543307086 béotien,
1467.716535433071 3996.850393700787 289.76377952755905 67.71653543307086 puisque
1677.1653543307086 3996.850393700787 236.2204724409449 67.71653543307086 cette
1836.2204724409448 3996.850393700787 289.76377952755905 67.71653543307086 immense
2045.6692913385828 3996.850393700787 368.503937007874 67.71653543307086 population
2308.6614173228345 3996.850393700787 105.51181102362204 67.71653543307086 ne

363.7795275590551 4051.968503937008 212.5984251968504 67.71653543307086 peut
496.06299212598424 4051.968503937008 185.82677165354332 67.71653543307086 pas
603.1496062992126 4051.968503937008 318.1102362204724 67.71653543307086 absorber
840.9448818897638 4051.968503937008 423.62204724409446 67.71653543307086 vingt-quatre
1185.8267716535433 4051.968503937008 398.4251968503937 67.71653543307086 exemplaires
1503.9370078740158 4051.968503937008 239.37007874015748 67.71653543307086 d’une
1662.992125984252 4051.968503937008 264.56692913385825 67.71653543307086 pauvre
1848.8188976377953 4051.968503937008 264.56692913385825 67.71653543307086 petite
2007.8740157480315 4051.968503937008 398.4251968503937 67.71653543307086 brochure.....

363.7795275590551 4097.63779527559 253.54330708661416 81.88976377952756 Vient
532.2834645669292 4097.63779527559 308.66141732283467 81.88976377952756 ensuite
757.4803149606299 4097.63779527559 196.8503937007874 81.88976377952756 une
869.2913385826772 4097.63779527559 280.31496062992125 81.88976377952756 sortie
1066.1417322834645 4097.63779527559 280.31496062992125 81.88976377952756 contre
1262.992125984252 4097.63779527559 168.50393700787401 81.88976377952756 le
1348.0314960629921 4097.63779527559 337.00787401574803 81.88976377952756 libraire
1600.0 4097.63779527559 422.0472440944882 81.88976377952756 Prud’homme,
1938.5826771653544 4097.63779527559 225.1968503937008 81.88976377952756 puis
2078.740157480315 4097.63779527559 168.50393700787401 81.88976377952756 un
2162.2047244094488 4097.63779527559 253.54330708661416 81.88976377952756 éloge
2303.9370078740158 4097.63779527559 111.81102362204724 81.88976377952756 de

365.3543307086614 4166.929133858268 269.29133858267716 67.71653543307086 Victor
554.3307086614174 4166.929133858268 242.51968503937007 67.71653543307086 Hugo,
714.9606299212599 4166.929133858268 162.20472440944883 67.71653543307086 et
796.8503937007874 4166.929133858268 188.9763779527559 67.71653543307086 une
903.9370078740158 4166.929133858268 431.496062992126 67.71653543307086 appréciation
1253.5433070866143 4166.929133858268 431.496062992126 67.71653543307086 malveillante
1604.724409448819 4166.929133858268 188.9763779527559 67.71653543307086 des
1711.8110236220473 4166.929133858268 269.29133858267716 67.71653543307086 œuvres
1900.7874015748032 4166.929133858268 162.20472440944883 67.71653543307086 de
1954.3307086614172 4166.929133858268 458.26771653543307 67.71653543307086 Béranger.......

404.7244094488189 4222.047244094489 305.51181102362204 69.29133858267717 «L'homme
634.6456692913385 4222.047244094489 152.75590551181102 69.29133858267717 le
710.2362204724409 4222.047244094489 204.7244094488189 69.29133858267717 plus
837.7952755905512 4222.047244094489 305.51181102362204 69.29133858267717 illustre
1067.716535433071 4222.047244094489 152.75590551181102 69.29133858267717 en
1144.8818897637796 4222.047244094489 204.7244094488189 69.29133858267717 fait
1272.4409448818897 4222.047244094489 152.75590551181102 69.29133858267717 de
1348.0314960629921 4222.047244094489 305.51181102362204 69.29133858267717 chansons
1577.9527559055118 4222.047244094489 229.92125984251967 69.29133858267717 n’est
1732.283464566929 4222.047244094489 229.92125984251967 69.29133858267717 guère
1885.0393700787401 4222.047244094489 127.55905511811024 69.29133858267717 à
1935.4330708661416 4222.047244094489 177.95275590551182 69.29133858267717 mes
2037.7952755905512 4222.047244094489 204.7244094488189 69.29133858267717 yeux
2140.1574803149606 4222.047244094489 280.31496062992125 69.29133858267717 au

370.0787401574803 4277.165354330708 159.0551181102362 72.44094488188976 de
450.3937007874016 4277.165354330708 239.37007874015748 72.44094488188976 celui
609.4488188976378 4277.165354330708 185.82677165354332 72.44094488188976 qui
716.5354330708661 4277.165354330708 292.9133858267717 72.44094488188976 distile
929.1338582677165 4277.165354330708 185.82677165354332 72.44094488188976 des
1036.2204724409448 4277.165354330708 212.5984251968504 72.44094488188976 vers
1168.5039370078741 4277.165354330708 212.5984251968504 72.44094488188976 pour
1302.3622047244094 4277.165354330708 185.82677165354332 72.44094488188976 les
1409.4488188976377 4277.165354330708 292.9133858267717 72.44094488188976 bonbons
1622.0472440944882 4277.165354330708 159.0551181102362 72.44094488188976 du
1700.7874015748032 4277.165354330708 212.5984251968504 72.44094488188976 jour
1834.6456692913387 4277.165354330708 159.0551181102362 72.44094488188976 de
1914.9606299212599 4277.165354330708 239.37007874015748 72.44094488188976 l’an.
2074.015748031496 4277.165354330708 159.0551181102362 72.44094488188976 M.
2127.5590551181103 4277.165354330708 292.9133858267717 72.44094488188976 Béranger,

370.0787401574803 4329.133858267716 198.4251968503937 78.74015748031496 dont
494.48818897637796 4329.133858267716 148.03149606299212 78.74015748031496 on
568.503937007874 4329.133858267716 222.04724409448818 78.74015748031496 parle
716.5354330708661 4329.133858267716 222.04724409448818 78.74015748031496 tant,
864.5669291338583 4329.133858267716 198.4251968503937 78.74015748031496 est,
988.9763779527559 4329.133858267716 222.04724409448818 78.74015748031496 selon
1137.007874015748 4329.133858267716 198.4251968503937 78.74015748031496 moi,
1259.8425196850394 4329.133858267716 148.03149606299212 78.74015748031496 le
1333.8582677165355 4329.133858267716 198.4251968503937 78.74015748031496 plus
1458.267716535433 4329.133858267716 321.25984251968504 78.74015748031496 misérable
1705.5118110236222 4329.133858267716 222.04724409448818 78.74015748031496 poëte
1853.5433070866143 4329.133858267716 148.03149606299212 78.74015748031496 de
1927.5590551181103 4329.133858267716 321.25984251968504 78.74015748031496 l’époque;
2174.803149606299 4329.133858267716 173.22834645669292 78.74015748031496 ses
2248.818897637795 4329.133858267716 173.22834645669292 78.74015748031496 chan-

373.2283464566929 4390.5511811023625 203.1496062992126 69.29133858267717 sons
499.21259842519686 4390.5511811023625 152.75590551181102 69.29133858267717 ne
576.3779527559055 4390.5511811023625 203.1496062992126 69.29133858267717 sont
702.3622047244095 4390.5511811023625 177.95275590551182 69.29133858267717 pas
803.1496062992126 4390.5511811023625 203.1496062992126 69.29133858267717 même
930.7086614173228 4390.5511811023625 253.54330708661416 69.29133858267717 bonnes
1107.0866141732283 4390.5511811023625 203.1496062992126 69.29133858267717 pour
1234.6456692913387 4390.5511811023625 228.3464566929134 69.29133858267717 faire
1385.8267716535433 4390.5511811023625 354.3307086614173 69.29133858267717 égosillier
1664.5669291338584 4390.5511811023625 177.95275590551182 69.29133858267717 des
1766.9291338582677 4390.5511811023625 203.1496062992126 69.29133858267717 gens
1892.9133858267717 4390.5511811023625 253.54330708661416 69.29133858267717 pleins
2070.8661417322833 4390.5511811023625 152.75590551181102 69.29133858267717 de
2146.4566929133857 4390.5511811023625 278.74015748031496 69.29133858267717 truffes
2324.4094488188975 4390.5511811023625 100.78740157480316 69.29133858267717 et

374.8031496062992 4447.244094488189 151.1811023622047 67.71653543307086 de
450.3937007874016 4447.244094488189 352.755905511811 67.71653543307086 Champagne,
727.5590551181102 4447.244094488189 151.1811023622047 67.71653543307086 il
803.1496062992126 4447.244094488189 176.3779527559055 67.71653543307086 n’y
903.9370078740158 4447.244094488189 125.98425196850394 67.71653543307086 a
954.3307086614174 4447.244094488189 176.3779527559055 67.71653543307086 pas
1055.1181102362204 4447.244094488189 327.5590551181102 67.71653543307086 d'exemple
1307.0866141732283 4447.244094488189 151.1811023622047 67.71653543307086 de
1382.6771653543308 4447.244094488189 352.755905511811 67.71653543307086 réputation
1658.267716535433 4447.244094488189 327.5590551181102 67.71653543307086 escroquée
1910.236220472441 4447.244094488189 226.77165354330708 67.71653543307086 comme
2061.417322834646 4447.244094488189 151.1811023622047 67.71653543307086 la
2111.8110236220473 4447.244094488189 302.3622047244094 67.71653543307086 sienne...»
