2464.566929133858 4977.952755905511
1006.2992125984252 149.60629921259843 308.66141732283467 61.41732283464567 —
1129.1338582677165 149.60629921259843 308.66141732283467 61.41732283464567 4
1190.5511811023623 149.60629921259843 185.82677165354332 61.41732283464567 —

39.37007874015748 269.29133858267716 214.17322834645668 86.61417322834646 9.
146.45669291338584 269.29133858267716 606.2992125984252 86.61417322834646 BAUDOT
645.6692913385826 269.29133858267716 570.0787401574803 86.61417322834646 (Marc-Ant.),
1110.236220472441 269.29133858267716 355.90551181102364 86.61417322834646 député
1359.0551181102362 269.29133858267716 214.17322834645668 86.61417322834646 de
1466.1417322834645 269.29133858267716 642.5196850393701 86.61417322834646 Saône-et-Loire
2001.5748031496064 269.29133858267716 177.95275590551182 86.61417322834646 à
2072.4409448818897 269.29133858267716 214.17322834645668 86.61417322834646 la
2143.3070866141734 269.29133858267716 214.17322834645668 86.61417322834646 Con

14.173228346456693 357.4803149606299 327.5590551181102 62.99212598425197 vention.

374.8031496062992 439.37007874015745 188.9763779527559 69.29133858267717 L.
469.29133858267716 439.37007874015745 251.96850393700788 69.29133858267717 aut.
626.7716535433071 439.37007874015745 251.96850393700788 69.29133858267717 sig.
784.2519685039371 439.37007874015745 220.4724409448819 69.29133858267717 aux
910.2362204724409 439.37007874015745 377.9527559055118 69.29133858267717 éditeurs
1193.7007874015749 439.37007874015745 188.9763779527559 69.29133858267717 de
1288.1889763779527 439.37007874015745 188.9763779527559 69.29133858267717 la
1382.6771653543308 439.37007874015745 377.9527559055118 69.29133858267717 nouvelle
1664.5669291338584 439.37007874015745 440.9448818897638 69.29133858267717 Biographie
2011.023622047244 439.37007874015745 220.4724409448819 69.29133858267717 des
2105.511811023622 439.37007874015745 251.96850393700788 69.29133858267717 hommes

311.81102362204723 503.93700787401576 341.73228346456693 69.29133858267717 vivants.
568.503937007874 503.93700787401576 285.03937007874015 69.29133858267717 Liège,
766.9291338582677 503.93700787401576 141.73228346456693 69.29133858267717 2
823.6220472440945 503.93700787401576 313.38582677165357 69.29133858267717 juillet
1051.9685039370079 503.93700787401576 256.6929133858268 69.29133858267717 1820.
1222.0472440944882 503.93700787401576 141.73228346456693 69.29133858267717 3
1278.740157480315 503.93700787401576 170.07874015748033 69.29133858267717 p.
1337.007874015748 503.93700787401576 200.0 69.29133858267717 in

357.4803149606299 568.503937007874 231.49606299212599 64.56692913385827 Belle
511.81102362204723 568.503937007874 256.6929133858268 64.56692913385827 lettre
691.3385826771654 568.503937007874 206.29921259842519 64.56692913385827 dans
820.4724409448819 568.503937007874 308.66141732283467 64.56692913385827 laquelle
1050.3937007874015 568.503937007874 154.33070866141733 64.56692913385827 il
1127.5590551181103 568.503937007874 256.6929133858268 64.56692913385827 relève
1308.6614173228347 568.503937007874 179.5275590551181 64.56692913385827 les
1411.023622047244 568.503937007874 283.46456692913387 64.56692913385827 erreurs
1617.3228346456692 568.503937007874 333.8582677165354 64.56692913385827 commises,
1874.015748031496 568.503937007874 179.5275590551181 64.56692913385827 par
1976.3779527559054 568.503937007874 308.66141732283467 64.56692913385827 l’auteur
2207.8740157480315 568.503937007874 154.33070866141733 64.56692913385827 de
2259.8425196850394 568.503937007874 102.36220472440945 64.56692913385827 sa

300.78740157480314 625.1968503937007 385.8267716535433 61.41732283464567 biographie,
609.4488188976378 625.1968503937007 154.33070866141733 61.41732283464567 et
686.6141732283464 625.1968503937007 283.46456692913387 61.41732283464567 indique
892.9133858267717 625.1968503937007 181.10236220472441 61.41732283464567 les
995.2755905511812 625.1968503937007 385.8267716535433 61.41732283464567 changements
1305.5118110236222 625.1968503937007 129.13385826771653 61.41732283464567 à
1330.708661417323 625.1968503937007 206.29921259842519 61.41732283464567 faire.

40.94488188976378 697.6377952755905 250.39370078740157 85.03937007874016 10.
184.251968503937 697.6377952755905 785.8267716535433 85.03937007874016 BEAUVILLIER
862.992125984252 697.6377952755905 321.25984251968504 85.03937007874016 (Paul
1077.1653543307086 697.6377952755905 250.39370078740157 85.03937007874016 duc
1220.4724409448818 697.6377952755905 286.61417322834643 85.03937007874016 de),
1398.4251968503936 697.6377952755905 500.78740157480314 85.03937007874016 gouverneur
1792.1259842519685 697.6377952755905 214.17322834645668 85.03937007874016 du
1899.2125984251968 697.6377952755905 250.39370078740157 85.03937007874016 duc
2042.5196850393702 697.6377952755905 214.17322834645668 85.03937007874016 de
2113.3858267716537 697.6377952755905 250.39370078740157 85.03937007874016 Bour

292.9133858267717 785.8267716535433 330.70866141732284 75.59055118110236 gogne,
524.4094488188977 785.8267716535433 429.9212598425197 75.59055118110236 ministre,
822.0472440944882 785.8267716535433 198.4251968503937 75.59055118110236 etc.

373.2283464566929 867.7165354330708 171.6535433070866 67.71653543307086 L.
458.26771653543307 867.7165354330708 229.92125984251967 67.71653543307086 aut.
601.5748031496063 867.7165354330708 229.92125984251967 67.71653543307086 sig.
744.8818897637796 867.7165354330708 143.30708661417322 67.71653543307086 à
803.1496062992126 867.7165354330708 344.88188976377955 67.71653543307086 l’évêque
1061.4173228346456 867.7165354330708 314.96062992125985 67.71653543307086 d’Alet.
1289.763779527559 867.7165354330708 258.26771653543307 67.71653543307086 1699.
1462.992125984252 867.7165354330708 143.30708661417322 67.71653543307086 3
1519.6850393700788 867.7165354330708 171.6535433070866 67.71653543307086 p.
1577.9527559055118 867.7165354330708 200.0 67.71653543307086 in

40.94488188976378 930.7086614173228 234.64566929133858 102.36220472440945 11.
174.8031496062992 930.7086614173228 639.3700787401575 102.36220472440945 BÉRANGER
713.3858267716536 930.7086614173228 234.64566929133858 102.36220472440945 (P.
847.2440944881889 930.7086614173228 201.5748031496063 102.36220472440945 J.
948.0314960629921 930.7086614173228 269.29133858267716 102.36220472440945 de),
1116.5354330708662 930.7086614173228 302.3622047244094 102.36220472440945 poëte
1318.1102362204724 930.7086614173228 201.5748031496063 102.36220472440945 et
1418.8976377952756 930.7086614173228 503.93700787401576 102.36220472440945 chansonnier
1788.976377952756 930.7086614173228 335.43307086614175 102.36220472440945 célèbre.

373.2283464566929 1034.6456692913387 176.3779527559055 67.71653543307086 L.
461.4173228346457 1034.6456692913387 236.2204724409449 67.71653543307086 aut.
609.4488188976378 1034.6456692913387 236.2204724409449 67.71653543307086 sig.
755.9055118110236 1034.6456692913387 146.45669291338584 67.71653543307086 à
815.7480314960629 1034.6456692913387 352.755905511811 67.71653543307086 Arnault.
1080.3149606299212 1034.6456692913387 294.48818897637796 67.71653543307086 Paris,
1286.6141732283465 1034.6456692913387 176.3779527559055 67.71653543307086 25
1374.8031496062993 1034.6456692913387 470.86614173228344 67.71653543307086 vendémiaire.
1757.4803149606298 1034.6456692913387 146.45669291338584 67.71653543307086 2
1815.748031496063 1034.6456692913387 176.3779527559055 67.71653543307086 p.
1903.9370078740158 1034.6456692913387 206.29921259842519 67.71653543307086 1/2
1992.1259842519685 1034.6456692913387 206.29921259842519 67.71653543307086 in

351.18110236220474 1099.2125984251968 223.6220472440945 69.29133858267717 Belle
500.78740157480314 1099.2125984251968 149.60629921259843 69.29133858267717 et
576.3779527559055 1099.2125984251968 398.4251968503937 69.29133858267717 intéressante
899.2125984251968 1099.2125984251968 248.8188976377953 69.29133858267717 lettre
1074.015748031496 1099.2125984251968 200.0 69.29133858267717 dans
1198.4251968503936 1099.2125984251968 299.21259842519686 69.29133858267717 laquelle
1422.0472440944882 1099.2125984251968 149.60629921259843 69.29133858267717 il
1497.6377952755906 1099.2125984251968 174.8031496062992 69.29133858267717 lui
1596.8503937007874 1099.2125984251968 200.0 69.29133858267717 fait
1721.259842519685 1099.2125984251968 200.0 69.29133858267717 part
1845.6692913385828 1099.2125984251968 223.6220472440945 69.29133858267717 qu’il
1995.275590551181 1099.2125984251968 124.40944881889764 69.29133858267717 a
2044.0944881889764 1099.2125984251968 324.40944881889766 69.29133858267717 recherché
2269.2913385826773 1099.2125984251968 99.21259842519684 69.29133858267717 la

294.48818897637796 1155.9055118110236 362.20472440944883 58.267716535433074 protection
579.5275590551181 1155.9055118110236 155.90551181102362 58.267716535433074 de
656.6929133858267 1155.9055118110236 155.90551181102362 58.267716535433074 M.
733.8582677165355 1155.9055118110236 259.84251968503935 58.267716535433074 Lucien
914.9606299212599 1155.9055118110236 466.1417322834646 58.267716535433074 Bonaparte.....
1303.9370078740158 1155.9055118110236 155.90551181102362 58.267716535433074 Il
1382.6771653543308 1155.9055118110236 259.84251968503935 58.267716535433074 connut
1563.7795275590552 1155.9055118110236 362.20472440944883 58.267716535433074 differents
1848.8188976377953 1155.9055118110236 259.84251968503935 58.267716535433074 essais
2029.9212598425197 1155.9055118110236 155.90551181102362 58.267716535433074 de
2107.0866141732286 1155.9055118110236 155.90551181102362 58.267716535433074 ma
2159.0551181102364 1155.9055118110236 207.8740157480315 58.267716535433074 faible

297.6377952755906 1215.748031496063 206.29921259842519 55.118110236220474 muse,
436.2204724409449 1215.748031496063 206.29921259842519 55.118110236220474 entre
573.2283464566929 1215.748031496063 229.92125984251967 55.118110236220474 autres
733.8582677165355 1215.748031496063 137.00787401574803 55.118110236220474 un
803.1496062992126 1215.748031496063 206.29921259842519 55.118110236220474 poëme
940.1574803149606 1215.748031496063 137.00787401574803 55.118110236220474 du
1009.4488188976378 1215.748031496063 388.9763779527559 55.118110236220474 Déluge
1329.1338582677165 1215.748031496063 137.00787401574803 55.118110236220474 et
1398.4251968503936 1215.748031496063 137.00787401574803 55.118110236220474 un
1467.716535433071 1215.748031496063 137.00787401574803 55.118110236220474 du
1535.4330708661416 1215.748031496063 481.8897637795276 55.118110236220474 Rétablissement
1948.0314960629921 1215.748031496063 137.00787401574803 55.118110236220474 du
1993.7007874015749 1215.748031496063 366.92913385826773 55.118110236220474 Culte.....

291.33858267716533 1269.291338582677 165.35433070866142 64.56692913385827 Il
374.8031496062992 1269.291338582677 360.62992125984255 64.56692913385827 m’engagea
651.9685039370079 1269.291338582677 138.58267716535434 64.56692913385827 à
707.0866141732283 1269.291338582677 332.2834645669291 64.56692913385827 beaucoup
955.9055118110236 1269.291338582677 415.748031496063 64.56692913385827 travailler,
1288.1889763779527 1269.291338582677 165.35433070866142 64.56692913385827 et
1371.6535433070867 1269.291338582677 248.8188976377953 64.56692913385827 comme
1538.5826771653544 1269.291338582677 165.35433070866142 64.56692913385827 je
1620.4724409448818 1269.291338582677 222.04724409448818 64.56692913385827 n’ai
1759.0551181102362 1269.291338582677 332.2834645669291 64.56692913385827 personne
2007.8740157480315 1269.291338582677 222.04724409448818 64.56692913385827 pour
2119.685039370079 1269.291338582677 248.8188976377953 64.56692913385827 diriger

288.18897637795277 1325.984251968504 166.9291338582677 64.56692913385827 ma
371.65354330708664 1325.984251968504 360.62992125984255 64.56692913385827 jeunesse,
648.8188976377953 1325.984251968504 166.9291338582677 64.56692913385827 me
732.2834645669292 1325.984251968504 277.1653543307087 64.56692913385827 promit
925.9842519685039 1325.984251968504 193.70078740157481 64.56692913385827 des
1037.7952755905512 1325.984251968504 332.2834645669291 64.56692913385827 conseils
1286.6141732283465 1325.984251968504 193.70078740157481 64.56692913385827 que
1398.4251968503936 1325.984251968504 332.2834645669291 64.56692913385827 dès-lors
1647.244094488189 1325.984251968504 193.70078740157481 64.56692913385827 ses
1759.0551181102362 1325.984251968504 305.51181102362204 64.56692913385827 voyages
1952.755905511811 1325.984251968504 415.748031496063 64.56692913385827 l'empêchèrent

291.33858267716533 1382.6771653543308 160.62992125984252 64.56692913385827 de
371.65354330708664 1382.6771653543308 160.62992125984252 64.56692913385827 me
451.9685039370079 1382.6771653543308 292.9133858267717 64.56692913385827 donner.
664.5669291338583 1382.6771653543308 133.85826771653544 64.56692913385827 A
718.1102362204724 1382.6771653543308 185.82677165354332 64.56692913385827 son
825.1968503937007 1382.6771653543308 266.1417322834646 64.56692913385827 retour
1011.0236220472441 1382.6771653543308 133.85826771653544 64.56692913385827 à
1064.5669291338584 1382.6771653543308 266.1417322834646 64.56692913385827 Paris,
1250.3937007874015 1382.6771653543308 160.62992125984252 64.56692913385827 il
1330.708661417323 1382.6771653543308 133.85826771653544 64.56692913385827 y
1384.251968503937 1382.6771653543308 133.85826771653544 64.56692913385827 a
1437.7952755905512 1382.6771653543308 185.82677165354332 64.56692913385827 six
1543.3070866141732 1382.6771653543308 239.37007874015748 64.56692913385827 mois,
1703.9370078740158 1382.6771653543308 160.62992125984252 64.56692913385827 je
1784.251968503937 1382.6771653543308 185.82677165354332 64.56692913385827 lui
1889.763779527559 1382.6771653543308 239.37007874015748 64.56692913385827 remis
2050.3937007874015 1382.6771653543308 160.62992125984252 64.56692913385827 un
2130.7086614173227 1382.6771653543308 239.37007874015748 64.56692913385827 poëme
2262.9921259842517 1382.6771653543308 107.08661417322834 64.56692913385827 de

294.48818897637796 1437.7952755905512 146.45669291338584 64.56692913385827 la
366.92913385826773 1437.7952755905512 269.29133858267716 64.56692913385827 Mort
562.2047244094488 1437.7952755905512 146.45669291338584 64.56692913385827 de
636.2204724409448 1437.7952755905512 341.73228346456693 64.56692913385827 Néron,
903.9370078740158 1437.7952755905512 195.2755905511811 64.56692913385827 dont
1026.7716535433071 1437.7952755905512 146.45669291338584 64.56692913385827 je
1099.2125984251968 1437.7952755905512 171.6535433070866 64.56692913385827 lui
1196.8503937007874 1437.7952755905512 244.09448818897638 64.56692913385827 devais
1368.5039370078741 1437.7952755905512 146.45669291338584 64.56692913385827 le
1440.9448818897638 1437.7952755905512 244.09448818897638 64.56692913385827 sujet,
1612.5984251968505 1437.7952755905512 146.45669291338584 64.56692913385827 il
1685.0393700787401 1437.7952755905512 146.45669291338584 64.56692913385827 me
1759.0551181102362 1437.7952755905512 220.4724409448819 64.56692913385827 donna
1905.5118110236222 1437.7952755905512 171.6535433070866 64.56692913385827 des
2003.1496062992126 1437.7952755905512 269.29133858267716 64.56692913385827 marques
2198.4251968503936 1437.7952755905512 146.45669291338584 64.56692913385827 de
2247.244094488189 1437.7952755905512 122.83464566929133 64.56692913385827 son

291.33858267716533 1497.6377952755906 459.84251968503935 62.99212598425197 contentement,
669.2913385826772 1497.6377952755906 351.18110236220474 62.99212598425197 m’engagea
940.1574803149606 1497.6377952755906 162.20472440944883 62.99212598425197 de
1020.4724409448819 1497.6377952755906 297.6377952755906 62.99212598425197 nouveau
1236.2204724409448 1497.6377952755906 135.43307086614172 62.99212598425197 à
1291.3385826771653 1497.6377952755906 188.9763779527559 62.99212598425197 lui
1398.4251968503936 1497.6377952755906 242.51968503937007 62.99212598425197 faire
1560.6299212598426 1497.6377952755906 324.40944881889766 62.99212598425197 parvenir
1804.724409448819 1497.6377952755906 188.9763779527559 62.99212598425197 mes
1911.8110236220473 1497.6377952755906 351.18110236220474 62.99212598425197 ouvrages,
2182.6771653543306 1497.6377952755906 162.20472440944883 62.99212598425197 et
2236.220472440945 1497.6377952755906 135.43307086614172 62.99212598425197 par

289.76377952755905 1551.1811023622047 289.76377952755905 61.41732283464567 malheur
500.78740157480314 1551.1811023622047 341.73228346456693 61.41732283464567 s’éloigna
763.7795275590552 1551.1811023622047 395.2755905511811 61.41732283464567 encore.....
1080.3149606299212 1551.1811023622047 211.0236220472441 61.41732283464567 J’ai
1211.023622047244 1551.1811023622047 262.99212598425197 61.41732283464567 besoin
1395.275590551181 1551.1811023622047 289.76377952755905 61.41732283464567 d'avoir
1606.2992125984251 1551.1811023622047 157.48031496062993 61.41732283464567 un
1685.0393700787401 1551.1811023622047 236.2204724409449 61.41732283464567 guide
1844.0944881889764 1551.1811023622047 289.76377952755905 61.41732283464567 éclairé
2053.5433070866143 1551.1811023622047 236.2204724409449 61.41732283464567 avant
2212.5984251968503 1551.1811023622047 157.48031496062993 61.41732283464567 de
2264.566929133858 1551.1811023622047 105.51181102362204 61.41732283464567 me

288.18897637795277 1607.8740157480315 266.1417322834646 64.56692913385827 lancer
474.01574803149606 1607.8740157480315 212.5984251968504 64.56692913385827 dans
607.8740157480315 1607.8740157480315 159.0551181102362 64.56692913385827 la
688.1889763779527 1607.8740157480315 319.68503937007875 64.56692913385827 carrière
927.5590551181102 1607.8740157480315 185.82677165354332 64.56692913385827 des
1033.0708661417323 1607.8740157480315 319.68503937007875 64.56692913385827 lettres,
1272.4409448818897 1607.8740157480315 212.5984251968504 64.56692913385827 vous
1406.2992125984251 1607.8740157480315 212.5984251968504 64.56692913385827 ètes
1538.5826771653544 1607.8740157480315 373.2283464566929 64.56692913385827 intimement
1831.4960629921259 1607.8740157480315 185.82677165354332 64.56692913385827 lié
1938.5826771653544 1607.8740157480315 212.5984251968504 64.56692913385827 avec
2070.8661417322833 1607.8740157480315 159.0551181102362 64.56692913385827 M.
2124.4094488188975 1607.8740157480315 239.37007874015748 64.56692913385827 Lucien,

291.33858267716533 1664.5669291338584 225.1968503937008 64.56692913385827 j’ose
440.9448818897638 1664.5669291338584 200.0 64.56692913385827 vous
566.9291338582677 1664.5669291338584 225.1968503937008 64.56692913385827 prier
716.5354330708661 1664.5669291338584 149.60629921259843 64.56692913385827 de
792.1259842519685 1664.5669291338584 200.0 64.56692913385827 m’en
916.5354330708661 1664.5669291338584 275.59055118110234 64.56692913385827 servir,
1116.5354330708662 1664.5669291338584 124.40944881889764 64.56692913385827 à
1166.9291338582677 1664.5669291338584 174.8031496062992 64.56692913385827 cet
1267.716535433071 1664.5669291338584 225.1968503937008 64.56692913385827 effet
1417.3228346456692 1664.5669291338584 149.60629921259843 64.56692913385827 je
1492.9133858267717 1664.5669291338584 225.1968503937008 64.56692913385827 joins
1642.5196850393702 1664.5669291338584 124.40944881889764 64.56692913385827 à
1692.9133858267717 1664.5669291338584 149.60629921259843 64.56692913385827 la
1768.5039370078741 1664.5669291338584 300.78740157480314 64.56692913385827 présente
1993.7007874015749 1664.5669291338584 149.60629921259843 64.56692913385827 le
2067.716535433071 1664.5669291338584 225.1968503937008 64.56692913385827 petit
2193.700787401575 1664.5669291338584 174.8031496062992 64.56692913385827 poëme

291.33858267716533 1721.259842519685 148.03149606299212 64.56692913385827 de
365.3543307086614 1721.259842519685 418.8976377952756 64.56692913385827 Néron,
711.8110236220473 1721.259842519685 148.03149606299212 64.56692913385827 et
785.8267716535433 1721.259842519685 173.22834645669292 64.56692913385827 une
885.0393700787401 1721.259842519685 173.22834645669292 64.56692913385827 ode
982.6771653543307 1721.259842519685 173.22834645669292 64.56692913385827 que
1081.8897637795276 1721.259842519685 196.8503937007874 64.56692913385827 j’ai
1204.724409448819 1721.259842519685 270.86614173228344 64.56692913385827 envoyée
1403.1496062992126 1721.259842519685 148.03149606299212 64.56692913385827 il
1477.1653543307086 1721.259842519685 122.83464566929133 64.56692913385827 y
1525.984251968504 1721.259842519685 122.83464566929133 64.56692913385827 a
1574.8031496062993 1721.259842519685 296.06299212598424 64.56692913385827 quelques
1796.8503937007874 1721.259842519685 222.04724409448818 64.56692913385827 mois,
1946.4566929133857 1721.259842519685 122.83464566929133 64.56692913385827 à
1995.275590551181 1721.259842519685 222.04724409448818 64.56692913385827 celui
2143.3070866141734 1721.259842519685 196.8503937007874 64.56692913385827 pour
2242.51968503937 1721.259842519685 122.83464566929133 64.56692913385827 qui

289.76377952755905 1777.9527559055118 203.1496062992126 61.41732283464567 j’ai
415.748031496063 1777.9527559055118 228.3464566929134 61.41732283464567 conçu
568.503937007874 1777.9527559055118 152.75590551181102 61.41732283464567 la
644.0944881889764 1777.9527559055118 203.1496062992126 61.41732283464567 plus
771.6535433070866 1777.9527559055118 203.1496062992126 61.41732283464567 vive
897.6377952755905 1777.9527559055118 582.6771653543307 61.41732283464567 reconnaissance.....
1404.724409448819 1777.9527559055118 152.75590551181102 61.41732283464567 Il
1481.8897637795276 1777.9527559055118 253.54330708661416 61.41732283464567 ajoute
1658.267716535433 1777.9527559055118 228.3464566929134 61.41732283464567 qu’il
1811.023622047244 1777.9527559055118 125.98425196850394 61.41732283464567 a
1861.4173228346456 1777.9527559055118 303.93700787401576 61.41732283464567 dédaigné
2089.763779527559 1777.9527559055118 152.75590551181102 61.41732283464567 la
2165.3543307086616 1777.9527559055118 203.1496062992126 61.41732283464567 voie
2267.716535433071 1777.9527559055118 100.78740157480316 61.41732283464567 de

291.33858267716533 1834.6456692913387 409.4488188976378 61.41732283464567 l’adulation
618.8976377952756 1834.6456692913387 218.89763779527559 61.41732283464567 pour
755.9055118110236 1834.6456692913387 300.78740157480314 61.41732283464567 réussir
974.8031496062993 1834.6456692913387 274.01574803149606 61.41732283464567 auprês
1165.3543307086613 1834.6456692913387 163.7795275590551 61.41732283464567 de
1247.244094488189 1834.6456692913387 163.7795275590551 61.41732283464567 M.
1329.1338582677165 1834.6456692913387 300.78740157480314 61.41732283464567 Lucien,
1548.0314960629921 1834.6456692913387 163.7795275590551 61.41732283464567 et
1629.9212598425197 1834.6456692913387 245.66929133858267 61.41732283464567 qu’il
1793.7007874015749 1834.6456692913387 218.89763779527559 61.41732283464567 veut
1930.708661417323 1834.6456692913387 163.7795275590551 61.41732283464567 en
2012.5984251968505 1834.6456692913387 218.89763779527559 61.41732283464567 agir
2149.6062992125985 1834.6456692913387 163.7795275590551 61.41732283464567 de
2204.7244094488187 1834.6456692913387 163.7795275590551 61.41732283464567 même

292.9133858267717 1891.3385826771653 203.1496062992126 61.41732283464567 avec
418.8976377952756 1891.3385826771653 303.93700787401576 61.41732283464567 lui.....
647.2440944881889 1891.3385826771653 152.75590551181102 61.41732283464567 De
722.8346456692914 1891.3385826771653 203.1496062992126 61.41732283464567 quoi
850.3937007874016 1891.3385826771653 152.75590551181102 61.41732283464567 me
925.9842519685039 1891.3385826771653 379.5275590551181 61.41732283464567 serviraient
1229.9212598425197 1891.3385826771653 354.3307086614173 61.41732283464567 d’ailleurs
1508.6614173228347 1891.3385826771653 177.95275590551182 61.41732283464567 les
1609.4488188976377 1891.3385826771653 253.54330708661416 61.41732283464567 éloges
1787.4015748031495 1891.3385826771653 177.95275590551182 61.41732283464567 que
1888.1889763779527 1891.3385826771653 152.75590551181102 61.41732283464567 je
1965.3543307086613 1891.3385826771653 303.93700787401576 61.41732283464567 pourrais
2166.9291338582675 1891.3385826771653 203.1496062992126 61.41732283464567 donner

291.33858267716533 1946.4566929133857 122.83464566929133 67.71653543307086 à
341.73228346456693 1946.4566929133857 292.9133858267717 67.71653543307086 l’auteur
560.6299212598425 1946.4566929133857 146.45669291338584 67.71653543307086 de
634.6456692913385 1946.4566929133857 440.9448818897638 67.71653543307086 Marius?
1001.5748031496063 1946.4566929133857 269.29133858267716 67.71653543307086 Lorsque
1196.8503937007874 1946.4566929133857 146.45669291338584 67.71653543307086 la
1270.8661417322835 1946.4566929133857 195.2755905511811 67.71653543307086 voix
1393.7007874015749 1946.4566929133857 146.45669291338584 67.71653543307086 du
1466.1417322834645 1946.4566929133857 244.09448818897638 67.71653543307086 public
1637.7952755905512 1946.4566929133857 220.4724409448819 67.71653543307086 s’est
1784.251968503937 1946.4566929133857 195.2755905511811 67.71653543307086 fait
1907.0866141732283 1946.4566929133857 292.9133858267717 67.71653543307086 entendre
2127.5590551181103 1946.4566929133857 146.45669291338584 67.71653543307086 en
2176.3779527559054 1946.4566929133857 195.2755905511811 67.71653543307086 pareil

286.61417322834643 2004.724409448819 225.1968503937008 58.267716535433074 cas,
426.7716535433071 2004.724409448819 253.54330708661416 58.267716535433074 celle
596.8503937007874 2004.724409448819 196.8503937007874 58.267716535433074 des
708.6614173228346 2004.724409448819 450.3937007874016 58.267716535433074 particuliers
1074.015748031496 2004.724409448819 168.50393700787401 58.267716535433074 ne
1159.0551181102362 2004.724409448819 225.1968503937008 58.267716535433074 peut
1299.2125984251968 2004.724409448819 196.8503937007874 58.267716535433074 que
1412.5984251968505 2004.724409448819 337.00787401574803 58.267716535433074 paraître
1664.5669291338584 2004.724409448819 225.1968503937008 58.267716535433074 bien
1806.2992125984251 2004.724409448819 281.8897637795276 58.267716535433074 faible
2003.1496062992126 2004.724409448819 168.50393700787401 58.267716535433074 et
2086.6141732283463 2004.724409448819 225.1968503937008 58.267716535433074 même
2200.0 2004.724409448819 168.50393700787401 58.267716535433074 bien

262.99212598425197 2072.4409448818897 392.12598425196853 45.669291338582674 ennuyeuse...

36.22047244094488 2118.1102362204724 228.3464566929134 78.74015748031496 12.
166.9291338582677 2118.1102362204724 292.9133858267717 78.74015748031496 LE
329.13385826771656 2118.1102362204724 359.0551181102362 78.74015748031496 MÊME.

366.92913385826773 2214.1732283464567 170.07874015748033 66.14173228346456 L.
451.9685039370079 2214.1732283464567 225.1968503937008 66.14173228346456 aut.
593.7007874015748 2214.1732283464567 225.1968503937008 66.14173228346456 sig.
733.8582677165355 2214.1732283464567 198.4251968503937 66.14173228346456 3/4
847.2440944881889 2214.1732283464567 170.07874015748033 66.14173228346456 de
932.2834645669292 2214.1732283464567 170.07874015748033 66.14173228346456 p.
988.9763779527559 2214.1732283464567 198.4251968503937 66.14173228346456 in

37.79527559055118 2280.314960629921 225.1968503937008 85.03937007874016 13.
165.35433070866142 2280.314960629921 612.5984251968504 85.03937007874016 BERGASSE
681.8897637795276 2280.314960629921 289.76377952755905 85.03937007874016 (N.),
875.5905511811023 2280.314960629921 322.8346456692913 85.03937007874016 avocat
1102.3622047244094 2280.314960629921 193.70078740157481 85.03937007874016 et
1166.9291338582677 2280.314960629921 418.8976377952756 85.03937007874016 publiciste.

362.20472440944883 2365.3543307086616 196.8503937007874 69.29133858267717 L.
461.4173228346457 2365.3543307086616 262.99212598425197 69.29133858267717 aut.
625.1968503937007 2365.3543307086616 262.99212598425197 69.29133858267717 sig.
788.9763779527559 2365.3543307086616 229.92125984251967 69.29133858267717 aux
919.6850393700787 2365.3543307086616 360.62992125984255 69.29133858267717 auteurs
1182.6771653543308 2365.3543307086616 196.8503937007874 69.29133858267717 de
1280.3149606299212 2365.3543307086616 196.8503937007874 69.29133858267717 la
1379.5275590551182 2365.3543307086616 458.26771653543307 69.29133858267717 Biographie
1738.5826771653544 2365.3543307086616 229.92125984251967 69.29133858267717 des
1837.7952755905512 2365.3543307086616 524.4094488188977 69.29133858267717 contemporains.

297.6377952755906 2431.496062992126 285.03937007874015 64.56692913385827 Paris,
497.6377952755906 2431.496062992126 256.6929133858268 64.56692913385827 1823,
667.7165354330708 2431.496062992126 143.30708661417322 64.56692913385827 1
725.9842519685039 2431.496062992126 171.6535433070866 64.56692913385827 p.
811.0236220472441 2431.496062992126 200.0 64.56692913385827 1/2
896.0629921259842 2431.496062992126 200.0 64.56692913385827 in

348.0314960629921 2496.0629921259842 223.6220472440945 59.84251968503937 Belle
497.6377952755906 2496.0629921259842 248.8188976377953 59.84251968503937 lettre
672.4409448818898 2496.0629921259842 200.0 59.84251968503937 dans
796.8503937007874 2496.0629921259842 299.21259842519686 59.84251968503937 laquelle
1020.4724409448819 2496.0629921259842 149.60629921259843 59.84251968503937 il
1096.0629921259842 2496.0629921259842 248.8188976377953 59.84251968503937 défend
1269.291338582677 2496.0629921259842 423.62204724409446 59.84251968503937 énergiquement
1618.8976377952756 2496.0629921259842 324.40944881889766 59.84251968503937 Claude
1867.716535433071 2496.0629921259842 248.8188976377953 59.84251968503937 Lucet,
2040.9448818897638 2496.0629921259842 223.6220472440945 59.84251968503937 homme
2166.9291338582675 2496.0629921259842 200.0 59.84251968503937 de

296.06299212598424 2554.3307086614172 348.0314960629921 59.84251968503937 lettres,
574.8031496062993 2554.3307086614172 140.15748031496062 59.84251968503937 né
645.6692913385826 2554.3307086614172 116.53543307086615 59.84251968503937 à
691.3385826771654 2554.3307086614172 511.81102362204723 59.84251968503937 Pont-de-Vesle,
1133.8582677165355 2554.3307086614172 233.0708661417323 59.84251968503937 contre
1296.0629921259842 2554.3307086614172 162.20472440944883 59.84251968503937 les
1388.976377952756 2554.3307086614172 278.74015748031496 59.84251968503937 attaques
1598.4251968503936 2554.3307086614172 278.74015748031496 59.84251968503937 dirigées
1807.8740157480315 2554.3307086614172 233.0708661417323 59.84251968503937 contre
1970.0787401574803 2554.3307086614172 162.20472440944883 59.84251968503937 lui
2062.9921259842517 2554.3307086614172 185.82677165354332 59.84251968503937 dans
2179.527559055118 2554.3307086614172 140.15748031496062 59.84251968503937 la
2225.196850393701 2554.3307086614172 140.15748031496062 59.84251968503937 Bio

267.7165354330709 2611.0236220472443 251.96850393700788 55.118110236220474 graphie.

34.645669291338585 2667.716535433071 236.2204724409449 83.46456692913385 14.
168.50393700787401 2667.716535433071 540.1574803149606 83.46456692913385 BERRY
607.8740157480315 2667.716535433071 776.3779527559055 83.46456692913385 (Charles-Ferdinand,
1283.4645669291338 2667.716535433071 236.2204724409449 83.46456692913385 duc
1418.8976377952756 2667.716535433071 270.86614173228344 83.46456692913385 de),
1587.4015748031495 2667.716535433071 270.86614173228344 83.46456692913385 fils
1755.9055118110236 2667.716535433071 203.1496062992126 83.46456692913385 de
1856.6929133858268 2667.716535433071 371.65354330708664 83.46456692913385 France,
2092.9133858267714 2667.716535433071 270.86614173228344 83.46456692913385 assas-

280.31496062992125 2752.755905511811 278.74015748031496 78.74015748031496 siné
455.11811023622045 2752.755905511811 244.09448818897638 78.74015748031496 par
593.7007874015748 2752.755905511811 349.6062992125984 78.74015748031496 Louvel
839.3700787401575 2752.755905511811 209.4488188976378 78.74015748031496 en
908.6614173228346 2752.755905511811 244.09448818897638 78.74015748031496 1820.

360.62992125984255 2837.7952755905512 179.5275590551181 64.56692913385827 L.
450.3937007874016 2837.7952755905512 239.37007874015748 64.56692913385827 aut.
600.0 2837.7952755905512 239.37007874015748 64.56692913385827 sig.
751.1811023622047 2837.7952755905512 300.78740157480314 64.56692913385827 Hanau,
960.6299212598425 2837.7952755905512 179.5275590551181 64.56692913385827 11
1050.3937007874015 2837.7952755905512 239.37007874015748 64.56692913385827 mars
1200.0 2837.7952755905512 269.29133858267716 64.56692913385827 1793.
1381.1023622047244 2837.7952755905512 149.60629921259843 64.56692913385827 1
1440.9448818897638 2837.7952755905512 179.5275590551181 64.56692913385827 p.
1530.708661417323 2837.7952755905512 269.29133858267716 64.56692913385827 in-4.
1710.236220472441 2837.7952755905512 269.29133858267716 64.56692913385827 Belle
1861.4173228346456 2837.7952755905512 269.29133858267716 64.56692913385827 lettre.

352.755905511811 2900.787401574803 229.92125984251967 58.267716535433074 ...Je
505.51181102362204 2900.787401574803 203.1496062992126 58.267716535433074 n’ai
633.0708661417323 2900.787401574803 152.75590551181102 58.267716535433074 pu
708.6614173228346 2900.787401574803 203.1496062992126 58.267716535433074 plus
836.2204724409448 2900.787401574803 177.95275590551182 58.267716535433074 tôt
938.5826771653543 2900.787401574803 305.51181102362204 58.267716535433074 répondre
1166.9291338582677 2900.787401574803 127.55905511811024 58.267716535433074 à
1218.8976377952756 2900.787401574803 152.75590551181102 58.267716535433074 la
1294.4881889763778 2900.787401574803 255.11811023622047 58.267716535433074 lettre
1472.4409448818897 2900.787401574803 177.95275590551182 58.267716535433074 que
1574.8031496062993 2900.787401574803 203.1496062992126 58.267716535433074 vous
1702.3622047244094 2900.787401574803 255.11811023622047 58.267716535433074 m’avez
1880.3149606299212 2900.787401574803 255.11811023622047 58.267716535433074 écrite
2058.267716535433 2900.787401574803 177.95275590551182 58.267716535433074 sur
2160.6299212598424 2900.787401574803 152.75590551181102 58.267716535433074 la
2211.0236220472443 2900.787401574803 152.75590551181102 58.267716535433074 mort

291.33858267716533 2957.48031496063 154.33070866141733 59.84251968503937 de
368.503937007874 2957.48031496063 231.49606299212599 59.84251968503937 notre
521.2598425196851 2957.48031496063 333.8582677165354 59.84251968503937 infortuné
777.9527559055118 2957.48031496063 333.8582677165354 59.84251968503937 monarque,
1034.6456692913387 2957.48031496063 204.7244094488189 59.84251968503937 vous
1163.7795275590552 2957.48031496063 154.33070866141733 59.84251968503937 me
1240.9448818897638 2957.48031496063 256.6929133858268 59.84251968503937 disiez
1420.4724409448818 2957.48031496063 231.49606299212599 59.84251968503937 qu’il
1574.8031496062993 2957.48031496063 154.33070866141733 59.84251968503937 ne
1651.9685039370079 2957.48031496063 281.8897637795276 59.84251968503937 fallait
1856.6929133858268 2957.48031496063 204.7244094488189 59.84251968503937 plus
1985.8267716535433 2957.48031496063 204.7244094488189 59.84251968503937 être
2113.3858267716537 2957.48031496063 154.33070866141733 59.84251968503937 un
2165.3543307086616 2957.48031496063 204.7244094488189 59.84251968503937 prince

286.61417322834643 3014.1732283464567 341.73228346456693 61.41732283464567 médiocre,
549.6062992125984 3014.1732283464567 184.251968503937 61.41732283464567 non
655.1181102362204 3014.1732283464567 209.4488188976378 61.41732283464567 cela
785.8267716535433 3014.1732283464567 157.48031496062993 61.41732283464567 ne
864.5669291338583 3014.1732283464567 209.4488188976378 61.41732283464567 nous
996.8503937007874 3014.1732283464567 184.251968503937 61.41732283464567 est
1100.7874015748032 3014.1732283464567 209.4488188976378 61.41732283464567 plus
1233.0708661417323 3014.1732283464567 262.99212598425197 61.41732283464567 permis
1417.3228346456692 3014.1732283464567 157.48031496062993 61.41732283464567 et
1496.0629921259842 3014.1732283464567 209.4488188976378 61.41732283464567 j’en
1626.7716535433071 3014.1732283464567 209.4488188976378 61.41732283464567 sais
1757.4803149606298 3014.1732283464567 209.4488188976378 61.41732283464567 trop
1889.763779527559 3014.1732283464567 157.48031496062993 61.41732283464567 la
1968.5039370078741 3014.1732283464567 262.99212598425197 61.41732283464567 vérité
2152.755905511811 3014.1732283464567 209.4488188976378 61.41732283464567 pour
2256.6929133858266 3014.1732283464567 105.51181102362204 61.41732283464567 ne

286.61417322834643 3069.2913385826773 182.6771653543307 61.41732283464567 pas
392.12598425196853 3069.2913385826773 261.4173228346457 61.41732283464567 tâcher
574.8031496062993 3069.2913385826773 130.70866141732284 61.41732283464567 à
626.7716535433071 3069.2913385826773 365.3543307086614 61.41732283464567 m’acquérir
913.3858267716536 3069.2913385826773 261.4173228346457 61.41732283464567 toutes
1096.0629921259842 3069.2913385826773 182.6771653543307 61.41732283464567 les
1201.5748031496064 3069.2913385826773 261.4173228346457 61.41732283464567 vertus
1384.251968503937 3069.2913385826773 182.6771653543307 61.41732283464567 qui
1488.1889763779527 3069.2913385826773 209.4488188976378 61.41732283464567 font
1618.8976377952756 3069.2913385826773 155.90551181102362 61.41732283464567 un
1697.6377952755906 3069.2913385826773 234.64566929133858 61.41732283464567 grand
1826.7716535433071 3069.2913385826773 340.15748031496065 61.41732283464567 prince.....

33.07086614173228 3124.4094488188975 244.09448818897638 97.63779527559055 15.
173.22834645669292 3124.4094488188975 733.8582677165355 97.63779527559055 BERTEZÈNE,
801.5748031496063 3124.4094488188975 349.6062992125984 97.63779527559055 député
1045.6692913385828 3124.4094488188975 209.4488188976378 97.63779527559055 du
1151.1811023622047 3124.4094488188975 280.31496062992125 97.63779527559055 Gard
1325.984251968504 3124.4094488188975 174.8031496062992 97.63779527559055 à
1395.275590551181 3124.4094488188975 209.4488188976378 97.63779527559055 la
1466.1417322834645 3124.4094488188975 453.54330708661416 97.63779527559055 Convention.

360.62992125984255 3225.196850393701 423.62204724409446 69.29133858267717 Réfutation
692.9133858267717 3225.196850393701 242.51968503937007 69.29133858267717 aut.
844.0944881889764 3225.196850393701 242.51968503937007 69.29133858267717 sig.
996.8503937007874 3225.196850393701 181.10236220472441 69.29133858267717 de
1086.6141732283465 3225.196850393701 393.7007874015748 69.29133858267717 l’article
1390.5511811023623 3225.196850393701 212.5984251968504 69.29133858267717 qui
1511.8110236220473 3225.196850393701 181.10236220472441 69.29133858267717 le
1601.5748031496064 3225.196850393701 363.7795275590551 69.29133858267717 concerne
1874.015748031496 3225.196850393701 242.51968503937007 69.29133858267717 dans
2025.1968503937007 3225.196850393701 181.10236220472441 69.29133858267717 la
2086.6141732283463 3225.196850393701 272.4409448818898 69.29133858267717 Biogra-

297.6377952755906 3291.3385826771655 253.54330708661416 67.71653543307086 phie
456.6929133858268 3291.3385826771655 222.04724409448818 67.71653543307086 des
582.6771653543307 3291.3385826771655 571.6535433070866 67.71653543307086 contemporains,
1059.8425196850394 3291.3385826771655 349.6062992125984 67.71653543307086 portant
1313.3858267716535 3291.3385826771655 571.6535433070866 67.71653543307086 principalement
1788.976377952756 3291.3385826771655 222.04724409448818 67.71653543307086 sur
1916.5354330708662 3291.3385826771655 222.04724409448818 67.71653543307086 son
2042.5196850393702 3291.3385826771655 253.54330708661416 67.71653543307086 vote
2170.0787401574803 3291.3385826771655 190.5511811023622 67.71653543307086 dans

299.21259842519686 3357.48031496063 174.8031496062992 67.71653543307086 le
387.40157480314963 3357.48031496063 292.9133858267717 67.71653543307086 procès
592.1259842519685 3357.48031496063 174.8031496062992 67.71653543307086 de
680.3149606299213 3357.48031496063 262.99212598425197 67.71653543307086 Louis
855.1181102362204 3357.48031496063 233.0708661417323 67.71653543307086 XVI.
1001.5748031496063 3357.48031496063 146.45669291338584 67.71653543307086 1
1059.8425196850394 3357.48031496063 174.8031496062992 67.71653543307086 p.
1146.4566929133857 3357.48031496063 204.7244094488189 67.71653543307086 pl.
1234.6456692913387 3357.48031496063 204.7244094488189 67.71653543307086 in

33.07086614173228 3423.6220472440946 239.37007874015748 81.88976377952756 16.
170.07874015748033 3423.6220472440946 853.5433070866142 81.88976377952756 BIBLIOGRAPHES.
921.2598425196851 3423.6220472440946 274.01574803149606 81.88976377952756 Huit
1092.9133858267717 3423.6220472440946 376.37795275590554 81.88976377952756 lettres
1365.3543307086613 3423.6220472440946 274.01574803149606 81.88976377952756 aut.
1502.3622047244094 3423.6220472440946 204.7244094488189 81.88976377952756 sig.

357.4803149606299 3510.236220472441 387.40157480314963 67.71653543307086 BARBIER.
647.2440944881889 3510.236220472441 160.62992125984252 67.71653543307086 1
711.8110236220473 3510.236220472441 193.70078740157481 67.71653543307086 p.
807.8740157480315 3510.236220472441 289.76377952755905 67.71653543307086 in-8.
1001.5748031496063 3510.236220472441 160.62992125984252 67.71653543307086 —
1066.1417322834645 3510.236220472441 387.40157480314963 67.71653543307086 BEUCHOT,
1355.9055118110236 3510.236220472441 289.76377952755905 67.71653543307086 1826.
1549.6062992125985 3510.236220472441 160.62992125984252 67.71653543307086 2
1612.5984251968505 3510.236220472441 193.70078740157481 67.71653543307086 p.
1710.236220472441 3510.236220472441 289.76377952755905 67.71653543307086 in-4.
1903.9370078740158 3510.236220472441 160.62992125984252 67.71653543307086 —
1966.9291338582677 3510.236220472441 322.8346456692913 67.71653543307086 CAMUS.
2193.700787401575 3510.236220472441 160.62992125984252 67.71653543307086 1
2225.196850393701 3510.236220472441 129.13385826771653 67.71653543307086 p.

297.6377952755906 3573.228346456693 285.03937007874015 69.29133858267717 in-8.
486.61417322834643 3573.228346456693 157.48031496062993 69.29133858267717 —
551.1811023622047 3573.228346456693 348.0314960629921 69.29133858267717 DEBURE,
803.1496062992126 3573.228346456693 348.0314960629921 69.29133858267717 l’aîné,
1056.6929133858268 3573.228346456693 285.03937007874015 69.29133858267717 1795.
1247.244094488189 3573.228346456693 157.48031496062993 69.29133858267717 1
1310.236220472441 3573.228346456693 190.5511811023622 69.29133858267717 p.
1404.724409448819 3573.228346456693 285.03937007874015 69.29133858267717 in-4.
1595.275590551181 3573.228346456693 157.48031496062993 69.29133858267717 —
1658.267716535433 3573.228346456693 222.04724409448818 69.29133858267717 DES
1784.251968503937 3573.228346456693 316.53543307086613 69.29133858267717 AULNAY
2006.2992125984251 3573.228346456693 285.03937007874015 69.29133858267717 1787.
2196.850393700787 3573.228346456693 157.48031496062993 69.29133858267717 1
2228.3464566929133 3573.228346456693 125.98425196850394 69.29133858267717 p.

291.33858267716533 3640.9448818897636 237.79527559055117 67.71653543307086 1/2
426.7716535433071 3640.9448818897636 305.51181102362204 67.71653543307086 in-4.
628.3464566929134 3640.9448818897636 170.07874015748033 67.71653543307086 —
697.6377952755905 3640.9448818897636 338.5826771653543 67.71653543307086 GAUDIN
933.8582677165355 3640.9448818897636 440.9448818897638 67.71653543307086 (l’abbé).
1272.4409448818897 3640.9448818897636 305.51181102362204 67.71653543307086 Lyon.
1475.5905511811025 3640.9448818897636 305.51181102362204 67.71653543307086 1779.
1678.740157480315 3640.9448818897636 170.07874015748033 67.71653543307086 4
1746.4566929133857 3640.9448818897636 203.1496062992126 67.71653543307086 p.
1848.8188976377953 3640.9448818897636 305.51181102362204 67.71653543307086 in-4.
2051.968503937008 3640.9448818897636 170.07874015748033 67.71653543307086 —
2085.0393700787404 3640.9448818897636 270.86614173228344 67.71653543307086 TERSAN

296.06299212598424 3705.511811023622 348.0314960629921 69.29133858267717 (l’abbé
549.6062992125984 3705.511811023622 253.54330708661416 69.29133858267717 de).
707.0866141732283 3705.511811023622 157.48031496062993 69.29133858267717 1
770.0787401574803 3705.511811023622 190.5511811023622 69.29133858267717 p.
866.1417322834645 3705.511811023622 316.53543307086613 69.29133858267717 in-12.
1086.6141732283465 3705.511811023622 157.48031496062993 69.29133858267717 —
1149.6062992125985 3705.511811023622 348.0314960629921 69.29133858267717 MORELLI
1403.1496062992126 3705.511811023622 411.0236220472441 69.29133858267717 (l’abbé).
1719.6850393700788 3705.511811023622 190.5511811023622 69.29133858267717 En
1814.1732283464567 3705.511811023622 379.5275590551181 69.29133858267717 Italien.
2067.716535433071 3705.511811023622 285.03937007874015 69.29133858267717 Venise,

300.78740157480314 3774.803149606299 251.96850393700788 61.41732283464567 1808.
469.29133858267716 3774.803149606299 140.15748031496062 61.41732283464567 2
525.9842519685039 3774.803149606299 168.50393700787401 61.41732283464567 p.
581.1023622047244 3774.803149606299 196.8503937007874 61.41732283464567 in

31.496062992125985 3837.7952755905512 240.9448818897638 86.61417322834646 17.
168.50393700787401 3837.7952755905512 686.6141732283464 86.61417322834646 BONAPARTE
752.7559055118111 3837.7952755905512 447.244094488189 86.61417322834646 (Joseph),
1097.6377952755906 3837.7952755905512 240.9448818897638 86.61417322834646 roi
1200.0 3837.7952755905512 412.59842519685037 86.61417322834646 d’Espagne.

366.92913385826773 3924.4094488188975 198.4251968503937 66.14173228346456 L.
466.1417322834646 3924.4094488188975 264.56692913385825 66.14173228346456 aut.
631.496062992126 3924.4094488188975 264.56692913385825 66.14173228346456 sig.
796.8503937007874 3924.4094488188975 198.4251968503937 66.14173228346456 au
896.0629921259842 3924.4094488188975 297.6377952755906 66.14173228346456 baron
1094.4881889763778 3924.4094488188975 198.4251968503937 66.14173228346456 de
1193.7007874015749 3924.4094488188975 396.8503937007874 66.14173228346456 Meneval.
1492.9133858267717 3924.4094488188975 562.2047244094488 66.14173228346456 Pointe-Bruge,
1955.9055118110236 3924.4094488188975 198.4251968503937 66.14173228346456 16
2022.0472440944882 3924.4094488188975 330.70866141732284 66.14173228346456 décembre

303.93700787401576 3992.1259842519685 253.54330708661416 62.99212598425197 1830.
474.01574803149606 3992.1259842519685 141.73228346456693 62.99212598425197 1
530.7086614173228 3992.1259842519685 170.07874015748033 62.99212598425197 p.
585.8267716535433 3992.1259842519685 198.4251968503937 62.99212598425197 in

34.645669291338585 4048.818897637795 247.24409448818898 88.18897637795276 18.
174.8031496062992 4048.818897637795 705.511811023622 88.18897637795276 BONAPARTE
774.8031496062993 4048.818897637795 458.26771653543307 88.18897637795276 (Jérôme),
1127.5590551181103 4048.818897637795 247.24409448818898 88.18897637795276 roi
1267.716535433071 4048.818897637795 211.0236220472441 88.18897637795276 de
1338.5826771653544 4048.818897637795 458.26771653543307 88.18897637795276 Westphalie.

365.3543307086614 4141.7322834645665 182.6771653543307 66.14173228346456 L.
456.6929133858268 4141.7322834645665 244.09448818897638 66.14173228346456 aut.
607.8740157480315 4141.7322834645665 244.09448818897638 66.14173228346456 sig.
760.6299212598425 4141.7322834645665 395.2755905511811 66.14173228346456 Stutgart,
1064.5669291338584 4141.7322834645665 182.6771653543307 66.14173228346456 28
1155.9055118110236 4141.7322834645665 365.3543307086614 66.14173228346456 novembre
1429.9212598425197 4141.7322834645665 274.01574803149606 66.14173228346456 1835.
1612.5984251968505 4141.7322834645665 152.75590551181102 66.14173228346456 1
1674.015748031496 4141.7322834645665 182.6771653543307 66.14173228346456 p.
1735.4330708661416 4141.7322834645665 212.5984251968504 66.14173228346456 in

37.79527559055118 4212.59842519685 239.37007874015748 88.18897637795276 19.
174.8031496062992 4212.59842519685 685.0393700787401 88.18897637795276 BONAPARTE
757.4803149606299 4212.59842519685 513.3858267716536 88.18897637795276 (Caroline),
1168.5039370078741 4212.59842519685 308.66141732283467 88.18897637795276 reine
1374.8031496062993 4212.59842519685 206.29921259842519 88.18897637795276 de
1442.5196850393702 4212.59842519685 308.66141732283467 88.18897637795276 Naples.

373.2283464566929 4297.63779527559 171.6535433070866 67.71653543307086 L.
458.26771653543307 4297.63779527559 228.3464566929134 67.71653543307086 aut.
601.5748031496063 4297.63779527559 228.3464566929134 67.71653543307086 sig.
744.8818897637796 4297.63779527559 171.6535433070866 67.71653543307086 au
829.9212598425197 4297.63779527559 256.6929133858268 67.71653543307086 baron
1001.5748031496063 4297.63779527559 171.6535433070866 67.71653543307086 de
1088.1889763779527 4297.63779527559 343.3070866141732 67.71653543307086 Meneval.
1344.8818897637796 4297.63779527559 143.30708661417322 67.71653543307086 4
1403.1496062992126 4297.63779527559 314.96062992125985 67.71653543307086 janvier
1631.4960629921259 4297.63779527559 256.6929133858268 67.71653543307086 1838.
1803.1496062992126 4297.63779527559 143.30708661417322 67.71653543307086 1
1859.8425196850394 4297.63779527559 171.6535433070866 67.71653543307086 p.
1946.4566929133857 4297.63779527559 200.0 67.71653543307086 pl.
2059.8425196850394 4297.63779527559 256.6929133858268 67.71653543307086 in-8·
2203.149606299213 4297.63779527559 143.30708661417322 67.71653543307086 Jo-

307.0866141732283 4363.779527559055 177.95275590551182 58.267716535433074 lie
382.6771653543307 4363.779527559055 228.3464566929134 58.267716535433074 lettre.

39.37007874015748 4433.070866141732 223.6220472440945 83.46456692913385 20.
166.9291338582677 4433.070866141732 543.3070866141733 83.46456692913385 BOULAY
614.1732283464567 4433.070866141732 192.1259842519685 83.46456692913385 de
710.2362204724409 4433.070866141732 192.1259842519685 83.46456692913385 la
806.2992125984252 4433.070866141732 352.755905511811 83.46456692913385 Meurthe
1062.992125984252 4433.070866141732 223.6220472440945 83.46456692913385 (le
1190.5511811023623 4433.070866141732 352.755905511811 83.46456692913385 comte),
1447.244094488189 4433.070866141732 319.68503937007875 83.46456692913385 député
1670.8661417322835 4433.070866141732 192.1259842519685 83.46456692913385 et
1735.4330708661416 4433.070866141732 447.244094488189 83.46456692913385 littérateur.

366.92913385826773 4513.385826771653 176.3779527559055 69.29133858267717 Sa
455.11811023622045 4513.385826771653 412.59842519685037 69.29133858267717 biographie
779.5275590551181 4513.385826771653 234.64566929133858 69.29133858267717 aut.
925.9842519685039 4513.385826771653 234.64566929133858 69.29133858267717 avec
1074.015748031496 4513.385826771653 324.40944881889766 69.29133858267717 ratures
1308.6614173228347 4513.385826771653 176.3779527559055 69.29133858267717 et
1396.8503937007874 4513.385826771653 470.86614173228344 69.29133858267717 corrections.
1779.5275590551182 4513.385826771653 176.3779527559055 69.29133858267717 12
1867.716535433071 4513.385826771653 176.3779527559055 69.29133858267717 p.
1955.9055118110236 4513.385826771653 206.29921259842519 69.29133858267717 pl.
2044.0944881889764 4513.385826771653 206.29921259842519 69.29133858267717 in
