2431.496062992126 4804.724409448819
1000.0 174.8031496062992 321.25984251968504 83.46456692913385 —
1129.1338582677165 174.8031496062992 321.25984251968504 83.46456692913385 5
1193.7007874015749 174.8031496062992 192.1259842519685 83.46456692913385 —

51.968503937007874 314.96062992125985 247.24409448818898 83.46456692913385 21.
192.1259842519685 314.96062992125985 565.3543307086615 83.46456692913385 BOURBOTTE
651.9685039370079 314.96062992125985 458.26771653543307 83.46456692913385 (N.),
1004.7244094488188 314.96062992125985 352.755905511811 83.46456692913385 député
1251.9685039370079 314.96062992125985 212.5984251968504 83.46456692913385 de
1357.4803149606298 314.96062992125985 212.5984251968504 83.46456692913385 la
1462.992125984252 314.96062992125985 388.9763779527559 83.46456692913385 Meurthe
1746.4566929133857 314.96062992125985 176.3779527559055 83.46456692913385 à
1817.3228346456692 314.96062992125985 212.5984251968504 83.46456692913385 la
1888.1889763779527 314.96062992125985 458.26771653543307 83.46456692913385 Convention,

299.21259842519686 403.1496062992126 409.4488188976378 80.31496062992126 décapité
607.8740157480315 403.1496062992126 204.7244094488189 80.31496062992126 en
675.5905511811023 403.1496062992126 239.37007874015748 80.31496062992126 1794.

379.5275590551181 480.31496062992125 182.6771653543307 67.71653543307086 Sa
470.86614173228344 480.31496062992125 333.8582677165354 67.71653543307086 défense
713.3858267716536 480.31496062992125 303.93700787401576 67.71653543307086 devant
924.4094488188977 480.31496062992125 182.6771653543307 67.71653543307086 la
1015.7480314960629 480.31496062992125 425.1968503937008 67.71653543307086 commission
1349.6062992125985 480.31496062992125 425.1968503937008 67.71653543307086 militaire.
1683.4645669291338 480.31496062992125 272.4409448818898 67.71653543307086 Belle
1864.5669291338584 480.31496062992125 272.4409448818898 67.71653543307086 pièce
2047.244094488189 480.31496062992125 242.51968503937007 67.71653543307086 aut.
2168.503937007874 480.31496062992125 182.6771653543307 67.71653543307086 sig.

308.66141732283467 546.4566929133858 244.09448818897638 67.71653543307086 avec
459.84251968503935 546.4566929133858 335.43307086614175 67.71653543307086 ratures
703.9370078740158 546.4566929133858 182.6771653543307 67.71653543307086 et
795.2755905511812 546.4566929133858 488.18897637795277 67.71653543307086 corrections.
1192.1259842519685 546.4566929133858 182.6771653543307 67.71653543307086 32
1283.4645669291338 546.4566929133858 182.6771653543307 67.71653543307086 p.
1374.8031496062993 546.4566929133858 214.17322834645668 67.71653543307086 1/2
1497.6377952755906 546.4566929133858 274.01574803149606 67.71653543307086 in-f.
1680.3149606299212 546.4566929133858 365.3543307086614 67.71653543307086 Document
1924.4094488188975 546.4566929133858 365.3543307086614 67.71653543307086 important.

51.968503937007874 628.3464566929134 226.77165354330708 83.46456692913385 22.
182.6771653543307 628.3464566929134 518.1102362204724 83.46456692913385 BRUCE
603.1496062992126 628.3464566929134 453.54330708661416 83.46456692913385 (Jacques),
959.0551181102362 628.3464566929134 355.90551181102364 83.46456692913385 célèbre
1217.3228346456692 628.3464566929134 388.9763779527559 83.46456692913385 voyageur
1508.6614173228347 628.3464566929134 226.77165354330708 83.46456692913385 aux
1637.7952755905512 628.3464566929134 355.90551181102364 83.46456692913385 sources
1897.6377952755906 628.3464566929134 193.70078740157481 83.46456692913385 du
1962.2047244094488 628.3464566929134 193.70078740157481 83.46456692913385 Nil.

374.8031496062992 708.6614173228346 182.6771653543307 67.71653543307086 L.
466.1417322834646 708.6614173228346 214.17322834645668 67.71653543307086 aut
587.4015748031496 708.6614173228346 244.09448818897638 67.71653543307086 sig.
740.1574803149606 708.6614173228346 182.6771653543307 67.71653543307086 en
831.496062992126 708.6614173228346 396.8503937007874 67.71653543307086 français.
1137.007874015748 708.6614173228346 426.7716535433071 67.71653543307086 Edimbourg,
1472.4409448818897 708.6614173228346 274.01574803149606 67.71653543307086 1790.
1655.1181102362204 708.6614173228346 152.75590551181102 67.71653543307086 1
1714.9606299212599 708.6614173228346 182.6771653543307 67.71653543307086 p.
1807.8740157480315 708.6614173228346 214.17322834645668 67.71653543307086 pl.
1929.1338582677165 708.6614173228346 274.01574803149606 67.71653543307086 in-4.
2081.8897637795276 708.6614173228346 274.01574803149606 67.71653543307086 Cachet.

51.968503937007874 779.5275590551181 234.64566929133858 89.76377952755905 23.
185.82677165354332 779.5275590551181 568.503937007874 89.76377952755905 BRUSLÉ
653.5433070866142 779.5275590551181 200.0 89.76377952755905 et
754.3307086614174 779.5275590551181 601.5748031496063 89.76377952755905 MALLET,
1255.1181102362204 779.5275590551181 535.4330708661417 89.76377952755905 commissaires
1689.763779527559 779.5275590551181 333.8582677165354 89.76377952755905 nommés
1924.4094488188975 779.5275590551181 267.7165354330709 89.76377952755905 pour
2058.267716535433 779.5275590551181 300.78740157480314 89.76377952755905 établir

299.21259842519686 877.1653543307086 182.6771653543307 64.56692913385827 le
390.5511811023622 877.1653543307086 275.59055118110234 64.56692913385827 culte
573.2283464566929 877.1653543307086 182.6771653543307 64.56692913385827 de
666.1417322834645 877.1653543307086 182.6771653543307 64.56692913385827 la
725.9842519685039 877.1653543307086 275.59055118110234 64.56692913385827 Raison.

373.2283464566929 955.9055118110236 314.96062992125985 67.71653543307086 Lettre
593.7007874015748 955.9055118110236 157.48031496062993 67.71653543307086 à
656.6929133858267 955.9055118110236 188.9763779527559 67.71653543307086 A.
751.1811023622047 955.9055118110236 346.45669291338584 67.71653543307086 Dumont,
1003.1496062992126 955.9055118110236 314.96062992125985 67.71653543307086 écrite
1223.6220472440946 955.9055118110236 220.4724409448819 67.71653543307086 par
1349.6062992125985 955.9055118110236 314.96062992125985 67.71653543307086 Bruslé
1571.6535433070867 955.9055118110236 188.9763779527559 67.71653543307086 et
1666.1417322834645 955.9055118110236 314.96062992125985 67.71653543307086 signée
1886.6141732283465 955.9055118110236 220.4724409448819 67.71653543307086 des
2012.5984251968505 955.9055118110236 283.46456692913387 67.71653543307086 deux.
2170.0787401574803 955.9055118110236 188.9763779527559 67.71653543307086 Mon-

307.0866141732283 1022.0472440944882 596.8503937007874 69.29133858267717 tagne-sur-Somme,
814.1732283464567 1022.0472440944882 149.60629921259843 69.29133858267717 4
874.0157480314961 1022.0472440944882 357.4803149606299 69.29133858267717 pluviose
1141.732283464567 1022.0472440944882 179.5275590551181 69.29133858267717 an
1231.4960629921259 1022.0472440944882 209.4488188976378 69.29133858267717 II.
1351.1811023622047 1022.0472440944882 149.60629921259843 69.29133858267717 3
1411.023622047244 1022.0472440944882 179.5275590551181 69.29133858267717 p.
1500.7874015748032 1022.0472440944882 209.4488188976378 69.29133858267717 pl.
1588.976377952756 1022.0472440944882 209.4488188976378 69.29133858267717 in

357.4803149606299 1099.2125984251968 329.13385826771656 59.84251968503937 Document
603.1496062992126 1099.2125984251968 411.0236220472441 59.84251968503937 extrêmement
932.2834645669292 1099.2125984251968 300.78740157480314 59.84251968503937 curieux
1151.1811023622047 1099.2125984251968 247.24409448818898 59.84251968503937 comme
1316.5354330708662 1099.2125984251968 411.0236220472441 59.84251968503937 échantillon
1644.0944881889764 1099.2125984251968 163.7795275590551 59.84251968503937 de
1725.984251968504 1099.2125984251968 247.24409448818898 59.84251968503937 style
1862.992125984252 1099.2125984251968 384.251968503937 59.84251968503937 démagogique.

354.3307086614173 1155.9055118110236 184.251968503937 62.99212598425197 Ils
459.84251968503935 1155.9055118110236 316.53543307086613 62.99212598425197 accusent
697.6377952755905 1155.9055118110236 343.3070866141732 62.99212598425197 réception
962.2047244094488 1155.9055118110236 159.0551181102362 62.99212598425197 de
1040.9448818897638 1155.9055118110236 316.53543307086613 62.99212598425197 l’arrèté
1278.740157480315 1155.9055118110236 211.0236220472441 62.99212598425197 pris
1411.023622047244 1155.9055118110236 184.251968503937 62.99212598425197 par
1516.5354330708662 1155.9055118110236 159.0551181102362 62.99212598425197 A.
1596.8503937007874 1155.9055118110236 264.56692913385825 62.99212598425197 Dumont
1781.1023622047244 1155.9055118110236 211.0236220472441 62.99212598425197 pour
1913.3858267716535 1155.9055118110236 159.0551181102362 62.99212598425197 la
1992.1259842519685 1155.9055118110236 370.0787401574803 62.99212598425197 conversion
2256.6929133858266 1155.9055118110236 105.51181102362204 62.99212598425197 du

299.21259842519686 1214.1732283464567 366.92913385826773 61.41732283464567 ci-devant
582.6771653543307 1214.1732283464567 283.46456692913387 61.41732283464567 temple
779.5275590551181 1214.1732283464567 170.07874015748033 61.41732283464567 de
864.5669291338583 1214.1732283464567 423.62204724409446 61.41732283464567 l’imposture
1204.724409448819 1214.1732283464567 170.07874015748033 61.41732283464567 de
1289.763779527559 1214.1732283464567 622.0472440944882 61.41732283464567 Montagne-sur-Somme
1798.4251968503936 1214.1732283464567 565.3543307086615 61.41732283464567 (Saint

302.3622047244094 1269.291338582677 310.23622047244095 61.41732283464567 Somme),
529.1338582677165 1269.291338582677 170.07874015748033 61.41732283464567 en
612.5984251968504 1269.291338582677 253.54330708661416 61.41732283464567 halle
782.6771653543307 1269.291338582677 170.07874015748033 61.41732283464567 au
867.7165354330708 1269.291338582677 366.92913385826773 61.41732283464567 bleds....
1149.6062992125985 1269.291338582677 225.1968503937008 61.41732283464567 Nous
1291.3385826771653 1269.291338582677 281.8897637795276 61.41732283464567 avions
1488.1889763779527 1269.291338582677 225.1968503937008 61.41732283464567 fait
1629.9212598425197 1269.291338582677 366.92913385826773 61.41732283464567 commencer
1911.8110236220473 1269.291338582677 170.07874015748033 61.41732283464567 le
1968.5039370078741 1269.291338582677 395.2755905511811 61.41732283464567 déménagement

302.3622047244094 1325.984251968504 152.75590551181102 61.41732283464567 du
377.9527559055118 1325.984251968504 330.70866141732284 61.41732283464567 ci-devant
633.0708661417323 1325.984251968504 280.31496062992125 61.41732283464567 temple;
836.2204724409448 1325.984251968504 203.1496062992126 61.41732283464567 déjà
963.7795275590552 1325.984251968504 152.75590551181102 61.41732283464567 le
1040.9448818897638 1325.984251968504 228.3464566929134 61.41732283464567 vieux
1193.7007874015749 1325.984251968504 228.3464566929134 61.41732283464567 saint
1344.8818897637796 1325.984251968504 280.31496062992125 61.41732283464567 Pierre,
1549.6062992125985 1325.984251968504 152.75590551181102 61.41732283464567 le
1625.1968503937007 1325.984251968504 203.1496062992126 61.41732283464567 gros
1752.755905511811 1325.984251968504 228.3464566929134 61.41732283464567 saint
1905.5118110236222 1325.984251968504 381.1023622047244 61.41732283464567 Christophe,
2185.8267716535433 1325.984251968504 177.95275590551182 61.41732283464567 saint

302.3622047244094 1382.6771653543308 269.29133858267716 62.99212598425197 Georges
499.21259842519686 1382.6771653543308 146.45669291338584 62.99212598425197 le
573.2283464566929 1382.6771653543308 196.8503937007874 62.99212598425197 bien
694.488188976378 1382.6771653543308 245.66929133858267 62.99212598425197 monté,
866.1417322834645 1382.6771653543308 146.45669291338584 62.99212598425197 le
940.1574803149606 1382.6771653543308 196.8503937007874 62.99212598425197 bien
1062.992125984252 1382.6771653543308 245.66929133858267 62.99212598425197 coiffé
1234.6456692913387 1382.6771653543308 220.4724409448819 62.99212598425197 saint
1381.1023622047244 1382.6771653543308 220.4724409448819 62.99212598425197 Roch,
1529.1338582677165 1382.6771653543308 146.45669291338584 62.99212598425197 le
1601.5748031496064 1382.6771653543308 196.8503937007874 62.99212598425197 bien
1724.4094488188975 1382.6771653543308 343.3070866141732 62.99212598425197 accompagné
1995.275590551181 1382.6771653543308 220.4724409448819 62.99212598425197 saint
2116.535433070866 1382.6771653543308 245.66929133858267 62.99212598425197 Antoine,

297.6377952755906 1439.3700787401574 152.75590551181102 58.267716535433074 la
373.2283464566929 1439.3700787401574 204.7244094488189 58.267716535433074 bien
500.78740157480314 1439.3700787401574 330.70866141732284 58.267716535433074 amoureuse
755.9055118110236 1439.3700787401574 255.11811023622047 58.267716535433074 sainte
933.8582677165355 1439.3700787401574 305.51181102362204 58.267716535433074 Thérèse,
1163.7795275590552 1439.3700787401574 152.75590551181102 58.267716535433074 le
1240.9448818897638 1439.3700787401574 204.7244094488189 58.267716535433074 gros
1368.5039370078741 1439.3700787401574 204.7244094488189 58.267716535433074 cœur
1496.0629921259842 1439.3700787401574 152.75590551181102 58.267716535433074 du
1571.6535433070867 1439.3700787401574 229.92125984251967 58.267716535433074 sieur
1724.4094488188975 1439.3700787401574 255.11811023622047 58.267716535433074 Jésus,
1903.9370078740158 1439.3700787401574 330.70866141732284 58.267716535433074 ci-devant
2132.283464566929 1439.3700787401574 229.92125984251967 58.267716535433074 Christ,

303.93700787401576 1494.4881889763778 182.6771653543307 70.86614173228347 les
409.4488188976378 1494.4881889763778 286.61417322834643 70.86614173228347 vierges
617.3228346456693 1494.4881889763778 155.90551181102362 70.86614173228347 et
696.0629921259842 1494.4881889763778 234.64566929133858 70.86614173228347 leurs
853.5433070866142 1494.4881889763778 313.38582677165357 70.86614173228347 enfants,
1088.1889763779527 1494.4881889763778 234.64566929133858 70.86614173228347 etc.,
1244.0944881889764 1494.4881889763778 286.61417322834643 70.86614173228347 avaient
1453.5433070866143 1494.4881889763778 182.6771653543307 70.86614173228347 été
1557.4803149606298 1494.4881889763778 286.61417322834643 70.86614173228347 envoyés
1766.9291338582677 1494.4881889763778 155.90551181102362 70.86614173228347 au
1844.0944881889764 1494.4881889763778 286.61417322834643 70.86614173228347 bûcher,
2053.5433070866143 1494.4881889763778 234.64566929133858 70.86614173228347 après
2184.251968503937 1494.4881889763778 182.6771653543307 70.86614173228347 avoir

302.3622047244094 1552.755905511811 211.0236220472441 62.99212598425197 reçu
434.6456692913386 1552.755905511811 291.33858267716533 62.99212598425197 maintes
647.2440944881889 1552.755905511811 448.81889763779526 62.99212598425197 croquignoles,
1017.3228346456693 1552.755905511811 291.33858267716533 62.99212598425197 maintes
1228.3464566929133 1552.755905511811 264.56692913385825 62.99212598425197 orions
1412.5984251968505 1552.755905511811 185.82677165354332 62.99212598425197 qui
1519.6850393700788 1552.755905511811 185.82677165354332 62.99212598425197 les
1625.1968503937007 1552.755905511811 343.3070866141732 62.99212598425197 rendaient
1889.763779527559 1552.755905511811 159.0551181102362 62.99212598425197 un
1968.5039370078741 1552.755905511811 185.82677165354332 62.99212598425197 peu
2047.244094488189 1552.755905511811 318.1102362204724 62.99212598425197 méconnais-

307.0866141732283 1601.5748031496064 253.54330708661416 67.71653543307086 sables
485.03937007874015 1601.5748031496064 127.55905511811024 67.71653543307086 ,
535.4330708661417 1601.5748031496064 127.55905511811024 67.71653543307086 à
585.8267716535433 1601.5748031496064 280.31496062992125 67.71653543307086 l'égard
788.9763779527559 1601.5748031496064 177.95275590551182 67.71653543307086 des
891.3385826771654 1601.5748031496064 253.54330708661416 67.71653543307086 autres
1069.291338582677 1601.5748031496064 330.70866141732284 67.71653543307086 messieurs
1322.8346456692914 1601.5748031496064 152.75590551181102 67.71653543307086 et
1400.0 1601.5748031496064 228.3464566929134 67.71653543307086 dames
1552.755905511811 1601.5748031496064 253.54330708661416 67.71653543307086 peints
1730.708661417323 1601.5748031496064 177.95275590551182 67.71653543307086 sur
1831.4960629921259 1601.5748031496064 253.54330708661416 67.71653543307086 toile,
2009.4488188976377 1601.5748031496064 177.95275590551182 67.71653543307086 sur
2111.8110236220473 1601.5748031496064 228.3464566929134 67.71653543307086 bois,
2237.7952755905512 1601.5748031496064 127.55905511811024 67.71653543307086 sur

303.93700787401576 1664.5669291338584 277.1653543307087 62.99212598425197 papier;
505.51181102362204 1664.5669291338584 277.1653543307087 62.99212598425197 moulés,
705.511811023622 1664.5669291338584 327.5590551181102 62.99212598425197 sculptés,
957.4803149606299 1664.5669291338584 226.77165354330708 62.99212598425197 etc.,
1108.6614173228347 1664.5669291338584 226.77165354330708 62.99212598425197 ainsi
1259.8425196850394 1664.5669291338584 176.3779527559055 62.99212598425197 que
1359.0551181102362 1664.5669291338584 176.3779527559055 62.99212598425197 des
1459.8425196850394 1664.5669291338584 151.1811023622047 62.99212598425197 os
1535.4330708661416 1664.5669291338584 302.3622047244094 62.99212598425197 pourris,
1762.2047244094488 1664.5669291338584 277.1653543307087 62.99212598425197 cariés,
1963.7795275590552 1664.5669291338584 277.1653543307087 62.99212598425197 révérés
2163.779527559055 1664.5669291338584 201.5748031496063 62.99212598425197 sous
2264.566929133858 1664.5669291338584 100.78740157480316 62.99212598425197 le

303.93700787401576 1721.259842519685 184.251968503937 61.41732283464567 nom
409.4488188976378 1721.259842519685 159.0551181102362 61.41732283464567 de
489.76377952755905 1721.259842519685 343.3070866141732 61.41732283464567 reliques,
752.7559055118111 1721.259842519685 159.0551181102362 61.41732283464567 il
833.0708661417323 1721.259842519685 159.0551181102362 61.41732283464567 en
911.8110236220473 1721.259842519685 132.28346456692913 61.41732283464567 a
965.3543307086615 1721.259842519685 184.251968503937 61.41732283464567 été
1070.8661417322835 1721.259842519685 211.0236220472441 61.41732283464567 fait
1203.1496062992126 1721.259842519685 159.0551181102362 61.41732283464567 un
1281.8897637795276 1721.259842519685 264.56692913385825 61.41732283464567 vilain
1467.716535433071 1721.259842519685 422.0472440944882 61.41732283464567 autodafé....
1811.023622047244 1721.259842519685 184.251968503937 61.41732283464567 Les
1916.5354330708662 1721.259842519685 159.0551181102362 61.41732283464567 os
1995.275590551181 1721.259842519685 184.251968503937 61.41732283464567 que
2074.015748031496 1721.259842519685 291.33858267716533 61.41732283464567 contenait

303.93700787401576 1777.9527559055118 234.64566929133858 59.84251968503937 l’une
461.4173228346457 1777.9527559055118 182.6771653543307 59.84251968503937 des
565.3543307086615 1777.9527559055118 286.61417322834643 59.84251968503937 chasses
774.8031496062993 1777.9527559055118 286.61417322834643 59.84251968503937 étaient
982.6771653543307 1777.9527559055118 365.3543307086614 59.84251968503937 enveloppés
1269.291338582677 1777.9527559055118 209.4488188976378 59.84251968503937 dans
1400.0 1777.9527559055118 182.6771653543307 59.84251968503937 une
1503.9370078740158 1777.9527559055118 286.61417322834643 59.84251968503937 chemise
1713.3858267716535 1777.9527559055118 155.90551181102362 59.84251968503937 de
1792.1259842519685 1777.9527559055118 234.64566929133858 59.84251968503937 femme
1948.0314960629921 1777.9527559055118 155.90551181102362 59.84251968503937 et
2026.7716535433071 1777.9527559055118 234.64566929133858 59.84251968503937 parmi
2182.6771653543306 1777.9527559055118 182.6771653543307 59.84251968503937 ces
2261.417322834646 1777.9527559055118 103.93700787401575 59.84251968503937 os

303.93700787401576 1834.6456692913387 231.49606299212599 58.267716535433074 était
458.26771653543307 1834.6456692913387 181.10236220472441 58.267716535433074 une
560.6299212598425 1834.6456692913387 308.66141732283467 58.267716535433074 mâchoire
793.7007874015748 1834.6456692913387 231.49606299212599 58.267716535433074 d’âne
948.0314960629921 1834.6456692913387 206.29921259842519 58.267716535433074 dont
1077.1653543307086 1834.6456692913387 154.33070866141733 58.267716535433074 le
1154.3307086614172 1834.6456692913387 283.46456692913387 58.267716535433074 citoyen
1360.6299212598426 1834.6456692913387 308.66141732283467 58.267716535433074 Baillet,
1592.1259842519685 1834.6456692913387 360.62992125984255 58.267716535433074 chirurgien
1875.5905511811025 1834.6456692913387 154.33070866141733 58.267716535433074 et
1952.755905511811 1834.6456692913387 206.29921259842519 58.267716535433074 juge
2081.8897637795276 1834.6456692913387 154.33070866141733 58.267716535433074 de
2159.0551181102364 1834.6456692913387 206.29921259842519 58.267716535433074 paix
2262.9921259842517 1834.6456692913387 102.36220472440945 58.267716535433074 de

300.78740157480314 1891.3385826771653 226.77165354330708 61.41732283464567 cette
451.9685039370079 1891.3385826771653 251.96850393700788 61.41732283464567 ville,
628.3464566929134 1891.3385826771653 176.3779527559055 61.41732283464567 est
729.1338582677165 1891.3385826771653 302.3622047244094 61.41732283464567 porteur,
955.9055118110236 1891.3385826771653 201.5748031496063 61.41732283464567 pour
1081.8897637795276 1891.3385826771653 151.1811023622047 61.41732283464567 la
1157.4803149606298 1891.3385826771653 277.1653543307087 61.41732283464567 montrer
1359.0551181102362 1891.3385826771653 125.98425196850394 61.41732283464567 à
1409.4488188976377 1891.3385826771653 201.5748031496063 61.41732283464567 tout
1535.4330708661416 1891.3385826771653 151.1811023622047 61.41732283464567 le
1611.023622047244 1891.3385826771653 226.77165354330708 61.41732283464567 monde
1762.2047244094488 1891.3385826771653 226.77165354330708 61.41732283464567 comme
1913.3858267716535 1891.3385826771653 151.1811023622047 61.41732283464567 un
1988.976377952756 1891.3385826771653 377.9527559055118 61.41732283464567 échantillon
2266.1417322834645 1891.3385826771653 100.78740157480316 61.41732283464567 de

302.3622047244094 1948.0314960629921 152.75590551181102 59.84251968503937 la
377.9527559055118 1948.0314960629921 357.4803149606299 59.84251968503937 vénération
658.2677165354331 1948.0314960629921 177.95275590551182 59.84251968503937 que
760.6299212598425 1948.0314960629921 357.4803149606299 59.84251968503937 méritaient
1040.9448818897638 1948.0314960629921 152.75590551181102 59.84251968503937 de
1118.1102362204724 1948.0314960629921 330.70866141732284 59.84251968503937 pareilles
1373.2283464566929 1948.0314960629921 407.87401574803147 59.84251968503937 reliques....
1703.9370078740158 1948.0314960629921 177.95275590551182 59.84251968503937 Ils
1806.2992125984251 1948.0314960629921 330.70866141732284 59.84251968503937 annoncent
2061.417322834646 1948.0314960629921 280.31496062992125 59.84251968503937 ensuite
2239.3700787401576 1948.0314960629921 127.55905511811024 59.84251968503937 que

305.51181102362204 2004.724409448819 174.8031496062992 59.84251968503937 les
404.7244094488189 2004.724409448819 223.6220472440945 59.84251968503937 bancs
554.3307086614174 2004.724409448819 149.60629921259843 59.84251968503937 de
629.9212598425197 2004.724409448819 299.21259842519686 59.84251968503937 l'église
853.5433070866142 2004.724409448819 174.8031496062992 59.84251968503937 ont
952.7559055118111 2004.724409448819 174.8031496062992 59.84251968503937 été
1051.9685039370079 2004.724409448819 248.8188976377953 59.84251968503937 portes
1226.7716535433071 2004.724409448819 198.4251968503937 59.84251968503937 dans
1351.1811023622047 2004.724409448819 149.60629921259843 59.84251968503937 le
1425.1968503937007 2004.724409448819 248.8188976377953 59.84251968503937 Temple
1600.0 2004.724409448819 149.60629921259843 59.84251968503937 de
1674.015748031496 2004.724409448819 149.60629921259843 59.84251968503937 la
1724.4094488188975 2004.724409448819 223.6220472440945 59.84251968503937 Raison.

48.818897637795274 2074.015748031496 240.9448818897638 83.46456692913385 24.
187.4015748031496 2074.015748031496 722.8346456692914 83.46456692913385 BUONAPARTE
806.2992125984252 2074.015748031496 414.1732283464567 83.46456692913385 (Charles
1116.5354330708662 2074.015748031496 275.59055118110234 83.46456692913385 de),
1289.763779527559 2074.015748031496 275.59055118110234 83.46456692913385 père
1461.4173228346456 2074.015748031496 206.29921259842519 83.46456692913385 de
1565.3543307086613 2074.015748031496 414.1732283464567 83.46456692913385 Napoléon
1840.9448818897638 2074.015748031496 206.29921259842519 83.46456692913385 Ier.

374.8031496062992 2159.0551181102364 165.35433070866142 66.14173228346456 L.
458.26771653543307 2159.0551181102364 220.4724409448819 66.14173228346456 aut.
596.8503937007874 2159.0551181102364 220.4724409448819 66.14173228346456 sig.
733.8582677165355 2159.0551181102364 385.8267716535433 66.14173228346456 Charles
1037.7952755905512 2159.0551181102364 165.35433070866142 66.14173228346456 de
1121.259842519685 2159.0551181102364 497.6377952755906 66.14173228346456 Buonaparte
1535.4330708661416 2159.0551181102364 138.58267716535434 66.14173228346456 à
1590.5511811023623 2159.0551181102364 165.35433070866142 66.14173228346456 M.
1674.015748031496 2159.0551181102364 165.35433070866142 66.14173228346456 de
1755.9055118110236 2159.0551181102364 414.1732283464567 66.14173228346456 Boucheporn,
2059.8425196850394 2159.0551181102364 303.93700787401576 66.14173228346456 intendant

318.1102362204724 2225.196850393701 143.30708661417322 64.56692913385827 de
388.9763779527559 2225.196850393701 215.748031496063 64.56692913385827 l’île
533.8582677165355 2225.196850393701 143.30708661417322 64.56692913385827 de
606.2992125984252 2225.196850393701 239.37007874015748 64.56692913385827 Corse.
773.2283464566929 2225.196850393701 215.748031496063 64.56692913385827 S.
918.1102362204724 2225.196850393701 239.37007874015748 64.56692913385827 d.
1086.6141732283465 2225.196850393701 119.68503937007874 64.56692913385827 1
1133.8582677165355 2225.196850393701 143.30708661417322 64.56692913385827 p.
1206.2992125984251 2225.196850393701 215.748031496063 64.56692913385827 in-4.
1325.984251968504 2225.196850393701 288.18897637795277 64.56692913385827 Très

48.818897637795274 2305.511811023622 245.66929133858267 81.88976377952756 25.
188.9763779527559 2305.511811023622 422.0472440944882 81.88976377952756 BUSSY
505.51181102362204 2305.511811023622 525.9842519685039 81.88976377952756 RABUTIN
925.9842519685039 2305.511811023622 245.66929133858267 81.88976377952756 (le
1066.1417322834645 2305.511811023622 316.53543307086613 81.88976377952756 comte
1277.1653543307086 2305.511811023622 316.53543307086613 81.88976377952756 Roger
1488.1889763779527 2305.511811023622 280.31496062992125 81.88976377952756 de),
1662.992125984252 2305.511811023622 211.0236220472441 81.88976377952756 de
1768.5039370078741 2305.511811023622 385.8267716535433 81.88976377952756 l'Acad,
2048.818897637795 2305.511811023622 280.31496062992125 81.88976377952756 fr.,
2190.551181102362 2305.511811023622 174.8031496062992 81.88976377952756 au

303.93700787401576 2387.4015748031497 237.79527559055117 67.71653543307086 teur
451.9685039370079 2387.4015748031497 177.95275590551182 67.71653543307086 de
541.7322834645669 2387.4015748031497 505.51181102362204 67.71653543307086 l'Histoire
957.4803149606299 2387.4015748031497 385.8267716535433 67.71653543307086 amoureuse
1255.1181102362204 2387.4015748031497 207.8740157480315 67.71653543307086 des
1344.8818897637796 2387.4015748031497 385.8267716535433 67.71653543307086 Gaules.

385.8267716535433 2472.4409448818897 185.82677165354332 66.14173228346456 L.
478.74015748031496 2472.4409448818897 247.24409448818898 66.14173228346456 aut.
634.6456692913385 2472.4409448818897 185.82677165354332 66.14173228346456 au
727.5590551181102 2472.4409448818897 247.24409448818898 66.14173228346456 père
881.8897637795276 2472.4409448818897 401.5748031496063 66.14173228346456 Bouhours.
1190.5511811023623 2472.4409448818897 310.23622047244095 66.14173228346456 Bussy,
1407.8740157480315 2472.4409448818897 185.82677165354332 66.14173228346456 23
1500.7874015748032 2472.4409448818897 401.5748031496063 66.14173228346456 novembre.
1809.4488188976377 2472.4409448818897 154.33070866141733 66.14173228346456 1
1872.4409448818897 2472.4409448818897 185.82677165354332 66.14173228346456 p.
1965.3543307086613 2472.4409448818897 217.3228346456693 66.14173228346456 1/2
2088.1889763779527 2472.4409448818897 278.74015748031496 66.14173228346456 in-4.
2242.51968503937 2472.4409448818897 124.40944881889764 66.14173228346456 Il

311.81102362204723 2538.582677165354 211.0236220472441 66.14173228346456 est
433.07086614173227 2538.582677165354 362.20472440944883 66.14173228346456 question
703.9370078740158 2538.582677165354 181.10236220472441 66.14173228346456 du
795.2755905511812 2538.582677165354 242.51968503937007 66.14173228346456 père
946.4566929133858 2538.582677165354 181.10236220472441 66.14173228346456 de
1037.7952755905512 2538.582677165354 181.10236220472441 66.14173228346456 La
1127.5590551181103 2538.582677165354 332.2834645669291 66.14173228346456 Chaise,
1370.0787401574803 2538.582677165354 181.10236220472441 66.14173228346456 de
1461.4173228346456 2538.582677165354 242.51968503937007 66.14173228346456 Mlle
1612.5984251968505 2538.582677165354 181.10236220472441 66.14173228346456 de
1702.3622047244094 2538.582677165354 362.20472440944883 66.14173228346456 Scudéry,
1944.8818897637796 2538.582677165354 181.10236220472441 66.14173228346456 etc.

53.54330708661417 2606.299212598425 225.1968503937008 83.46456692913385 26.
181.10236220472441 2606.299212598425 288.18897637795277 83.46456692913385 LE
341.73228346456693 2606.299212598425 352.755905511811 83.46456692913385 MÊME.

377.9527559055118 2705.511811023622 179.5275590551181 62.99212598425197 L.
467.7165354330709 2705.511811023622 240.9448818897638 62.99212598425197 aut.
618.8976377952756 2705.511811023622 179.5275590551181 62.99212598425197 au
708.6614173228346 2705.511811023622 270.86614173228344 62.99212598425197 même.
888.1889763779527 2705.511811023622 330.70866141732284 62.99212598425197 Chaseu,
1129.1338582677165 2705.511811023622 179.5275590551181 62.99212598425197 29
1218.8976377952756 2705.511811023622 330.70866141732284 62.99212598425197 octobre
1459.8425196850394 2705.511811023622 270.86614173228344 62.99212598425197 1675.
1639.3700787401574 2705.511811023622 149.60629921259843 62.99212598425197 4
1699.2125984251968 2705.511811023622 179.5275590551181 62.99212598425197 p.
1759.0551181102362 2705.511811023622 211.0236220472441 62.99212598425197 in

368.503937007874 2770.0787401574803 299.21259842519686 56.69291338582677 Très-jolie
604.7244094488188 2770.0787401574803 214.17322834645668 56.69291338582677 lettre
752.7559055118111 2770.0787401574803 127.55905511811024 56.69291338582677 de
817.3228346456693 2770.0787401574803 362.20472440944883 56.69291338582677 félicitations
1116.5354330708662 2770.0787401574803 149.60629921259843 56.69291338582677 sur
1201.5748031496064 2770.0787401574803 214.17322834645668 56.69291338582677 ses
1329.1338582677165 2770.0787401574803 341.73228346456693 56.69291338582677 Remarques.

51.968503937007874 2831.496062992126 226.77165354330708 78.74015748031496 27.
182.6771653543307 2831.496062992126 292.9133858267717 78.74015748031496 LE
344.88188976377955 2831.496062992126 357.4803149606299 78.74015748031496 MÊME.

374.8031496062992 2925.984251968504 184.251968503937 64.56692913385827 L.
466.1417322834646 2925.984251968504 244.09448818897638 64.56692913385827 aut.
618.8976377952756 2925.984251968504 244.09448818897638 64.56692913385827 sig.
771.6535433070866 2925.984251968504 214.17322834645668 64.56692913385827 (au
894.488188976378 2925.984251968504 244.09448818897638 64.56692913385827 père
1047.244094488189 2925.984251968504 184.251968503937 64.56692913385827 La
1138.5826771653544 2925.984251968504 366.92913385826773 64.56692913385827 Chaise).
1414.1732283464567 2925.984251968504 337.00787401574803 64.56692913385827 Chaseu,
1658.267716535433 2925.984251968504 184.251968503937 64.56692913385827 23
1751.1811023622047 2925.984251968504 244.09448818897638 64.56692913385827 mars
1903.9370078740158 2925.984251968504 275.59055118110234 64.56692913385827 1691.
2086.6141732283463 2925.984251968504 152.75590551181102 64.56692913385827 1
2148.031496062992 2925.984251968504 184.251968503937 64.56692913385827 p.
2209.448818897638 2925.984251968504 152.75590551181102 64.56692913385827 pl.

288.18897637795277 2993.700787401575 181.10236220472441 50.39370078740158 in

360.62992125984255 3055.1181102362207 225.1968503937008 58.267716535433074 Envoi
511.81102362204723 3055.1181102362207 201.5748031496063 58.267716535433074 d’un
636.2204724409448 3055.1181102362207 300.78740157480314 58.267716535433074 discours
862.992125984252 3055.1181102362207 225.1968503937008 58.267716535433074 qu’il
1014.1732283464567 3055.1181102362207 151.1811023622047 58.267716535433074 le
1088.1889763779527 3055.1181102362207 201.5748031496063 58.267716535433074 prie
1214.1732283464567 3055.1181102362207 300.78740157480314 58.267716535433074 remettre
1439.3700787401574 3055.1181102362207 151.1811023622047 58.267716535433074 au
1489.763779527559 3055.1181102362207 151.1811023622047 58.267716535433074 roi.

50.39370078740158 3127.5590551181103 233.0708661417323 80.31496062992126 28.
184.251968503937 3127.5590551181103 700.7874015748032 80.31496062992126 CAVAIGIVAC
784.2519685039371 3127.5590551181103 233.0708661417323 80.31496062992126 (J.
918.1102362204724 3127.5590551181103 267.7165354330709 80.31496062992126 B.),
1085.0393700787401 3127.5590551181103 333.8582677165354 80.31496062992126 député
1319.6850393700788 3127.5590551181103 200.0 80.31496062992126 du
1420.4724409448818 3127.5590551181103 233.0708661417323 80.31496062992126 Lot
1552.755905511811 3127.5590551181103 166.9291338582677 80.31496062992126 à
1620.4724409448818 3127.5590551181103 200.0 80.31496062992126 la
1686.6141732283465 3127.5590551181103 434.6456692913386 80.31496062992126 Convention.

382.6771653543307 3211.0236220472443 179.5275590551181 64.56692913385827 L.
472.4409448818898 3211.0236220472443 239.37007874015748 64.56692913385827 aut.
622.0472440944882 3211.0236220472443 239.37007874015748 64.56692913385827 sig.
771.6535433070866 3211.0236220472443 179.5275590551181 64.56692913385827 au
861.4173228346457 3211.0236220472443 359.0551181102362 64.56692913385827 ministre
1130.708661417323 3211.0236220472443 329.13385826771656 64.56692913385827 Carnot.
1370.0787401574803 3211.0236220472443 299.21259842519686 64.56692913385827 Paris,
1579.5275590551182 3211.0236220472443 179.5275590551181 64.56692913385827 27
1669.291338582677 3211.0236220472443 209.4488188976378 64.56692913385827 mai
1788.976377952756 3211.0236220472443 269.29133858267716 64.56692913385827 1815.
1968.5039370078741 3211.0236220472443 149.60629921259843 64.56692913385827 1
2028.3464566929133 3211.0236220472443 179.5275590551181 64.56692913385827 p.
2088.1889763779527 3211.0236220472443 209.4488188976378 64.56692913385827 in

360.62992125984255 3274.015748031496 155.90551181102362 58.267716535433074 Il
439.37007874015745 3274.015748031496 155.90551181102362 58.267716535433074 le
518.1102362204724 3274.015748031496 207.8740157480315 58.267716535433074 prie
647.2440944881889 3274.015748031496 155.90551181102362 58.267716535433074 de
725.9842519685039 3274.015748031496 286.61417322834643 58.267716535433074 vouloir
933.8582677165355 3274.015748031496 207.8740157480315 58.267716535433074 bien
1062.992125984252 3274.015748031496 155.90551181102362 58.267716535433074 le
1141.732283464567 3274.015748031496 338.5826771653543 58.267716535433074 présenter
1401.5748031496064 3274.015748031496 130.70866141732284 58.267716535433074 à
1453.5433070866143 3274.015748031496 363.7795275590551 58.267716535433074 l’Empereur
1740.1574803149606 3274.015748031496 207.8740157480315 58.267716535433074 pour
1869.291338582677 3274.015748031496 182.6771653543307 58.267716535433074 une
1973.2283464566929 3274.015748031496 390.5511811023622 58.267716535433074 préfecture,
2259.8425196850394 3274.015748031496 103.93700787401575 58.267716535433074 en

307.0866141732283 3332.283464566929 222.04724409448818 58.267716535433074 marge
456.6929133858268 3332.283464566929 148.03149606299212 58.267716535433074 de
530.7086614173228 3332.283464566929 148.03149606299212 58.267716535433074 la
604.7244094488188 3332.283464566929 198.4251968503937 58.267716535433074 main
729.1338582677165 3332.283464566929 148.03149606299212 58.267716535433074 de
803.1496062992126 3332.283464566929 272.4409448818898 58.267716535433074 Carnot:
1000.0 3332.283464566929 420.4724409448819 58.267716535433074 Recommandé
1348.0314960629921 3332.283464566929 198.4251968503937 58.267716535433074 pour
1470.8661417322835 3332.283464566929 173.22834645669292 58.267716535433074 une
1570.0787401574803 3332.283464566929 346.45669291338584 58.267716535433074 préfecture
1842.5196850393702 3332.283464566929 148.03149606299212 58.267716535433074 de
1916.5354330708662 3332.283464566929 247.24409448818898 58.267716535433074 second
2064.566929133858 3332.283464566929 297.6377952755906 58.267716535433074 ordre,

308.66141732283467 3390.551181102362 182.6771653543307 55.118110236220474 il
429.9212598425197 3390.551181102362 141.73228346456693 55.118110236220474 est
511.81102362204723 3390.551181102362 242.51968503937007 55.118110236220474 question
692.9133858267717 3390.551181102362 121.25984251968504 55.118110236220474 de
754.3307086614174 3390.551181102362 242.51968503937007 55.118110236220474 l’ancien
914.9606299212599 3390.551181102362 384.251968503937 55.118110236220474 représentant.

47.24409448818898 3461.417322834646 248.8188976377953 81.88976377952756 29.
190.5511811023622 3461.417322834646 710.2362204724409 81.88976377952756 CHAROLAIS
793.7007874015748 3461.417322834646 426.7716535433071 81.88976377952756 (Charles
1113.3858267716535 3461.417322834646 212.5984251968504 81.88976377952756 de
1220.4724409448818 3461.417322834646 639.3700787401575 81.88976377952756 Bourbon-Condé,
1752.755905511811 3461.417322834646 319.68503937007875 81.88976377952756 comte
1966.9291338582677 3461.417322834646 285.03937007874015 81.88976377952756 de),
2108.6614173228345 3461.417322834646 248.8188976377953 81.88976377952756 connu

303.93700787401576 3546.4566929133857 228.3464566929134 80.31496062992126 par
434.6456692913386 3546.4566929133857 228.3464566929134 80.31496062992126 son
565.3543307086615 3546.4566929133857 422.0472440944882 80.31496062992126 caractère
889.7637795275591 3546.4566929133857 228.3464566929134 80.31496062992126 dur
1020.4724409448819 3546.4566929133857 195.2755905511811 80.31496062992126 et
1085.0393700787401 3546.4566929133857 259.84251968503935 80.31496062992126 cruel.

377.9527559055118 3628.3464566929133 185.82677165354332 67.71653543307086 L.
470.86614173228344 3628.3464566929133 248.8188976377953 67.71653543307086 aut.
626.7716535433071 3628.3464566929133 248.8188976377953 67.71653543307086 sig.
781.1023622047244 3628.3464566929133 185.82677165354332 67.71653543307086 au
874.0157480314961 3628.3464566929133 371.65354330708664 67.71653543307086 maréchal
1154.3307086614172 3628.3464566929133 185.82677165354332 67.71653543307086 de
1247.244094488189 3628.3464566929133 278.74015748031496 67.71653543307086 Saxe.
1433.0708661417323 3628.3464566929133 310.23622047244095 67.71653543307086 Paris,
1650.3937007874015 3628.3464566929133 185.82677165354332 67.71653543307086 25
1743.3070866141732 3628.3464566929133 248.8188976377953 67.71653543307086 août
1899.2125984251968 3628.3464566929133 278.74015748031496 67.71653543307086 1745.
2085.0393700787404 3628.3464566929133 154.33070866141733 67.71653543307086 1
2146.4566929133857 3628.3464566929133 185.82677165354332 67.71653543307086 p.
2209.448818897638 3628.3464566929133 154.33070866141733 67.71653543307086 3/4

307.0866141732283 3694.488188976378 283.46456692913387 53.54330708661417 in-4.
496.06299212598424 3694.488188976378 314.96062992125985 53.54330708661417 Cachet
716.5354330708661 3694.488188976378 251.96850393700788 53.54330708661417 bien
840.9448818897638 3694.488188976378 346.45669291338584 53.54330708661417 conservé.

48.818897637795274 3776.3779527559054 274.01574803149606 77.16535433070867 30.
204.7244094488189 3776.3779527559054 938.5826771653543 77.16535433070867 CHATEAUBRIAND
1026.7716535433071 3776.3779527559054 274.01574803149606 77.16535433070867 (le
1182.6771653543308 3776.3779527559054 429.9212598425197 77.16535433070867 vicomte
1496.0629921259842 3776.3779527559054 313.38582677165357 77.16535433070867 de),
1691.3385826771653 3776.3779527559054 390.5511811023622 77.16535433070867 membre
1965.3543307086613 3776.3779527559054 234.64566929133858 77.16535433070867 de
2042.5196850393702 3776.3779527559054 313.38582677165357 77.16535433070867 l’Aca

300.78740157480314 3861.417322834646 300.78740157480314 61.41732283464567 démie
467.7165354330709 3861.417322834646 166.9291338582677 61.41732283464567 fr.

382.6771653543307 3941.732283464567 173.22834645669292 66.14173228346456 L.
469.29133858267716 3941.732283464567 231.49606299212599 66.14173228346456 aut.
612.5984251968504 3941.732283464567 231.49606299212599 66.14173228346456 sig.
757.4803149606299 3941.732283464567 259.84251968503935 66.14173228346456 Rome,
930.7086614173228 3941.732283464567 173.22834645669292 66.14173228346456 31
1017.3228346456693 3941.732283464567 318.1102362204724 66.14173228346456 janvier
1248.8188976377953 3941.732283464567 259.84251968503935 66.14173228346456 1829.
1422.0472440944882 3941.732283464567 144.88188976377953 66.14173228346456 1
1480.3149606299212 3941.732283464567 173.22834645669292 66.14173228346456 p.
1566.9291338582677 3941.732283464567 201.5748031496063 66.14173228346456 3/4
1681.8897637795276 3941.732283464567 259.84251968503935 66.14173228346456 in-8.
1855.1181102362204 3941.732283464567 259.84251968503935 66.14173228346456 Jolie
2000.0 3941.732283464567 259.84251968503935 66.14173228346456 lettre.

366.92913385826773 4006.299212598425 303.93700787401576 58.267716535433074 .....La
588.9763779527559 4006.299212598425 332.2834645669291 58.267716535433074 Bretagne
837.7952755905512 4006.299212598425 193.70078740157481 58.267716535433074 n’a
948.0314960629921 4006.299212598425 222.04724409448818 58.267716535433074 rien
1086.6141732283465 4006.299212598425 138.58267716535434 58.267716535433074 à
1141.732283464567 4006.299212598425 277.1653543307087 58.267716535433074 envier
1335.4330708661416 4006.299212598425 193.70078740157481 58.267716535433074 aux
1445.6692913385828 4006.299212598425 277.1653543307087 58.267716535433074 autres
1639.3700787401574 4006.299212598425 359.0551181102362 58.267716535433074 provinces
1916.5354330708662 4006.299212598425 165.35433070866142 58.267716535433074 de
2000.0 4006.299212598425 303.93700787401576 58.267716535433074 France,
2220.472440944882 4006.299212598425 165.35433070866142 58.267716535433074 on
2275.5905511811025 4006.299212598425 83.46456692913385 58.267716535433074 a

308.66141732283467 4062.9921259842517 207.8740157480315 67.71653543307086 beau
437.79527559055117 4062.9921259842517 338.5826771653543 67.71653543307086 calomnier
697.6377952755905 4062.9921259842517 182.6771653543307 67.71653543307086 ses
801.5748031496063 4062.9921259842517 338.5826771653543 67.71653543307086 bruyêres,
1061.4173228346456 4062.9921259842517 155.90551181102362 67.71653543307086 la
1140.1574803149606 4062.9921259842517 234.64566929133858 67.71653543307086 terre
1296.0629921259842 4062.9921259842517 182.6771653543307 67.71653543307086 qui
1400.0 4062.9921259842517 130.70866141732284 67.71653543307086 a
1451.9685039370079 4062.9921259842517 234.64566929133858 67.71653543307086 porté
1607.8740157480315 4062.9921259842517 390.5511811023622 67.71653543307086 Duguesclin,
1919.6850393700788 4062.9921259842517 311.81102362204723 67.71653543307086 Clisson,
2127.5590551181103 4062.9921259842517 234.64566929133858 67.71653543307086 Jacques

308.66141732283467 4119.685039370079 332.2834645669291 58.267716535433074 Cartier,
559.0551181102362 4119.685039370079 166.9291338582677 58.267716535433074 Du
642.5196850393701 4119.685039370079 444.09448818897636 58.267716535433074 Guay-Trouin,
1003.1496062992126 4119.685039370079 166.9291338582677 58.267716535433074 La
1086.6141732283465 4119.685039370079 470.86614173228344 58.267716535433074 Motte-Piquet,
1474.015748031496 4119.685039370079 166.9291338582677 58.267716535433074 Du
1557.4803149606298 4119.685039370079 332.2834645669291 58.267716535433074 Couédic,
1807.8740157480315 4119.685039370079 305.51181102362204 58.267716535433074 Georges
2029.9212598425197 4119.685039370079 332.2834645669291 58.267716535433074 Cadoudal
2251.968503937008 4119.685039370079 110.23622047244095 58.267716535433074 et

313.38582677165357 4176.377952755905 248.8188976377953 58.267716535433074 Moreau
488.18897637795277 4176.377952755905 223.6220472440945 58.267716535433074 n’est
636.2204724409448 4176.377952755905 173.22834645669292 58.267716535433074 pas
710.2362204724409 4176.377952755905 322.8346456692913 58.267716535433074 stérile....

56.69291338582677 4245.669291338582 225.1968503937008 64.56692913385827 31.
184.251968503937 4245.669291338582 289.76377952755905 64.56692913385827 LE
346.45669291338584 4245.669291338582 354.3307086614173 64.56692913385827 MEME.

390.5511811023622 4329.133858267716 163.7795275590551 66.14173228346456 1°
472.4409448818898 4329.133858267716 137.00787401574803 66.14173228346456 2
525.9842519685039 4329.133858267716 300.78740157480314 66.14173228346456 lettres
744.8818897637796 4329.133858267716 218.89763779527559 66.14173228346456 aut.
881.8897637795276 4329.133858267716 218.89763779527559 66.14173228346456 sig.
1017.3228346456693 4329.133858267716 245.66929133858267 66.14173228346456 de
1181.1023622047244 4329.133858267716 300.78740157480314 66.14173228346456 Ch.
1400.0 4329.133858267716 137.00787401574803 66.14173228346456 à
1453.5433070866143 4329.133858267716 163.7795275590551 66.14173228346456 M.
1535.4330708661416 4329.133858267716 327.5590551181102 66.14173228346456 Beuchot.
1781.1023622047244 4329.133858267716 245.66929133858267 66.14173228346456 1809.
1944.8818897637796 4329.133858267716 137.00787401574803 66.14173228346456 2
2000.0 4329.133858267716 163.7795275590551 66.14173228346456 p.
2081.8897637795276 4329.133858267716 190.5511811023622 66.14173228346456 1/2
2163.779527559055 4329.133858267716 190.5511811023622 66.14173228346456 in

318.1102362204724 4396.850393700787 351.18110236220474 64.56692913385827 Demande
573.2283464566929 4396.850393700787 192.1259842519685 64.56692913385827 de
669.2913385826772 4396.850393700787 319.68503937007875 64.56692913385827 divers
892.9133858267717 4396.850393700787 351.18110236220474 64.56692913385827 voyages
1148.0314960629921 4396.850393700787 192.1259842519685 64.56692913385827 en
1212.5984251968505 4396.850393700787 255.11811023622047 64.56692913385827 Grèce.

377.9527559055118 4462.992125984252 192.1259842519685 67.71653543307086 2°
474.01574803149606 4462.992125984252 255.11811023622047 67.71653543307086 Not.
633.0708661417323 4462.992125984252 255.11811023622047 67.71653543307086 aut.
793.7007874015748 4462.992125984252 351.18110236220474 67.71653543307086 Demande
1048.8188976377953 4462.992125984252 192.1259842519685 67.71653543307086 de
1144.8818897637796 4462.992125984252 319.68503937007875 67.71653543307086 divers
1368.5039370078741 4462.992125984252 384.251968503937 67.71653543307086 ouvrages
1656.6929133858268 4462.992125984252 223.6220472440945 67.71653543307086 sur
1784.251968503937 4462.992125984252 447.244094488189 67.71653543307086 Jérusalem.
2135.433070866142 4462.992125984252 223.6220472440945 67.71653543307086 3/4
2231.496062992126 4462.992125984252 127.55905511811024 67.71653543307086 de

325.98425196850394 4525.9842519685035 159.0551181102362 67.71653543307086 p.
379.5275590551181 4525.9842519685035 185.82677165354332 67.71653543307086 in
