2431.496062992126 4615.748031496063
988.9763779527559 132.28346456692913 286.61417322834643 55.118110236220474 —
1102.3622047244094 132.28346456692913 286.61417322834643 55.118110236220474 6
1160.6299212598426 132.28346456692913 171.6535433070866 55.118110236220474 —

17.322834645669293 253.54330708661416 240.9448818897638 89.76377952755905 32.
154.33070866141733 253.54330708661416 686.6141732283464 89.76377952755905 CHAULNES.
738.5826771653543 253.54330708661416 411.0236220472441 89.76377952755905 (Charles
1047.244094488189 253.54330708661416 445.6692913385827 89.76377952755905 d’Albert,
1390.5511811023623 253.54330708661416 240.9448818897638 89.76377952755905 duc
1527.5590551181103 253.54330708661416 274.01574803149606 89.76377952755905 de),
1699.2125984251968 253.54330708661416 411.0236220472441 89.76377952755905 général,
1973.2283464566929 253.54330708661416 343.3070866141732 89.76377952755905 ambassa

272.4409448818898 341.73228346456693 316.53543307086613 78.74015748031496 deur,
483.46456692913387 341.73228346456693 492.9133858267717 78.74015748031496 gouverneur
870.8661417322835 341.73228346456693 211.0236220472441 78.74015748031496 de
941.7322834645669 341.73228346456693 387.40157480314963 78.74015748031496 Bretagne.

349.6062992125984 423.62204724409446 174.8031496062992 70.86614173228347 L.
436.2204724409449 423.62204724409446 233.0708661417323 70.86614173228347 aut.
581.1023622047244 423.62204724409446 233.0708661417323 70.86614173228347 sig.
727.5590551181102 423.62204724409446 174.8031496062992 70.86614173228347 au
814.1732283464567 423.62204724409446 349.6062992125984 70.86614173228347 cardinal
1075.5905511811025 423.62204724409446 174.8031496062992 70.86614173228347 de
1163.7795275590552 423.62204724409446 377.9527559055118 70.86614173228347 Bouillon.
1453.5433070866143 423.62204724409446 261.4173228346457 70.86614173228347 1678.
1628.3464566929133 423.62204724409446 144.88188976377953 70.86614173228347 1
1686.6141732283465 423.62204724409446 174.8031496062992 70.86614173228347 p.
1773.2283464566929 423.62204724409446 203.1496062992126 70.86614173228347 pl.
1861.4173228346456 423.62204724409446 203.1496062992126 70.86614173228347 in

15.748031496062993 489.76377952755905 266.1417322834646 86.61417322834646 33.
168.50393700787401 489.76377952755905 496.06299212598424 86.61417322834646 COLLIN
549.6062992125984 489.76377952755905 724.4094488188977 86.61417322834646 HARLEVILLE,
1159.0551181102362 489.76377952755905 381.1023622047244 86.61417322834646 auteur
1387.4015748031495 489.76377952755905 496.06299212598424 86.61417322834646 dramatique.

352.755905511811 576.3779527559055 165.35433070866142 64.56692913385827 L.
436.2204724409449 576.3779527559055 220.4724409448819 64.56692913385827 aut.
574.8031496062993 576.3779527559055 220.4724409448819 64.56692913385827 sig.
713.3858267716536 576.3779527559055 165.35433070866142 64.56692913385827 29
795.2755905511812 576.3779527559055 303.93700787401576 64.56692913385827 janvier
1017.3228346456693 576.3779527559055 248.8188976377953 64.56692913385827 1784.
1182.6771653543308 576.3779527559055 138.58267716535434 64.56692913385827 3
1237.7952755905512 576.3779527559055 165.35433070866142 64.56692913385827 p.
1321.259842519685 576.3779527559055 193.70078740157481 64.56692913385827 pl.
1403.1496062992126 576.3779527559055 193.70078740157481 64.56692913385827 in

335.43307086614175 637.7952755905512 187.4015748031496 67.71653543307086 Jolie
459.84251968503935 637.7952755905512 209.4488188976378 67.71653543307086 lettre
606.2992125984252 637.7952755905512 250.39370078740157 67.71653543307086 relative
795.2755905511812 637.7952755905512 103.93700787401575 67.71653543307086 à
836.2204724409448 637.7952755905512 125.98425196850394 67.71653543307086 sa
899.2125984251968 637.7952755905512 229.92125984251967 67.71653543307086 comédie
1045.6692913385828 637.7952755905512 459.84251968503935 67.71653543307086 l'Inconstant.

18.89763779527559 692.9133858267717 228.3464566929134 81.88976377952756 34.
149.60629921259843 692.9133858267717 292.9133858267717 81.88976377952756 LE
311.81102362204723 692.9133858267717 359.0551181102362 81.88976377952756 MÊME.

349.6062992125984 792.1259842519685 173.22834645669292 66.14173228346456 L.
436.2204724409449 792.1259842519685 231.49606299212599 66.14173228346456 aut.
581.1023622047244 792.1259842519685 231.49606299212599 66.14173228346456 sig.
725.9842519685039 792.1259842519685 144.88188976377953 66.14173228346456 à
784.2519685039371 792.1259842519685 173.22834645669292 66.14173228346456 M.
870.8661417322835 792.1259842519685 261.4173228346457 66.14173228346456 Alix,
1045.6692913385828 792.1259842519685 319.68503937007875 66.14173228346456 avocat.
1277.1653543307086 792.1259842519685 173.22834645669292 66.14173228346456 11
1363.7795275590552 792.1259842519685 261.4173228346457 66.14173228346456 avril
1538.5826771653544 792.1259842519685 261.4173228346457 66.14173228346456 1784.
1711.8110236220473 792.1259842519685 144.88188976377953 66.14173228346456 3
1770.0787401574803 792.1259842519685 173.22834645669292 66.14173228346456 p.
1856.6929133858268 792.1259842519685 261.4173228346457 66.14173228346456 in-4.
2001.5748031496064 792.1259842519685 261.4173228346457 66.14173228346456 Cachet.

335.43307086614175 856.6929133858267 143.30708661417322 61.41732283464567 Il
406.2992125984252 856.6929133858267 190.5511811023622 61.41732283464567 prie
525.9842519685039 856.6929133858267 143.30708661417322 61.41732283464567 M.
596.8503937007874 856.6929133858267 190.5511811023622 61.41732283464567 Alix
716.5354330708661 856.6929133858267 143.30708661417322 61.41732283464567 de
787.4015748031496 856.6929133858267 261.4173228346457 61.41732283464567 retirer
977.9527559055118 856.6929133858267 143.30708661417322 61.41732283464567 sa
1048.8188976377953 856.6929133858267 261.4173228346457 61.41732283464567 comédie
1239.3700787401574 856.6929133858267 571.6535433070866 61.41732283464567 l’Inconstant,
1738.5826771653544 856.6929133858267 261.4173228346457 61.41732283464567 attendu
1929.1338582677165 856.6929133858267 166.9291338582677 61.41732283464567 que
2025.1968503937007 856.6929133858267 143.30708661417322 61.41732283464567 le
2096.0629921259842 856.6929133858267 237.79527559055117 61.41732283464567 comité
2239.3700787401576 856.6929133858267 94.48818897637796 61.41732283464567 de

302.3622047244094 913.3858267716536 269.29133858267716 58.267716535433074 lecture
499.21259842519686 913.3858267716536 146.45669291338584 58.267716535433074 ne
571.6535433070866 913.3858267716536 146.45669291338584 58.267716535433074 la
645.6692913385826 913.3858267716536 171.6535433070866 58.267716535433074 pas
743.3070866141733 913.3858267716536 195.2755905511811 58.267716535433074 jugé
864.5669291338583 913.3858267716536 220.4724409448819 58.267716535433074 digne
1011.0236220472441 913.3858267716536 244.09448818897638 58.267716535433074 d’être
1182.6771653543308 913.3858267716536 366.92913385826773 58.267716535433074 représentée
1475.5905511811025 913.3858267716536 220.4724409448819 58.267716535433074 telle
1622.0472440944882 913.3858267716536 220.4724409448819 58.267716535433074 qu’il
1768.5039370078741 913.3858267716536 171.6535433070866 58.267716535433074 l’a
1840.9448818897638 913.3858267716536 269.29133858267716 58.267716535433074 composée.

25.19685039370079 960.6299212598425 222.04724409448818 77.16535433070867 35.
152.75590551181102 960.6299212598425 286.61417322834643 77.16535433070867 LE
311.81102362204723 960.6299212598425 349.6062992125984 77.16535433070867 MÊME.

352.755905511811 1055.1181102362204 173.22834645669292 66.14173228346456 L.
439.37007874015745 1055.1181102362204 229.92125984251967 66.14173228346456 aut.
582.6771653543307 1055.1181102362204 229.92125984251967 66.14173228346456 sig.
727.5590551181102 1055.1181102362204 144.88188976377953 66.14173228346456 à
784.2519685039371 1055.1181102362204 173.22834645669292 66.14173228346456 M.
870.8661417322835 1055.1181102362204 346.45669291338584 66.14173228346456 Beuchot.
1130.708661417323 1055.1181102362204 259.84251968503935 66.14173228346456 1809.
1303.9370078740158 1055.1181102362204 144.88188976377953 66.14173228346456 1
1360.6299212598426 1055.1181102362204 173.22834645669292 66.14173228346456 p.
1418.8976377952756 1055.1181102362204 201.5748031496063 66.14173228346456 in

25.19685039370079 1121.259842519685 223.6220472440945 83.46456692913385 36.
152.75590551181102 1121.259842519685 288.18897637795277 83.46456692913385 LE
313.38582677165357 1121.259842519685 351.18110236220474 83.46456692913385 MÊME.

351.18110236220474 1220.4724409448818 527.5590551181102 69.29133858267717 L'Inconstant,
785.8267716535433 1220.4724409448818 341.73228346456693 69.29133858267717 comédie
1034.6456692913387 1220.4724409448818 185.82677165354332 69.29133858267717 en
1127.5590551181103 1220.4724409448818 155.90551181102362 69.29133858267717 5
1190.5511811023623 1220.4724409448818 310.23622047244095 69.29133858267717 actes,
1407.8740157480315 1220.4724409448818 403.1496062992126 69.29133858267717 imprimée,
1718.1102362204724 1220.4724409448818 248.8188976377953 69.29133858267717 avec
1872.4409448818897 1220.4724409448818 466.1417322834646 69.29133858267717 corrections
2214.1732283464567 1220.4724409448818 124.40944881889764 69.29133858267717 et

288.18897637795277 1288.1889763779527 387.40157480314963 64.56692913385827 additions
585.8267716535433 1288.1889763779527 237.79527559055117 64.56692913385827 Aut.
735.4330708661417 1288.1889763779527 327.5590551181102 64.56692913385827 Environ
974.8031496062993 1288.1889763779527 179.5275590551181 64.56692913385827 15
1033.0708661417323 1288.1889763779527 179.5275590551181 64.56692913385827 lig.

29.921259842519685 1354.3307086614172 218.89763779527559 81.88976377952756 37.
155.90551181102362 1354.3307086614172 533.8582677165355 81.88976377952756 DANIEL
595.2755905511812 1354.3307086614172 439.37007874015745 81.88976377952756 (Gabriel),
940.1574803149606 1354.3307086614172 344.88188976377955 81.88976377952756 jésuite
1190.5511811023623 1354.3307086614172 188.9763779527559 81.88976377952756 et
1285.0393700787401 1354.3307086614172 439.37007874015745 81.88976377952756 historien,
1629.9212598425197 1354.3307086614172 188.9763779527559 81.88976377952756 né
1724.4094488188975 1354.3307086614172 157.48031496062993 81.88976377952756 à
1755.9055118110236 1354.3307086614172 250.39370078740157 81.88976377952756 Rouen.

354.3307086614173 1439.3700787401574 192.1259842519685 64.56692913385827 L.
450.3937007874016 1439.3700787401574 256.6929133858268 64.56692913385827 aut.
611.0236220472441 1439.3700787401574 256.6929133858268 64.56692913385827 sig.
771.6535433070866 1439.3700787401574 192.1259842519685 64.56692913385827 au
867.7165354330708 1439.3700787401574 192.1259842519685 64.56692913385827 R.
963.7795275590552 1439.3700787401574 192.1259842519685 64.56692913385827 P.
1061.4173228346456 1439.3700787401574 385.8267716535433 64.56692913385827 Poisson,
1349.6062992125985 1439.3700787401574 160.62992125984252 64.56692913385827 à
1414.1732283464567 1439.3700787401574 385.8267716535433 64.56692913385827 Vendôme.
1703.9370078740158 1439.3700787401574 385.8267716535433 64.56692913385827 Orléans,
1992.1259842519685 1439.3700787401574 192.1259842519685 64.56692913385827 15
2056.6929133858266 1439.3700787401574 289.76377952755905 64.56692913385827 janvier

289.76377952755905 1505.5118110236222 255.11811023622047 66.14173228346456 1672,
459.84251968503935 1505.5118110236222 141.73228346456693 66.14173228346456 2
516.5354330708661 1505.5118110236222 170.07874015748033 66.14173228346456 p.
601.5748031496063 1505.5118110236222 198.4251968503937 66.14173228346456 1/2
716.5354330708661 1505.5118110236222 255.11811023622047 66.14173228346456 in-4.
886.6141732283464 1505.5118110236222 313.38582677165357 66.14173228346456 Cachet,
1113.3858267716535 1505.5118110236222 255.11811023622047 66.14173228346456 belle
1256.6929133858268 1505.5118110236222 255.11811023622047 66.14173228346456 lettre.

31.496062992125985 1560.6299212598426 225.1968503937008 78.74015748031496 38.
159.0551181102362 1560.6299212598426 289.76377952755905 78.74015748031496 LE
319.68503937007875 1560.6299212598426 354.3307086614173 78.74015748031496 MÊME.

362.20472440944883 1653.5433070866143 149.60629921259843 66.14173228346456 L.
437.79527559055117 1653.5433070866143 200.0 66.14173228346456 aut.
562.2047244094488 1653.5433070866143 200.0 66.14173228346456 sig.
686.6141732283464 1653.5433070866143 225.1968503937008 66.14173228346456 G.
837.7952755905512 1653.5433070866143 149.60629921259843 66.14173228346456 D.
911.8110236220473 1653.5433070866143 149.60629921259843 66.14173228346456 R.
987.4015748031496 1653.5433070866143 250.39370078740157 66.14173228346456 J.
1162.2047244094488 1653.5433070866143 124.40944881889764 66.14173228346456 2
1212.5984251968505 1653.5433070866143 149.60629921259843 66.14173228346456 p.
1286.6141732283465 1653.5433070866143 174.8031496062992 66.14173228346456 1/2
1387.4015748031495 1653.5433070866143 225.1968503937008 66.14173228346456 in-4.
1537.007874015748 1653.5433070866143 225.1968503937008 66.14173228346456 Belle
1661.4173228346456 1653.5433070866143 225.1968503937008 66.14173228346456 lettre.

28.346456692913385 1721.259842519685 237.79527559055117 81.88976377952756 39.
165.35433070866142 1721.259842519685 577.9527559055118 81.88976377952756 DANTON
640.9448818897638 1721.259842519685 477.1653543307087 81.88976377952756 (Georges),
1015.7480314960629 1721.259842519685 374.8031496062992 81.88976377952756 célèbre
1288.1889763779527 1721.259842519685 340.15748031496065 81.88976377952756 membre
1525.984251968504 1721.259842519685 204.7244094488189 81.88976377952756 de
1628.3464566929133 1721.259842519685 204.7244094488189 81.88976377952756 la
1730.708661417323 1721.259842519685 510.23622047244095 81.88976377952756 Convention,
2105.511811023622 1721.259842519685 237.79527559055117 81.88976377952756 déca

278.74015748031496 1809.4488188976377 274.01574803149606 77.16535433070867 pité
450.3937007874016 1809.4488188976377 206.29921259842519 77.16535433070867 en
519.6850393700787 1809.4488188976377 239.37007874015748 77.16535433070867 1793.

360.62992125984255 1886.6141732283465 174.8031496062992 67.71653543307086 L.
448.81889763779526 1886.6141732283465 233.0708661417323 67.71653543307086 sig.
595.2755905511812 1886.6141732283465 174.8031496062992 67.71653543307086 au
683.4645669291339 1886.6141732283465 351.18110236220474 67.71653543307086 ministre
944.8818897637796 1886.6141732283465 174.8031496062992 67.71653543307086 de
1033.0708661417323 1886.6141732283465 174.8031496062992 67.71653543307086 la
1121.259842519685 1886.6141732283465 321.25984251968504 67.71653543307086 guerre.
1354.3307086614172 1886.6141732283465 292.9133858267717 67.71653543307086 Paris.
1559.0551181102362 1886.6141732283465 174.8031496062992 67.71653543307086 12
1647.244094488189 1886.6141732283465 233.0708661417323 67.71653543307086 août
1793.7007874015749 1886.6141732283465 262.99212598425197 67.71653543307086 1792.
1968.5039370078741 1886.6141732283465 204.7244094488189 67.71653543307086 1/2
2085.0393700787404 1886.6141732283465 174.8031496062992 67.71653543307086 p.
2143.3070866141734 1886.6141732283465 204.7244094488189 67.71653543307086 in

371.65354330708664 1952.755905511811 155.90551181102362 59.84251968503937 Le
450.3937007874016 1952.755905511811 259.84251968503935 59.84251968503937 comité
633.0708661417323 1952.755905511811 155.90551181102362 59.84251968503937 de
710.2362204724409 1952.755905511811 417.3228346456693 59.84251968503937 surveillance
1048.8188976377953 1952.755905511811 182.6771653543307 59.84251968503937 lui
1152.755905511811 1952.755905511811 234.64566929133858 59.84251968503937 ayant
1310.236220472441 1952.755905511811 207.8740157480315 59.84251968503937 fait
1439.3700787401574 1952.755905511811 311.81102362204723 59.84251968503937 parvenir
1674.015748031496 1952.755905511811 182.6771653543307 59.84251968503937 des
1777.9527559055118 1952.755905511811 259.84251968503935 59.84251968503937 pièces
1960.6299212598426 1952.755905511811 207.8740157480315 59.84251968503937 pour
2091.3385826771655 1952.755905511811 234.64566929133858 59.84251968503937 qu’il
2220.472440944882 1952.755905511811 130.70866141732284 59.84251968503937 les

316.53543307086613 2011.023622047244 352.755905511811 58.267716535433074 transmette
593.7007874015748 2011.023622047244 125.98425196850394 58.267716535433074 à
644.0944881889764 2011.023622047244 151.1811023622047 58.267716535433074 la
719.6850393700787 2011.023622047244 201.5748031496063 58.267716535433074 cour
845.6692913385826 2011.023622047244 302.3622047244094 58.267716535433074 martiale
1070.8661417322835 2011.023622047244 176.3779527559055 58.267716535433074 qui
1171.6535433070867 2011.023622047244 201.5748031496063 58.267716535433074 doit
1297.6377952755906 2011.023622047244 226.77165354330708 58.267716535433074 juger
1448.8188976377953 2011.023622047244 176.3779527559055 58.267716535433074 les
1549.6062992125985 2011.023622047244 302.3622047244094 58.267716535433074 Suisses,
1776.3779527559054 2011.023622047244 151.1811023622047 58.267716535433074 il
1851.9685039370079 2011.023622047244 176.3779527559055 58.267716535433074 les
1951.1811023622047 2011.023622047244 176.3779527559055 58.267716535433074 lui
2051.968503937008 2011.023622047244 251.96850393700788 58.267716535433074 envoie
2203.149606299213 2011.023622047244 151.1811023622047 58.267716535433074 pour

319.68503937007875 2067.716535433071 166.9291338582677 45.669291338582674 les
414.1732283464567 2067.716535433071 286.61417322834643 45.669291338582674 adresser
629.9212598425197 2067.716535433071 119.68503937007874 45.669291338582674 à
677.1653543307086 2067.716535433071 143.30708661417322 45.669291338582674 la
748.0314960629921 2067.716535433071 190.5511811023622 45.669291338582674 dite
844.0944881889764 2067.716535433071 166.9291338582677 45.669291338582674 cour.

34.645669291338585 2125.984251968504 233.0708661417323 81.88976377952756 40.
168.50393700787401 2125.984251968504 600.0 81.88976377952756 DELBREL
667.7165354330708 2125.984251968504 433.07086614173227 81.88976377952756 (Pierre),
1001.5748031496063 2125.984251968504 333.8582677165354 81.88976377952756 député
1234.6456692913387 2125.984251968504 200.0 81.88976377952756 du
1333.8582677165355 2125.984251968504 233.0708661417323 81.88976377952756 Lot
1467.716535433071 2125.984251968504 166.9291338582677 81.88976377952756 à
1533.8582677165355 2125.984251968504 200.0 81.88976377952756 la
1601.5748031496064 2125.984251968504 433.07086614173227 81.88976377952756 Convention.

359.0551181102362 2207.8740157480315 311.81102362204723 67.71653543307086 Notice
577.9527559055118 2207.8740157480315 217.3228346456693 67.71653543307086 sur
702.3622047244095 2207.8740157480315 311.81102362204723 67.71653543307086 Pierre
919.6850393700787 2207.8740157480315 373.2283464566929 67.71653543307086 Delbrel,
1200.0 2207.8740157480315 436.2204724409449 67.71653543307086 ex-député,
1543.3070866141732 2207.8740157480315 343.3070866141732 67.71653543307086 rédigée
1792.1259842519685 2207.8740157480315 217.3228346456693 67.71653543307086 par
1916.5354330708662 2207.8740157480315 404.7244094488189 67.71653543307086 lui-même.
2196.850393700787 2207.8740157480315 155.90551181102362 67.71653543307086 Ma-

302.3622047244094 2274.015748031496 322.8346456692913 67.71653543307086 nuscrit
537.007874015748 2274.015748031496 234.64566929133858 67.71653543307086 aut.
683.4645669291339 2274.015748031496 234.64566929133858 67.71653543307086 sig.
831.496062992126 2274.015748031496 234.64566929133858 67.71653543307086 deux
977.9527559055118 2274.015748031496 264.56692913385825 67.71653543307086 fois.
1152.755905511811 2274.015748031496 176.3779527559055 67.71653543307086 19
1240.9448818897638 2274.015748031496 176.3779527559055 67.71653543307086 p.
1329.1338582677165 2274.015748031496 264.56692913385825 67.71653543307086 grand
1505.5118110236222 2274.015748031496 264.56692913385825 67.71653543307086 in-f.
1681.8897637795276 2274.015748031496 264.56692913385825 67.71653543307086 d’une
1856.6929133858268 2274.015748031496 351.18110236220474 67.71653543307086 écriture
2091.3385826771655 2274.015748031496 264.56692913385825 67.71653543307086 serrée.

302.3622047244094 2341.732283464567 261.4173228346457 62.99212598425197 Belle
475.59055118110234 2341.732283464567 174.8031496062992 62.99212598425197 et
562.2047244094488 2341.732283464567 464.56692913385825 62.99212598425197 intéressante
911.8110236220473 2341.732283464567 231.49606299212599 62.99212598425197 pièce.

39.37007874015748 2407.8740157480315 236.2204724409449 80.31496062992126 41.
173.22834645669292 2407.8740157480315 640.9448818897638 80.31496062992126 DENTZEL,
713.3858267716536 2407.8740157480315 337.00787401574803 80.31496062992126 député
949.6062992125984 2407.8740157480315 203.1496062992126 80.31496062992126 du
1051.9685039370079 2407.8740157480315 404.7244094488189 80.31496062992126 Bas-Rhin
1355.9055118110236 2407.8740157480315 168.50393700787401 80.31496062992126 à
1422.0472440944882 2407.8740157480315 203.1496062992126 80.31496062992126 la
1489.763779527559 2407.8740157480315 439.37007874015745 80.31496062992126 Convention.

368.503937007874 2489.763779527559 188.9763779527559 67.71653543307086 L.
462.99212598425197 2489.763779527559 253.54330708661416 67.71653543307086 aut.
620.4724409448819 2489.763779527559 253.54330708661416 67.71653543307086 sig.
779.5275590551181 2489.763779527559 188.9763779527559 67.71653543307086 au
874.0157480314961 2489.763779527559 411.0236220472441 67.71653543307086 président
1190.5511811023623 2489.763779527559 188.9763779527559 67.71653543307086 de
1285.0393700787401 2489.763779527559 188.9763779527559 67.71653543307086 la
1379.5275590551182 2489.763779527559 474.01574803149606 67.71653543307086 Convention.
1759.0551181102362 2489.763779527559 316.53543307086613 67.71653543307086 Maison
1979.5275590551182 2489.763779527559 348.0314960629921 67.71653543307086 d’arrêt
2201.5748031496064 2489.763779527559 157.48031496062993 67.71653543307086 des

303.93700787401576 2560.6299212598424 362.20472440944883 64.56692913385827 Ecossais,
582.6771653543307 2560.6299212598424 166.9291338582677 64.56692913385827 an
666.1417322834645 2560.6299212598424 222.04724409448818 64.56692913385827 III.
804.7244094488188 2560.6299212598424 138.58267716535434 64.56692913385827 1
859.8425196850394 2560.6299212598424 166.9291338582677 64.56692913385827 p.
943.3070866141733 2560.6299212598424 195.2755905511811 64.56692913385827 pl.
1026.7716535433071 2560.6299212598424 195.2755905511811 64.56692913385827 in

354.3307086614173 2618.8976377952754 262.99212598425197 64.56692913385827 Arrêté
538.5826771653543 2618.8976377952754 262.99212598425197 64.56692913385827 depuis
724.4094488188977 2618.8976377952754 211.0236220472441 64.56692913385827 neuf
855.1181102362204 2618.8976377952754 237.79527559055117 64.56692913385827 mois,
1014.1732283464567 2618.8976377952754 157.48031496062993 64.56692913385827 et
1092.9133858267717 2618.8976377952754 237.79527559055117 64.56692913385827 étant
1251.9685039370079 2618.8976377952754 237.79527559055117 64.56692913385827 tombé
1409.4488188976377 2618.8976377952754 289.76377952755905 64.56692913385827 malade,
1620.4724409448818 2618.8976377952754 157.48031496062993 64.56692913385827 il
1699.2125984251968 2618.8976377952754 289.76377952755905 64.56692913385827 demande
1910.236220472441 2618.8976377952754 132.28346456692913 64.56692913385827 à
1963.7795275590552 2618.8976377952754 211.0236220472441 64.56692913385827 être
2069.2913385826773 2618.8976377952754 289.76377952755905 64.56692913385827 transféré

302.3622047244094 2680.314960629921 206.29921259842519 56.69291338582677 chez
429.9212598425197 2680.314960629921 179.5275590551181 56.69291338582677 lui
533.8582677165355 2680.314960629921 206.29921259842519 56.69291338582677 avec
662.992125984252 2680.314960629921 154.33070866141733 56.69291338582677 un
713.3858267716536 2680.314960629921 206.29921259842519 56.69291338582677 garde.

42.51968503937008 2737.0078740157483 248.8188976377953 81.88976377952756 42.
185.82677165354332 2737.0078740157483 782.6771653543307 81.88976377952756 DESGENETTES
861.4173228346457 2737.0078740157483 248.8188976377953 81.88976377952756 (R.
1004.7244094488188 2737.0078740157483 248.8188976377953 81.88976377952756 N.,
1146.4566929133857 2737.0078740157483 319.68503937007875 81.88976377952756 baron
1360.6299212598426 2737.0078740157483 499.21259842519686 81.88976377952756 Dufriche),
1752.755905511811 2737.0078740157483 392.12598425196853 81.88976377952756 célèbre
2001.5748031496064 2737.0078740157483 355.90551181102364 81.88976377952756 médecin,

294.48818897637796 2825.196850393701 209.4488188976378 77.16535433070867 né
398.4251968503937 2825.196850393701 174.8031496062992 77.16535433070867 à
434.6456692913386 2825.196850393701 349.6062992125984 77.16535433070867 Alençon.

374.8031496062992 2905.511811023622 182.6771653543307 66.14173228346456 1°
466.1417322834646 2905.511811023622 182.6771653543307 66.14173228346456 Sa
557.4803149606299 2905.511811023622 428.34645669291336 66.14173228346456 biographie
894.488188976378 2905.511811023622 244.09448818897638 66.14173228346456 aut.
1047.244094488189 2905.511811023622 335.43307086614175 66.14173228346456 rédigée
1291.3385826771653 2905.511811023622 214.17322834645668 66.14173228346456 par
1412.5984251968505 2905.511811023622 396.8503937007874 66.14173228346456 lui-même,
1718.1102362204724 2905.511811023622 244.09448818897638 66.14173228346456 avec
1872.4409448818897 2905.511811023622 335.43307086614175 66.14173228346456 ratures
2116.535433070866 2905.511811023622 182.6771653543307 66.14173228346456 et
2177.952755905512 2905.511811023622 182.6771653543307 66.14173228346456 cor-

310.23622047244095 2973.228346456693 352.755905511811 66.14173228346456 rections.
581.1023622047244 2973.228346456693 135.43307086614172 66.14173228346456 5
636.2204724409448 2973.228346456693 163.7795275590551 66.14173228346456 p.
718.1102362204724 2973.228346456693 190.5511811023622 66.14173228346456 1/2
798.4251968503937 2973.228346456693 190.5511811023622 66.14173228346456 in

374.8031496062992 3037.7952755905512 166.9291338582677 64.56692913385827 2°
458.26771653543307 3037.7952755905512 166.9291338582677 64.56692913385827 L.
543.3070866141733 3037.7952755905512 223.6220472440945 64.56692913385827 aut.
681.8897637795276 3037.7952755905512 223.6220472440945 64.56692913385827 sig.
822.0472440944882 3037.7952755905512 250.39370078740157 64.56692913385827 1802.
988.9763779527559 3037.7952755905512 140.15748031496062 64.56692913385827 1
1045.6692913385828 3037.7952755905512 166.9291338582677 64.56692913385827 p.
1100.7874015748032 3037.7952755905512 195.2755905511811 64.56692913385827 in

48.818897637795274 3088.1889763779527 239.37007874015748 96.06299212598425 43.
185.82677165354332 3088.1889763779527 718.1102362204724 96.06299212598425 DESMAZURES
801.5748031496063 3088.1889763779527 444.09448818897636 96.06299212598425 (l’abbé),
1143.3070866141732 3088.1889763779527 513.3858267716536 96.06299212598425 prédicateur
1519.6850393700788 3088.1889763779527 341.73228346456693 96.06299212598425 célèbre.

373.2283464566929 3184.251968503937 188.9763779527559 69.29133858267717 1°
467.7165354330709 3184.251968503937 188.9763779527559 69.29133858267717 L.
562.2047244094488 3184.251968503937 251.96850393700788 69.29133858267717 aut.
719.6850393700787 3184.251968503937 251.96850393700788 69.29133858267717 sig.
878.7401574803149 3184.251968503937 379.5275590551181 69.29133858267717 St-Omer,
1162.2047244094488 3184.251968503937 188.9763779527559 69.29133858267717 21
1256.6929133858268 3184.251968503937 348.0314960629921 69.29133858267717 octobre
1510.236220472441 3184.251968503937 283.46456692913387 69.29133858267717 1822,
1699.2125984251968 3184.251968503937 157.48031496062993 69.29133858267717 4
1762.2047244094488 3184.251968503937 188.9763779527559 69.29133858267717 p.
1856.6929133858268 3184.251968503937 220.4724409448819 69.29133858267717 pl.
1982.6771653543308 3184.251968503937 283.46456692913387 69.29133858267717 in-4.
2141.732283464567 3184.251968503937 220.4724409448819 69.29133858267717 Belle

296.06299212598424 3255.1181102362207 231.49606299212599 51.968503937007874 lettre.

363.7795275590551 3316.535433070866 149.60629921259843 59.84251968503937 Il
439.37007874015745 3316.535433070866 200.0 59.84251968503937 fait
563.7795275590552 3316.535433070866 124.40944881889764 59.84251968503937 à
614.1732283464567 3316.535433070866 149.60629921259843 59.84251968503937 un
689.7637795275591 3316.535433070866 174.8031496062992 59.84251968503937 ami
788.9763779527559 3316.535433070866 400.0 59.84251968503937 l’historique
1114.9606299212599 3316.535433070866 149.60629921259843 59.84251968503937 de
1190.5511811023623 3316.535433070866 149.60629921259843 59.84251968503937 sa
1264.5669291338584 3316.535433070866 300.78740157480314 59.84251968503937 tournée,
1491.3385826771653 3316.535433070866 149.60629921259843 59.84251968503937 et
1565.3543307086613 3316.535433070866 174.8031496062992 59.84251968503937 lui
1666.1417322834645 3316.535433070866 200.0 59.84251968503937 cite
1790.5511811023623 3316.535433070866 174.8031496062992 59.84251968503937 les
1891.3385826771653 3316.535433070866 300.78740157480314 59.84251968503937 endroits
2116.535433070866 3316.535433070866 200.0 59.84251968503937 dans
2217.3228346456694 3316.535433070866 149.60629921259843 59.84251968503937 les-

311.81102362204723 3371.6535433070867 237.79527559055117 62.99212598425197 quels
470.86614173228344 3371.6535433070867 157.48031496062993 62.99212598425197 il
549.6062992125984 3371.6535433070867 132.28346456692913 62.99212598425197 a
601.5748031496063 3371.6535433070867 289.76377952755905 62.99212598425197 prêché,
812.5984251968504 3371.6535433070867 132.28346456692913 62.99212598425197 à
866.1417322834645 3371.6535433070867 343.3070866141732 62.99212598425197 Boulogne,
1129.1338582677165 3371.6535433070867 211.0236220472441 62.99212598425197 dans
1261.4173228346456 3371.6535433070867 316.53543307086613 62.99212598425197 l’église
1499.2125984251968 3371.6535433070867 157.48031496062993 62.99212598425197 de
1577.9527559055118 3371.6535433070867 157.48031496062993 62.99212598425197 la
1656.6929133858268 3371.6535433070867 422.0472440944882 62.99212598425197 Basse-Ville;
2000.0 3371.6535433070867 132.28346456692913 62.99212598425197 à
2051.968503937008 3371.6535433070867 262.99212598425197 62.99212598425197 Calais
2236.220472440945 3371.6535433070867 157.48031496062993 62.99212598425197 et
2289.763779527559 3371.6535433070867 78.74015748031496 62.99212598425197 à

286.61417322834643 3433.0708661417325 354.3307086614173 45.669291338582674 Saint

381.1023622047244 3485.0393700787404 177.95275590551182 72.44094488188976 2°
470.86614173228344 3485.0393700787404 296.06299212598424 72.44094488188976 Projet
677.1653543307086 3485.0393700787404 236.2204724409449 72.44094488188976 aut.
825.1968503937007 3485.0393700787404 177.95275590551182 72.44094488188976 du
914.9606299212599 3485.0393700787404 296.06299212598424 72.44094488188976 sermon
1121.259842519685 3485.0393700787404 266.1417322834646 72.44094488188976 qu’il
1299.2125984251968 3485.0393700787404 148.03149606299212 72.44094488188976 a
1359.0551181102362 3485.0393700787404 355.90551181102364 72.44094488188976 prononcé
1625.1968503937007 3485.0393700787404 236.2204724409449 72.44094488188976 dans
1773.2283464566929 3485.0393700787404 355.90551181102364 72.44094488188976 l’église
2039.3700787401574 3485.0393700787404 177.95275590551182 72.44094488188976 de
2099.212598425197 3485.0393700787404 266.1417322834646 72.44094488188976 Calais.

324.40944881889766 3557.48031496063 124.40944881889764 64.56692913385827 4
374.8031496062992 3557.48031496063 173.22834645669292 64.56692913385827 p.,
448.81889763779526 3557.48031496063 173.22834645669292 64.56692913385827 in

59.84251968503937 3607.8740157480315 240.9448818897638 94.48818897637796 44.
196.8503937007874 3607.8740157480315 686.6141732283464 94.48818897637796 DEVÉRITÉ,
781.1023622047244 3607.8740157480315 343.3070866141732 94.48818897637796 député
1020.4724409448819 3607.8740157480315 206.29921259842519 94.48818897637796 de
1124.4094488188975 3607.8740157480315 206.29921259842519 94.48818897637796 la
1226.7716535433071 3607.8740157480315 308.66141732283467 94.48818897637796 Somme
1433.0708661417323 3607.8740157480315 171.6535433070866 94.48818897637796 à
1500.7874015748032 3607.8740157480315 206.29921259842519 94.48818897637796 la
1570.0787401574803 3607.8740157480315 445.6692913385827 94.48818897637796 Convention.

390.5511811023622 3702.3622047244094 192.1259842519685 69.29133858267717 1°
486.61417322834643 3702.3622047244094 480.31496062992125 69.29133858267717 Réclamation
869.2913385826772 3702.3622047244094 255.11811023622047 69.29133858267717 pour
1029.9212598425197 3702.3622047244094 192.1259842519685 69.29133858267717 un
1125.984251968504 3702.3622047244094 319.68503937007875 69.29133858267717 député
1349.6062992125985 3702.3622047244094 384.251968503937 69.29133858267717 patriote
1636.2204724409448 3702.3622047244094 384.251968503937 69.29133858267717 opprimé,
1924.4094488188975 3702.3622047244094 192.1259842519685 69.29133858267717 et
2020.4724409448818 3702.3622047244094 319.68503937007875 69.29133858267717 compte
2212.5984251968503 3702.3622047244094 127.55905511811024 69.29133858267717 mo

327.5590551181102 3771.6535433070867 203.1496062992126 64.56692913385827 ral
442.5196850393701 3771.6535433070867 173.22834645669292 64.56692913385827 de
529.1338582677165 3771.6535433070867 173.22834645669292 64.56692913385827 sa
617.3228346456693 3771.6535433070867 376.37795275590554 64.56692913385827 conduite.
905.511811023622 3771.6535433070867 376.37795275590554 64.56692913385827 Manuscrit
1195.275590551181 3771.6535433070867 231.49606299212599 64.56692913385827 aut.
1340.1574803149606 3771.6535433070867 173.22834645669292 64.56692913385827 10
1426.7716535433071 3771.6535433070867 173.22834645669292 64.56692913385827 p.
1485.0393700787401 3771.6535433070867 203.1496062992126 64.56692913385827 in

387.40157480314963 3831.496062992126 185.82677165354332 72.44094488188976 2°
480.31496062992125 3831.496062992126 185.82677165354332 72.44094488188976 L.
573.2283464566929 3831.496062992126 247.24409448818898 72.44094488188976 aut.
729.1338582677165 3831.496062992126 403.1496062992126 72.44094488188976 contenant
1037.7952755905512 3831.496062992126 278.74015748031496 72.44094488188976 envoi
1223.6220472440946 3831.496062992126 185.82677165354332 72.44094488188976 de
1316.5354330708662 3831.496062992126 185.82677165354332 72.44094488188976 la
1409.4488188976377 3831.496062992126 278.74015748031496 72.44094488188976 pièce
1595.275590551181 3831.496062992126 433.07086614173227 72.44094488188976 précédente
1937.007874015748 3831.496062992126 247.24409448818898 72.44094488188976 avec
2059.8425196850394 3831.496062992126 310.23622047244095 72.44094488188976 dévelop-

329.13385826771656 3908.6614173228345 318.1102362204724 62.99212598425197 pement.
559.0551181102362 3908.6614173228345 144.88188976377953 62.99212598425197 3
617.3228346456693 3908.6614173228345 173.22834645669292 62.99212598425197 p.
703.9370078740158 3908.6614173228345 201.5748031496063 62.99212598425197 pl.
790.5511811023622 3908.6614173228345 201.5748031496063 62.99212598425197 in

390.5511811023622 3962.2047244094488 179.5275590551181 74.01574803149606 3°
480.31496062992125 3962.2047244094488 179.5275590551181 74.01574803149606 L.
570.0787401574803 3962.2047244094488 240.9448818897638 74.01574803149606 aut.
721.2598425196851 3962.2047244094488 240.9448818897638 74.01574803149606 sig.
870.8661417322835 3962.2047244094488 149.60629921259843 74.01574803149606 à
930.7086614173228 3962.2047244094488 179.5275590551181 74.01574803149606 A.
1022.0472440944882 3962.2047244094488 330.70866141732284 74.01574803149606 Dumont.
1261.4173228346456 3962.2047244094488 149.60629921259843 74.01574803149606 9
1321.259842519685 3962.2047244094488 330.70866141732284 74.01574803149606 juillet
1562.2047244094488 3962.2047244094488 270.86614173228344 74.01574803149606 1793.
1741.732283464567 3962.2047244094488 149.60629921259843 74.01574803149606 2
1803.1496062992126 3962.2047244094488 179.5275590551181 74.01574803149606 p.
1892.9133858267717 3962.2047244094488 211.0236220472441 74.01574803149606 1/2
2012.5984251968505 3962.2047244094488 270.86614173228344 74.01574803149606 in-4.
2162.2047244094488 3962.2047244094488 211.0236220472441 74.01574803149606 Belle

333.8582677165354 4034.6456692913384 278.74015748031496 69.29133858267717 lettre
529.1338582677165 4034.6456692913384 250.39370078740157 69.29133858267717 ayant
696.0629921259842 4034.6456692913384 250.39370078740157 69.29133858267717 trait
862.992125984252 4034.6456692913384 195.2755905511811 69.29133858267717 aux
974.8031496062993 4034.6456692913384 138.58267716535434 69.29133858267717 2
1031.4960629921259 4034.6456692913384 278.74015748031496 69.29133858267717 pièces
1198.4251968503936 4034.6456692913384 333.8582677165354 69.29133858267717 ci

70.86614173228347 4105.511811023622 211.0236220472441 77.16535433070867 45.
192.1259842519685 4105.511811023622 544.8818897637796 77.16535433070867 DIVERS.
645.6692913385826 4105.511811023622 302.3622047244094 77.16535433070867 Quatre
826.7716535433071 4105.511811023622 302.3622047244094 77.16535433070867 lettres.

396.8503937007874 4181.102362204724 370.0787401574803 70.86614173228347 BOUILLON
674.0157480314961 4181.102362204724 215.748031496063 70.86614173228347 (le
798.4251968503937 4181.102362204724 370.0787401574803 70.86614173228347 cardinal
1075.5905511811025 4181.102362204724 245.66929133858267 70.86614173228347 de).
1228.3464566929133 4181.102362204724 184.251968503937 70.86614173228347 L.
1321.259842519685 4181.102362204724 245.66929133858267 70.86614173228347 aut.
1475.5905511811025 4181.102362204724 154.33070866141733 70.86614173228347 à
1537.007874015748 4181.102362204724 308.66141732283467 70.86614173228347 Madame
1752.755905511811 4181.102362204724 184.251968503937 70.86614173228347 de
1845.6692913385828 4181.102362204724 431.496062992126 70.86614173228347 Coulanges.
2152.755905511811 4181.102362204724 215.748031496063 70.86614173228347 1705.

330.70866141732284 4242.51968503937 157.48031496062993 77.16535433070867 1
393.7007874015748 4242.51968503937 188.9763779527559 77.16535433070867 p.
488.18897637795277 4242.51968503937 220.4724409448819 77.16535433070867 pl.
614.1732283464567 4242.51968503937 283.46456692913387 77.16535433070867 in-4.
803.1496062992126 4242.51968503937 157.48031496062993 77.16535433070867 —
866.1417322834645 4242.51968503937 314.96062992125985 77.16535433070867 GANGES
1085.0393700787401 4242.51968503937 220.4724409448819 77.16535433070867 (le
1211.023622047244 4242.51968503937 346.45669291338584 77.16535433070867 marquis
1462.992125984252 4242.51968503937 251.96850393700788 77.16535433070867 de).
1620.4724409448818 4242.51968503937 188.9763779527559 77.16535433070867 L.
1714.9606299212599 4242.51968503937 251.96850393700788 77.16535433070867 aut.
1872.4409448818897 4242.51968503937 251.96850393700788 77.16535433070867 sig.
2028.3464566929133 4242.51968503937 157.48031496062993 77.16535433070867 à
2059.8425196850394 4242.51968503937 314.96062992125985 77.16535433070867 l’évêque

330.70866141732284 4313.385826771653 335.43307086614175 72.44094488188976 d’Alet.
573.2283464566929 4313.385826771653 274.01574803149606 72.44094488188976 1706.
757.4803149606299 4313.385826771653 152.75590551181102 72.44094488188976 3
817.3228346456693 4313.385826771653 182.6771653543307 72.44094488188976 p.
908.6614173228346 4313.385826771653 274.01574803149606 72.44094488188976 in-4.
1091.3385826771653 4313.385826771653 152.75590551181102 72.44094488188976 —
1152.755905511811 4313.385826771653 335.43307086614175 72.44094488188976 GESVRES
1396.8503937007874 4313.385826771653 212.5984251968504 72.44094488188976 (le
1518.1102362204724 4313.385826771653 212.5984251968504 72.44094488188976 duc
1640.9448818897638 4313.385826771653 244.09448818897638 72.44094488188976 de).
1792.1259842519685 4313.385826771653 182.6771653543307 72.44094488188976 L.
1883.4645669291338 4313.385826771653 244.09448818897638 72.44094488188976 aut.
2036.2204724409448 4313.385826771653 274.01574803149606 72.44094488188976 1749.
2218.8976377952754 4313.385826771653 152.75590551181102 72.44094488188976 1
2250.3937007874015 4313.385826771653 121.25984251968504 72.44094488188976 p.

330.70866141732284 4368.503937007874 274.01574803149606 83.46456692913385 in-4.
513.3858267716536 4368.503937007874 152.75590551181102 83.46456692913385 —
574.8031496062993 4368.503937007874 335.43307086614175 83.46456692913385 SIMIANE
817.3228346456693 4368.503937007874 335.43307086614175 83.46456692913385 (Madame
1061.4173228346456 4368.503937007874 244.09448818897638 83.46456692913385 de).
1214.1732283464567 4368.503937007874 182.6771653543307 83.46456692913385 L.
1305.5118110236222 4368.503937007874 244.09448818897638 83.46456692913385 aut.
1458.267716535433 4368.503937007874 244.09448818897638 83.46456692913385 sig.
1611.023622047244 4368.503937007874 274.01574803149606 83.46456692913385 1731.
1793.7007874015749 4368.503937007874 152.75590551181102 83.46456692913385 2
1855.1181102362204 4368.503937007874 182.6771653543307 83.46456692913385 p.
1946.4566929133857 4368.503937007874 214.17322834645668 83.46456692913385 1/2
2067.716535433071 4368.503937007874 274.01574803149606 83.46456692913385 in-4.
2220.472440944882 4368.503937007874 152.75590551181102 83.46456692913385 Dé-

332.2834645669291 4439.370078740158 335.43307086614175 75.59055118110236 chirure
574.8031496062993 4439.370078740158 365.3543307086614 75.59055118110236 enlevant
850.3937007874016 4439.370078740158 152.75590551181102 75.59055118110236 3
910.2362204724409 4439.370078740158 212.5984251968504 75.59055118110236 1/2
1033.0708661417323 4439.370078740158 244.09448818897638 75.59055118110236 lig.
1184.251968503937 4439.370078740158 182.6771653543307 75.59055118110236 Ce
1275.5905511811025 4439.370078740158 212.5984251968504 75.59055118110236 lot
1398.4251968503936 4439.370078740158 182.6771653543307 75.59055118110236 et
1489.763779527559 4439.370078740158 212.5984251968504 75.59055118110236 les
1611.023622047244 4439.370078740158 152.75590551181102 75.59055118110236 8
1672.4409448818897 4439.370078740158 365.3543307086614 75.59055118110236 suivants
1946.4566929133857 4439.370078740158 365.3543307086614 75.59055118110236 pourront
2190.551181102362 4439.370078740158 182.6771653543307 75.59055118110236 être

311.81102362204723 4516.535433070866 272.4409448818898 53.54330708661417 divisés.
