2398.4251968503936 4770.078740157481
988.9763779527559 137.00787401574803 299.21259842519686 78.74015748031496 —
1108.6614173228347 137.00787401574803 299.21259842519686 78.74015748031496 8
1168.5039370078741 137.00787401574803 179.5275590551181 78.74015748031496 —

17.322834645669293 278.74015748031496 242.51968503937007 85.03937007874016 57.
155.90551181102362 278.74015748031496 587.4015748031496 85.03937007874016 FLEURY
639.3700787401575 278.74015748031496 242.51968503937007 85.03937007874016 (A.
777.9527559055118 278.74015748031496 242.51968503937007 85.03937007874016 H.,
914.9606299212599 278.74015748031496 414.1732283464567 85.03937007874016 cardinal
1226.7716535433071 278.74015748031496 277.1653543307087 85.03937007874016 de),
1400.0 278.74015748031496 483.46456692913387 85.03937007874016 précepteur
1779.5275590551182 278.74015748031496 207.8740157480315 85.03937007874016 de
1883.4645669291338 278.74015748031496 310.23622047244095 85.03937007874016 Louis
2089.763779527559 278.74015748031496 242.51968503937007 85.03937007874016 XV,
2193.700787401575 278.74015748031496 138.58267716535434 85.03937007874016 de

270.86614173228344 363.7795275590551 332.2834645669291 62.99212598425197 l’Acad.
481.8897637795276 363.7795275590551 151.1811023622047 62.99212598425197 fr.

343.3070866141732 462.99212598425197 325.98425196850394 67.71653543307086 Tableau
581.1023622047244 462.99212598425197 177.95275590551182 67.71653543307086 de
669.2913385826772 462.99212598425197 414.1732283464567 67.71653543307086 l’Histoire
995.2755905511812 462.99212598425197 384.251968503937 67.71653543307086 ancienne.
1291.3385826771653 462.99212598425197 384.251968503937 67.71653543307086 Manuscrit
1587.4015748031495 462.99212598425197 236.2204724409449 67.71653543307086 aut.
1735.4330708661416 462.99212598425197 177.95275590551182 67.71653543307086 de
1823.6220472440946 462.99212598425197 177.95275590551182 67.71653543307086 80
1913.3858267716535 462.99212598425197 177.95275590551182 67.71653543307086 p.
2001.5748031496064 462.99212598425197 236.2204724409449 67.71653543307086 pet.
2119.685039370079 462.99212598425197 207.8740157480315 67.71653543307086 in

280.31496062992125 530.7086614173228 215.748031496063 64.56692913385827 pl.
403.1496062992126 530.7086614173228 245.66929133858267 64.56692913385827 rel.
555.9055118110236 530.7086614173228 307.0866141732283 64.56692913385827 maroq.
771.6535433070866 530.7086614173228 277.1653543307087 64.56692913385827 roug.
955.9055118110236 530.7086614173228 215.748031496063 64.56692913385827 tr.
1078.740157480315 530.7086614173228 245.66929133858267 64.56692913385827 dor.
1231.4960629921259 530.7086614173228 215.748031496063 64.56692913385827 aux
1354.3307086614172 530.7086614173228 277.1653543307087 64.56692913385827 armes
1538.5826771653544 530.7086614173228 184.251968503937 64.56692913385827 du
1600.0 530.7086614173228 307.0866141732283 64.56692913385827 Dauphin.

18.89763779527559 609.4488188976378 228.3464566929134 85.03937007874016 58.
149.60629921259843 609.4488188976378 588.9763779527559 85.03937007874016 FOUQUET
640.9448818897638 609.4488188976378 458.26771653543307 85.03937007874016 (Nicolas),
1000.0 609.4488188976378 522.8346456692914 85.03937007874016 surintendant
1425.1968503937007 609.4488188976378 228.3464566929134 85.03937007874016 des
1524.4094488188975 609.4488188976378 359.0551181102362 85.03937007874016 finances.

349.6062992125984 707.0866141732283 171.6535433070866 62.99212598425197 1°
434.6456692913386 707.0866141732283 258.26771653543307 62.99212598425197 Jolie
606.2992125984252 707.0866141732283 171.6535433070866 62.99212598425197 l.
692.9133858267717 707.0866141732283 228.3464566929134 62.99212598425197 aut.
836.2204724409448 707.0866141732283 143.30708661417322 62.99212598425197 à
892.9133858267717 707.0866141732283 228.3464566929134 62.99212598425197 Mlle
1036.2204724409448 707.0866141732283 228.3464566929134 62.99212598425197 ....
1179.5275590551182 707.0866141732283 258.26771653543307 62.99212598425197 1661.
1351.1811023622047 707.0866141732283 143.30708661417322 62.99212598425197 2
1407.8740157480315 707.0866141732283 171.6535433070866 62.99212598425197 p.
1466.1417322834645 707.0866141732283 228.3464566929134 62.99212598425197 in

341.73228346456693 773.2283464566929 177.95275590551182 66.14173228346456 2°
431.496062992126 773.2283464566929 532.2834645669292 66.14173228346456 Reconnaissance
874.0157480314961 773.2283464566929 236.2204724409449 66.14173228346456 aut.
1022.0472440944882 773.2283464566929 236.2204724409449 66.14173228346456 sig.
1170.0787401574803 773.2283464566929 266.1417322834646 66.14173228346456 1661.
1346.4566929133857 773.2283464566929 206.29921259842519 66.14173228346456 1/2
1464.5669291338584 773.2283464566929 177.95275590551182 66.14173228346456 p.
1524.4094488188975 773.2283464566929 206.29921259842519 66.14173228346456 in

14.173228346456693 855.1181102362204 253.54330708661416 81.88976377952756 59.
159.0551181102362 855.1181102362204 1015.7480314960629 81.88976377952756 FOUQUIER-TINVILLE
1066.1417322834645 855.1181102362204 253.54330708661416 81.88976377952756 (A.
1212.5984251968505 855.1181102362204 289.76377952755905 81.88976377952756 Q.),
1393.7007874015749 855.1181102362204 508.66141732283467 81.88976377952756 accusateur
1792.1259842519685 855.1181102362204 362.20472440944883 81.88976377952756 public
2047.244094488189 855.1181102362204 217.3228346456693 81.88976377952756 au
2119.685039370079 855.1181102362204 217.3228346456693 81.88976377952756 tri

266.1417322834646 940.1574803149606 289.76377952755905 80.31496062992126 bunal
458.26771653543307 940.1574803149606 645.6692913385826 80.31496062992126 révolutionnaire,
1007.8740157480315 940.1574803149606 387.40157480314963 80.31496062992126 décapité
1297.6377952755906 940.1574803149606 193.70078740157481 80.31496062992126 en
1393.7007874015749 940.1574803149606 258.26771653543307 80.31496062992126 l’an
1522.8346456692914 940.1574803149606 193.70078740157481 80.31496062992126 III.

341.73228346456693 1037.7952755905512 190.5511811023622 66.14173228346456 L.
436.2204724409449 1037.7952755905512 253.54330708661416 66.14173228346456 aut.
595.2755905511812 1037.7952755905512 253.54330708661416 66.14173228346456 sig.
752.7559055118111 1037.7952755905512 379.5275590551181 66.14173228346456 FOUQUIER
1037.7952755905512 1037.7952755905512 190.5511811023622 66.14173228346456 DE
1132.283464566929 1037.7952755905512 379.5275590551181 66.14173228346456 TINVILLE
1417.3228346456692 1037.7952755905512 157.48031496062993 66.14173228346456 à
1480.3149606299212 1037.7952755905512 222.04724409448818 66.14173228346456 son
1607.8740157480315 1037.7952755905512 316.53543307086613 66.14173228346456 frère.
1828.3464566929133 1037.7952755905512 316.53543307086613 66.14173228346456 Paris,
2050.3937007874015 1037.7952755905512 190.5511811023622 66.14173228346456 le
2144.8818897637793 1037.7952755905512 157.48031496062993 66.14173228346456 8
2177.952755905512 1037.7952755905512 157.48031496062993 66.14173228346456 oc-

283.46456692913387 1103.9370078740158 266.1417322834646 67.71653543307086 tobre
461.4173228346457 1103.9370078740158 266.1417322834646 67.71653543307086 1777.
637.7952755905512 1103.9370078740158 148.03149606299212 67.71653543307086 1
697.6377952755905 1103.9370078740158 177.95275590551182 67.71653543307086 p.
785.8267716535433 1103.9370078740158 266.1417322834646 67.71653543307086 in-4.
933.8582677165355 1103.9370078740158 266.1417322834646 67.71653543307086 Cachet.

17.322834645669293 1184.251968503937 233.0708661417323 85.03937007874016 60.
149.60629921259843 1184.251968503937 633.0708661417323 85.03937007874016 GALLONDE
683.4645669291339 1184.251968503937 266.1417322834646 85.03937007874016 (Ph.
850.3937007874016 1184.251968503937 299.21259842519686 85.03937007874016 Ch.),
1050.3937007874015 1184.251968503937 333.8582677165354 85.03937007874016 habile
1283.4645669291338 1184.251968503937 533.8582677165355 85.03937007874016 calligraphe,
1716.5354330708662 1184.251968503937 200.0 85.03937007874016 né
1815.748031496063 1184.251968503937 166.9291338582677 85.03937007874016 à
1883.4645669291338 1184.251968503937 200.0 85.03937007874016 la
1949.6062992125985 1184.251968503937 233.0708661417323 85.03937007874016 Fère.

340.15748031496065 1280.3149606299212 299.21259842519686 67.71653543307086 Prière
549.6062992125984 1280.3149606299212 239.37007874015748 67.71653543307086 aut.
699.2125984251968 1280.3149606299212 239.37007874015748 67.71653543307086 sig.
848.8188976377953 1280.3149606299212 209.4488188976378 67.71653543307086 sur
966.9291338582677 1280.3149606299212 269.29133858267716 67.71653543307086 vél.,
1146.4566929133857 1280.3149606299212 388.9763779527559 67.71653543307086 présentée
1445.6692913385828 1280.3149606299212 149.60629921259843 67.71653543307086 à
1505.5118110236222 1280.3149606299212 299.21259842519686 67.71653543307086 Madame
1714.9606299212599 1280.3149606299212 329.13385826771656 67.71653543307086 Louise,
1952.755905511811 1280.3149606299212 239.37007874015748 67.71653543307086 avec
2072.4409448818897 1280.3149606299212 269.29133858267716 67.71653543307086 dessins

274.01574803149606 1349.6062992125985 148.03149606299212 64.56692913385827 à
333.8582677165354 1349.6062992125985 177.95275590551182 64.56692913385827 la
422.0472440944882 1349.6062992125985 296.06299212598424 64.56692913385827 plume.
629.9212598425197 1349.6062992125985 266.1417322834646 64.56692913385827 1765.
806.2992125984252 1349.6062992125985 266.1417322834646 64.56692913385827 Jolie
984.2519685039371 1349.6062992125985 296.06299212598424 64.56692913385827 petite
1162.2047244094488 1349.6062992125985 236.2204724409449 64.56692913385827 pièce.

18.89763779527559 1415.748031496063 228.3464566929134 97.63779527559055 61.
149.60629921259843 1415.748031496063 651.9685039370079 97.63779527559055 GÉNÉRAUX.
703.9370078740158 1415.748031496063 228.3464566929134 97.63779527559055 Dix
834.6456692913385 1415.748031496063 359.0551181102362 97.63779527559055 lettres
1096.0629921259842 1415.748031496063 261.4173228346457 97.63779527559055 aut.
1226.7716535433071 1415.748031496063 195.2755905511811 97.63779527559055 sig.

340.15748031496065 1529.1338582677165 381.1023622047244 69.29133858267717 BERTRAND
625.1968503937007 1529.1338582677165 477.1653543307087 69.29133858267717 (maréchal).
1007.8740157480315 1529.1338582677165 159.0551181102362 69.29133858267717 1
1070.8661417322835 1529.1338582677165 190.5511811023622 69.29133858267717 p.
1165.3543307086613 1529.1338582677165 286.61417322834643 69.29133858267717 in-4.
1357.4803149606298 1529.1338582677165 159.0551181102362 69.29133858267717 —
1420.4724409448818 1529.1338582677165 412.59842519685037 69.29133858267717 DUVIVIER.
1738.5826771653544 1529.1338582677165 286.61417322834643 69.29133858267717 1841.
1929.1338582677165 1529.1338582677165 159.0551181102362 69.29133858267717 1
1992.1259842519685 1529.1338582677165 190.5511811023622 69.29133858267717 p.
2088.1889763779527 1529.1338582677165 286.61417322834643 69.29133858267717 in-4.
2245.6692913385828 1529.1338582677165 96.06299212598425 69.29133858267717 —

278.74015748031496 1593.7007874015749 275.59055118110234 70.86614173228347 HAXO.
461.4173228346457 1593.7007874015749 152.75590551181102 70.86614173228347 1
522.8346456692914 1593.7007874015749 184.251968503937 70.86614173228347 p.
615.7480314960629 1593.7007874015749 275.59055118110234 70.86614173228347 in-8.
798.4251968503937 1593.7007874015749 152.75590551181102 70.86614173228347 —
859.8425196850394 1593.7007874015749 275.59055118110234 70.86614173228347 HUGO.
1044.0944881889764 1593.7007874015749 152.75590551181102 70.86614173228347 1
1105.5118110236222 1593.7007874015749 184.251968503937 70.86614173228347 p.
1196.8503937007874 1593.7007874015749 275.59055118110234 70.86614173228347 in-4.
1381.1023622047244 1593.7007874015749 152.75590551181102 70.86614173228347 —
1442.5196850393702 1593.7007874015749 307.0866141732283 70.86614173228347 ROBIN.
1656.6929133858268 1593.7007874015749 152.75590551181102 70.86614173228347 2
1718.1102362204724 1593.7007874015749 184.251968503937 70.86614173228347 p.
1811.023622047244 1593.7007874015749 214.17322834645668 70.86614173228347 1/2
1932.283464566929 1593.7007874015749 307.0866141732283 70.86614173228347 in-f.,
2116.535433070866 1593.7007874015749 184.251968503937 70.86614173228347 etc.

17.322834645669293 1681.8897637795276 223.6220472440945 81.88976377952756 62.
144.88188976377953 1681.8897637795276 576.3779527559055 81.88976377952756 GRESSET
625.1968503937007 1681.8897637795276 223.6220472440945 81.88976377952756 (J.
754.3307086614174 1681.8897637795276 256.6929133858268 81.88976377952756 B.),
913.3858267716536 1681.8897637795276 319.68503937007875 81.88976377952756 poëte,
1138.5826771653544 1681.8897637795276 192.1259842519685 81.88976377952756 de
1234.6456692913387 1681.8897637795276 352.755905511811 81.88976377952756 l’Acad.
1458.267716535433 1681.8897637795276 160.62992125984252 81.88976377952756 fr.

338.5826771653543 1760.6299212598426 302.3622047244094 70.86614173228347 Projet
549.6062992125984 1760.6299212598426 181.10236220472441 70.86614173228347 de
640.9448818897638 1760.6299212598426 181.10236220472441 70.86614173228347 l.
730.7086614173228 1760.6299212598426 242.51968503937007 70.86614173228347 aut.
881.8897637795276 1760.6299212598426 181.10236220472441 70.86614173228347 au
973.2283464566929 1760.6299212598426 211.0236220472441 70.86614173228347 roi
1094.4881889763778 1760.6299212598426 181.10236220472441 70.86614173228347 de
1184.251968503937 1760.6299212598426 332.2834645669291 70.86614173228347 Prusse,
1426.7716535433071 1760.6299212598426 211.0236220472441 70.86614173228347 sur
1548.0314960629921 1760.6299212598426 181.10236220472441 70.86614173228347 un
1637.7952755905512 1760.6299212598426 272.4409448818898 70.86614173228347 petit
1820.4724409448818 1760.6299212598426 272.4409448818898 70.86614173228347 carré
2001.5748031496064 1760.6299212598426 181.10236220472441 70.86614173228347 de
2061.417322834646 1760.6299212598426 272.4409448818898 70.86614173228347 papier.

283.46456692913387 1833.0708661417323 151.1811023622047 64.56692913385827 10
333.8582677165354 1833.0708661417323 151.1811023622047 64.56692913385827 lig.

332.2834645669291 1907.0866141732283 240.9448818897638 62.99212598425197 .....
492.9133858267717 1907.0866141732283 187.4015748031496 62.99212598425197 Les
600.0 1907.0866141732283 348.0314960629921 62.99212598425197 lumières,
869.2913385826772 1907.0866141732283 187.4015748031496 62.99212598425197 les
976.3779527559055 1907.0866141732283 321.25984251968504 62.99212598425197 conseils
1217.3228346456692 1907.0866141732283 214.17322834645668 62.99212598425197 dont
1351.1811023622047 1907.0866141732283 160.62992125984252 62.99212598425197 V.
1431.4960629921259 1907.0866141732283 160.62992125984252 62.99212598425197 M.
1511.8110236220473 1907.0866141732283 133.85826771653544 62.99212598425197 a
1565.3543307086613 1907.0866141732283 214.17322834645668 62.99212598425197 bien
1699.2125984251968 1907.0866141732283 240.9448818897638 62.99212598425197 voulu
1861.4173228346456 1907.0866141732283 348.0314960629921 62.99212598425197 m’honorer
2129.1338582677167 1907.0866141732283 214.17322834645668 62.99212598425197 dans
2236.220472440945 1907.0866141732283 107.08661417322834 62.99212598425197 sa

274.01574803149606 1962.2047244094488 237.79527559055117 62.99212598425197 lettre
440.9448818897638 1962.2047244094488 166.9291338582677 62.99212598425197 sur
535.4330708661417 1962.2047244094488 143.30708661417322 62.99212598425197 ma
606.2992125984252 1962.2047244094488 261.4173228346457 62.99212598425197 comédie
796.8503937007874 1962.2047244094488 143.30708661417322 62.99212598425197 du
867.7165354330708 1962.2047244094488 451.9685039370079 62.99212598425197 Méchant,
1248.8188976377953 1962.2047244094488 214.17322834645668 62.99212598425197 m’ont
1390.5511811023623 1962.2047244094488 214.17322834645668 62.99212598425197 guidé
1533.8582677165355 1962.2047244094488 190.5511811023622 62.99212598425197 dans
1651.9685039370079 1962.2047244094488 143.30708661417322 62.99212598425197 le
1724.4094488188975 1962.2047244094488 214.17322834645668 62.99212598425197 choix
1866.1417322834645 1962.2047244094488 143.30708661417322 62.99212598425197 et
1937.007874015748 1962.2047244094488 190.5511811023622 62.99212598425197 dans
2033.0708661417323 1962.2047244094488 308.66141732283467 62.99212598425197 l’exécution

274.01574803149606 2022.0472440944882 152.75590551181102 61.41732283464567 de
349.6062992125984 2022.0472440944882 152.75590551181102 61.41732283464567 ce
426.7716535433071 2022.0472440944882 255.11811023622047 61.41732283464567 nouvel
606.2992125984252 2022.0472440944882 307.0866141732283 61.41732283464567 ouvrage,
836.2204724409448 2022.0472440944882 152.75590551181102 61.41732283464567 je
913.3858267716536 2022.0472440944882 204.7244094488189 61.41732283464567 l’ai
1040.9448818897638 2022.0472440944882 384.251968503937 61.41732283464567 entièrement
1348.0314960629921 2022.0472440944882 307.0866141732283 61.41732283464567 consacré
1577.9527559055118 2022.0472440944882 127.55905511811024 61.41732283464567 à
1628.3464566929133 2022.0472440944882 229.92125984251967 61.41732283464567 faire
1782.6771653543308 2022.0472440944882 229.92125984251967 61.41732283464567 rire,
1935.4330708661416 2022.0472440944882 152.75590551181102 61.41732283464567 si
2012.5984251968505 2022.0472440944882 152.75590551181102 61.41732283464567 on
2089.763779527559 2022.0472440944882 204.7244094488189 61.41732283464567 sait
2192.1259842519685 2022.0472440944882 152.75590551181102 61.41732283464567 rire

245.66929133858267 2094.488188976378 348.0314960629921 34.645669291338585 encore.....

20.47244094488189 2154.3307086614172 223.6220472440945 77.16535433070867 63.
148.03149606299212 2154.3307086614172 286.61417322834643 77.16535433070867 LE
307.0866141732283 2154.3307086614172 351.18110236220474 77.16535433070867 MÊME.

346.45669291338584 2250.3937007874015 237.79527559055117 51.968503937007874 Huit
494.48818897637796 2250.3937007874015 237.79527559055117 51.968503937007874 vers
642.5196850393701 2250.3937007874015 237.79527559055117 51.968503937007874 aut.
790.5511811023622 2250.3937007874015 237.79527559055117 51.968503937007874 avec
938.5826771653543 2250.3937007874015 325.98425196850394 51.968503937007874 ratures
1176.3779527559054 2250.3937007874015 177.95275590551182 51.968503937007874 et
1236.2204724409448 2250.3937007874015 414.1732283464567 51.968503937007874 corrections.

17.322834645669293 2330.7086614173227 231.49606299212599 81.88976377952756 6A.
149.60629921259843 2330.7086614173227 593.7007874015748 81.88976377952756 GRIGNAN
644.0944881889764 2330.7086614173227 264.56692913385825 81.88976377952756 (Mme
809.4488188976378 2330.7086614173227 264.56692913385825 81.88976377952756 de),
974.8031496062993 2330.7086614173227 297.6377952755906 81.88976377952756 fille
1173.2283464566929 2330.7086614173227 198.4251968503937 81.88976377952756 de
1272.4409448818897 2330.7086614173227 231.49606299212599 81.88976377952756 Mme
1403.1496062992126 2330.7086614173227 198.4251968503937 81.88976377952756 de
1469.291338582677 2330.7086614173227 330.70866141732284 81.88976377952756 Sévigné.

348.0314960629921 2425.196850393701 392.12598425196853 66.14173228346456 Brouillon
648.8188976377953 2425.196850393701 181.10236220472441 66.14173228346456 de
740.1574803149606 2425.196850393701 332.2834645669291 66.14173228346456 comptes
981.1023622047244 2425.196850393701 270.86614173228344 66.14173228346456 aut.,
1162.2047244094488 2425.196850393701 270.86614173228344 66.14173228346456 1693,
1341.732283464567 2425.196850393701 151.1811023622047 66.14173228346456 4
1403.1496062992126 2425.196850393701 181.10236220472441 66.14173228346456 p.
1462.992125984252 2425.196850393701 211.0236220472441 66.14173228346456 in

15.748031496062993 2513.3858267716537 233.0708661417323 85.03937007874016 65.
148.03149606299212 2513.3858267716537 598.4251968503937 85.03937007874016 GUFFROY
647.2440944881889 2513.3858267716537 233.0708661417323 85.03937007874016 (A.
781.1023622047244 2513.3858267716537 200.0 85.03937007874016 B.
880.3149606299213 2513.3858267716537 266.1417322834646 85.03937007874016 J.),
1045.6692913385828 2513.3858267716537 499.21259842519686 85.03937007874016 journaliste
1445.6692913385828 2513.3858267716537 200.0 85.03937007874016 et
1544.8818897637796 2513.3858267716537 332.2834645669291 85.03937007874016 député
1777.9527559055118 2513.3858267716537 200.0 85.03937007874016 du
1844.0944881889764 2513.3858267716537 499.21259842519686 85.03937007874016 Pas

264.56692913385825 2601.5748031496064 163.7795275590551 61.41732283464567 à
330.70866141732284 2601.5748031496064 196.8503937007874 61.41732283464567 la
396.8503937007874 2601.5748031496064 426.7716535433071 61.41732283464567 Convention.

343.3070866141732 2692.9133858267714 177.95275590551182 67.71653543307086 L.
433.07086614173227 2692.9133858267714 236.2204724409449 67.71653543307086 aut.
579.5275590551181 2692.9133858267714 236.2204724409449 67.71653543307086 sig.
727.5590551181102 2692.9133858267714 148.03149606299212 67.71653543307086 à
787.4015748031496 2692.9133858267714 177.95275590551182 67.71653543307086 A.
875.5905511811023 2692.9133858267714 324.40944881889766 67.71653543307086 Dumont,
1111.8110236220473 2692.9133858267714 148.03149606299212 67.71653543307086 3
1171.6535433070867 2692.9133858267714 324.40944881889766 67.71653543307086 octobre
1407.8740157480315 2692.9133858267714 266.1417322834646 67.71653543307086 1793,
1584.251968503937 2692.9133858267714 148.03149606299212 67.71653543307086 1
1644.0944881889764 2692.9133858267714 177.95275590551182 67.71653543307086 p.
1732.283464566929 2692.9133858267714 266.1417322834646 67.71653543307086 in-4.
1910.236220472441 2692.9133858267714 236.2204724409449 67.71653543307086 Tête
2028.3464566929133 2692.9133858267714 206.29921259842519 67.71653543307086 impr.

332.2834645669291 2770.0787401574803 176.3779527559055 61.41732283464567 ...
433.07086614173227 2770.0787401574803 226.77165354330708 61.41732283464567 Voici
584.2519685039371 2770.0787401574803 176.3779527559055 61.41732283464567 une
685.0393700787401 2770.0787401574803 226.77165354330708 61.41732283464567 pièce
834.6456692913385 2770.0787401574803 151.1811023622047 61.41732283464567 de
910.2362204724409 2770.0787401574803 251.96850393700788 61.41732283464567 gibier
1086.6141732283465 2770.0787401574803 201.5748031496063 61.41732283464567 pour
1212.5984251968505 2770.0787401574803 176.3779527559055 61.41732283464567 ton
1313.3858267716535 2770.0787401574803 401.5748031496063 61.41732283464567 patriotisme,
1639.3700787401574 2770.0787401574803 327.5590551181102 61.41732283464567 peut-être
1891.3385826771653 2770.0787401574803 302.3622047244094 61.41732283464567 est-elle
2091.3385826771655 2770.0787401574803 251.96850393700788 61.41732283464567 inglobée

272.4409448818898 2828.3464566929133 192.1259842519685 58.267716535433074 dans
392.12598425196853 2828.3464566929133 166.9291338582677 58.267716535433074 ton
488.18897637795277 2828.3464566929133 215.748031496063 58.267716535433074 large
631.496062992126 2828.3464566929133 239.37007874015748 58.267716535433074 filet,
798.4251968503937 2828.3464566929133 143.30708661417322 58.267716535433074 si
870.8661417322835 2828.3464566929133 192.1259842519685 58.267716535433074 elle
990.5511811023622 2828.3464566929133 143.30708661417322 58.267716535433074 ne
1061.4173228346456 2828.3464566929133 215.748031496063 58.267716535433074 l’est
1204.724409448819 2828.3464566929133 192.1259842519685 58.267716535433074 pas,
1324.4094488188975 2828.3464566929133 286.61417322834643 58.267716535433074 capture,
1540.1574803149606 2828.3464566929133 239.37007874015748 58.267716535433074 Guerre
1707.0866141732283 2828.3464566929133 119.68503937007874 58.267716535433074 à
1755.9055118110236 2828.3464566929133 192.1259842519685 58.267716535433074 mort
1875.5905511811025 2828.3464566929133 166.9291338582677 58.267716535433074 aux
1946.4566929133857 2828.3464566929133 335.43307086614175 58.267716535433074 scélérats...

17.322834645669293 2900.787401574803 218.89763779527559 72.44094488188976 66.
143.30708661417322 2900.787401574803 376.37795275590554 72.44094488188976 HENRI
425.1968503937008 2900.787401574803 376.37795275590554 72.44094488188976 III,
707.0866141732283 2900.787401574803 218.89763779527559 72.44094488188976 roi
833.0708661417323 2900.787401574803 188.9763779527559 72.44094488188976 de
896.0629921259842 2900.787401574803 281.8897637795276 72.44094488188976 France.

341.73228346456693 2984.251968503937 181.10236220472441 64.56692913385827 1°
431.496062992126 2984.251968503937 181.10236220472441 64.56692913385827 L.
522.8346456692914 2984.251968503937 240.9448818897638 64.56692913385827 sig.
672.4409448818898 2984.251968503937 181.10236220472441 64.56692913385827 au
763.7795275590552 2984.251968503937 360.62992125984255 64.56692913385827 maréchal
1034.6456692913387 2984.251968503937 181.10236220472441 64.56692913385827 de
1124.4094488188975 2984.251968503937 392.12598425196853 64.56692913385827 Matignon,
1425.1968503937007 2984.251968503937 181.10236220472441 64.56692913385827 18
1516.5354330708662 2984.251968503937 330.70866141732284 64.56692913385827 octobre
1757.4803149606298 2984.251968503937 270.86614173228344 64.56692913385827 1581,
1937.007874015748 2984.251968503937 151.1811023622047 64.56692913385827 2
1998.4251968503936 2984.251968503937 181.10236220472441 64.56692913385827 p.
2088.1889763779527 2984.251968503937 211.0236220472441 64.56692913385827 1/2
2177.952755905512 2984.251968503937 151.1811023622047 64.56692913385827 in-

275.59055118110234 3048.818897637795 259.84251968503935 66.14173228346456 fol.,
447.244094488189 3048.818897637795 431.496062992126 66.14173228346456 contre-sig.
793.7007874015748 3048.818897637795 173.22834645669292 66.14173228346456 de
880.3149606299213 3048.818897637795 403.1496062992126 66.14173228346456 Neufville,
1196.8503937007874 3048.818897637795 229.92125984251967 66.14173228346456 avec
1340.1574803149606 3048.818897637795 173.22834645669292 66.14173228346456 16
1426.7716535433071 3048.818897637795 229.92125984251967 66.14173228346456 lig.
1570.0787401574803 3048.818897637795 229.92125984251967 66.14173228346456 aut.
1714.9606299212599 3048.818897637795 173.22834645669292 66.14173228346456 de
1801.5748031496064 3048.818897637795 173.22834645669292 66.14173228346456 ce
1858.267716535433 3048.818897637795 288.18897637795277 66.14173228346456 dernier.

324.40944881889766 3122.834645669291 244.09448818897638 59.84251968503937 Lettre
496.06299212598424 3122.834645669291 292.9133858267717 59.84251968503937 relative
716.5354330708661 3122.834645669291 171.6535433070866 59.84251968503937 aux
814.1732283464567 3122.834645669291 341.73228346456693 59.84251968503937 différents
1081.8897637795276 3122.834645669291 292.9133858267717 59.84251968503937 négociés
1302.3622047244094 3122.834645669291 146.45669291338584 59.84251968503937 et
1374.8031496062993 3122.834645669291 122.83464566929133 59.84251968503937 à
1423.6220472440946 3122.834645669291 244.09448818897638 59.84251968503937 régler
1595.275590551181 3122.834645669291 195.2755905511811 59.84251968503937 avec
1716.5354330708662 3122.834645669291 146.45669291338584 59.84251968503937 le
1790.5511811023623 3122.834645669291 171.6535433070866 59.84251968503937 roi
1888.1889763779527 3122.834645669291 146.45669291338584 59.84251968503937 de
1937.007874015748 3122.834645669291 244.09448818897638 59.84251968503937 Navarre.

337.00787401574803 3195.2755905511813 177.95275590551182 66.14173228346456 2°
426.7716535433071 3195.2755905511813 177.95275590551182 66.14173228346456 L.
514.9606299212599 3195.2755905511813 236.2204724409449 66.14173228346456 sig.
662.992125984252 3195.2755905511813 177.95275590551182 66.14173228346456 au
751.1811023622047 3195.2755905511813 355.90551181102364 66.14173228346456 maréchal
1018.8976377952756 3195.2755905511813 384.251968503937 66.14173228346456 Matignon,
1314.9606299212599 3195.2755905511813 296.06299212598424 66.14173228346456 Blois,
1521.259842519685 3195.2755905511813 266.1417322834646 66.14173228346456 1577,
1699.2125984251968 3195.2755905511813 207.8740157480315 66.14173228346456 1/2
1817.3228346456692 3195.2755905511813 177.95275590551182 66.14173228346456 p.
1877.1653543307086 3195.2755905511813 266.1417322834646 66.14173228346456 in

14.173228346456693 3275.5905511811025 225.1968503937008 81.88976377952756 67.
141.73228346456693 3275.5905511811025 481.8897637795276 81.88976377952756 HUET
527.5590551181102 3275.5905511811025 417.3228346456693 81.88976377952756 (Daniel),
848.8188976377953 3275.5905511811025 321.25984251968504 81.88976377952756 évêque
1074.015748031496 3275.5905511811025 514.9606299212599 81.88976377952756 d’Avranches,
1492.9133858267717 3275.5905511811025 193.70078740157481 81.88976377952756 de
1588.976377952756 3275.5905511811025 354.3307086614173 81.88976377952756 l’Acad.
1814.1732283464567 3275.5905511811025 160.62992125984252 81.88976377952756 fr.

341.73228346456693 3360.6299212598424 174.8031496062992 66.14173228346456 L.
429.9212598425197 3360.6299212598424 233.0708661417323 66.14173228346456 aut.
576.3779527559055 3360.6299212598424 233.0708661417323 66.14173228346456 sig.
722.8346456692914 3360.6299212598424 146.45669291338584 66.14173228346456 à
781.1023622047244 3360.6299212598424 292.9133858267717 66.14173228346456 Aunay,
985.8267716535433 3360.6299212598424 174.8031496062992 66.14173228346456 le
1072.4409448818897 3360.6299212598424 174.8031496062992 66.14173228346456 28
1160.6299212598426 3360.6299212598424 379.5275590551181 66.14173228346456 septembre
1453.5433070866143 3360.6299212598424 262.99212598425197 66.14173228346456 1684,
1628.3464566929133 3360.6299212598424 146.45669291338584 66.14173228346456 1
1686.6141732283465 3360.6299212598424 174.8031496062992 66.14173228346456 p.
1774.8031496062993 3360.6299212598424 233.0708661417323 66.14173228346456 3/4.
1891.3385826771653 3360.6299212598424 204.7244094488189 66.14173228346456 in

15.748031496062993 3425.196850393701 223.6220472440945 96.06299212598425 68.
143.30708661417322 3425.196850393701 511.81102362204723 96.06299212598425 ISORÉ
559.0551181102362 3425.196850393701 447.244094488189 96.06299212598425 (Jacques),
910.2362204724409 3425.196850393701 319.68503937007875 96.06299212598425 député
1135.4330708661416 3425.196850393701 192.1259842519685 96.06299212598425 de
1231.4960629921259 3425.196850393701 319.68503937007875 96.06299212598425 l’Oise
1455.1181102362204 3425.196850393701 160.62992125984252 96.06299212598425 à
1518.1102362204724 3425.196850393701 192.1259842519685 96.06299212598425 la
1582.6771653543308 3425.196850393701 415.748031496063 96.06299212598425 Convention.

343.3070866141732 3524.4094488188975 173.22834645669292 66.14173228346456 L.
429.9212598425197 3524.4094488188975 231.49606299212599 66.14173228346456 aut.
574.8031496062993 3524.4094488188975 231.49606299212599 66.14173228346456 sig.
718.1102362204724 3524.4094488188975 144.88188976377953 66.14173228346456 à
776.3779527559055 3524.4094488188975 173.22834645669292 66.14173228346456 A.
862.992125984252 3524.4094488188975 318.1102362204724 66.14173228346456 Dumont,
1094.4881889763778 3524.4094488188975 289.76377952755905 66.14173228346456 Arras,
1297.6377952755906 3524.4094488188975 144.88188976377953 66.14173228346456 5
1355.9055118110236 3524.4094488188975 346.45669291338584 66.14173228346456 frimaire
1615.748031496063 3524.4094488188975 173.22834645669292 66.14173228346456 an
1702.3622047244094 3524.4094488188975 203.1496062992126 66.14173228346456 II,
1817.3228346456692 3524.4094488188975 144.88188976377953 66.14173228346456 1
1875.5905511811025 3524.4094488188975 173.22834645669292 66.14173228346456 p.
1962.2047244094488 3524.4094488188975 203.1496062992126 66.14173228346456 1/2
2048.818897637795 3524.4094488188975 203.1496062992126 66.14173228346456 in

322.8346456692913 3603.149606299213 149.60629921259843 61.41732283464567 Il
398.4251968503937 3603.149606299213 149.60629921259843 61.41732283464567 le
472.4409448818898 3603.149606299213 200.0 61.41732283464567 prie
596.8503937007874 3603.149606299213 149.60629921259843 61.41732283464567 de
672.4409448818898 3603.149606299213 274.01574803149606 61.41732283464567 prendre
872.4409448818898 3603.149606299213 149.60629921259843 61.41732283464567 en
946.4566929133858 3603.149606299213 423.62204724409446 61.41732283464567 considération
1296.0629921259842 3603.149606299213 149.60629921259843 61.41732283464567 ce
1370.0787401574803 3603.149606299213 174.8031496062992 61.41732283464567 que
1470.8661417322835 3603.149606299213 200.0 61.41732283464567 fera
1595.275590551181 3603.149606299213 149.60629921259843 61.41732283464567 le
1669.291338582677 3603.149606299213 274.01574803149606 61.41732283464567 citoyen
1869.291338582677 3603.149606299213 324.40944881889766 61.41732283464567 Matherel,
2118.1102362204724 3603.149606299213 225.1968503937008 61.41732283464567 maire
2244.0944881889764 3603.149606299213 99.21259842519684 61.41732283464567 de

269.29133858267716 3659.8425196850394 307.0866141732283 67.71653543307086 Cassel...
505.51181102362204 3659.8425196850394 212.5984251968504 67.71653543307086 C’est
647.2440944881889 3659.8425196850394 212.5984251968504 67.71653543307086 celui
788.9763779527559 3659.8425196850394 165.35433070866142 67.71653543307086 qui
881.8897637795276 3659.8425196850394 165.35433070866142 67.71653543307086 met
976.3779527559055 3659.8425196850394 118.11023622047244 67.71653543307086 à
1023.6220472440945 3659.8425196850394 141.73228346456693 67.71653543307086 la
1094.4881889763778 3659.8425196850394 236.2204724409449 67.71653543307086 raison
1259.8425196850394 3659.8425196850394 165.35433070866142 67.71653543307086 les
1354.3307086614172 3659.8425196850394 283.46456692913387 67.71653543307086 environs
1566.9291338582677 3659.8425196850394 354.3307086614173 67.71653543307086 d’Hazebrouk
1848.8188976377953 3659.8425196850394 212.5984251968504 67.71653543307086 et
1990.5511811023623 3659.8425196850394 165.35433070866142 67.71653543307086 qui
2085.0393700787404 3659.8425196850394 118.11023622047244 67.71653543307086 a
2108.6614173228345 3659.8425196850394 236.2204724409449 67.71653543307086 déjà

267.7165354330709 3718.1102362204724 256.6929133858268 58.267716535433074 fait
455.11811023622045 3718.1102362204724 256.6929133858268 58.267716535433074 marcher
640.9448818897638 3718.1102362204724 140.15748031496062 58.267716535433074 la
711.8110236220473 3718.1102362204724 325.98425196850394 58.267716535433074 guillotine
966.9291338582677 3718.1102362204724 163.7795275590551 58.267716535433074 sur
1061.4173228346456 3718.1102362204724 302.3622047244094 58.267716535433074 plusieurs
1294.4881889763778 3718.1102362204724 792.1259842519685 58.267716535433074 contre-révolutionnaires...
2017.3228346456692 3718.1102362204724 140.15748031496062 58.267716535433074 Je
2086.6141732283463 3718.1102362204724 185.82677165354332 58.267716535433074 suis
2179.527559055118 3718.1102362204724 163.7795275590551 58.267716535433074 comme

272.4409448818898 3773.228346456693 181.10236220472441 62.99212598425197 toi
374.8031496062992 3773.228346456693 337.00787401574803 62.99212598425197 vis-à-vis
634.6456692913385 3773.228346456693 181.10236220472441 62.99212598425197 des
737.007874015748 3773.228346456693 647.2440944881889 62.99212598425197 anti-révolutionnaires
1307.0866141732283 3773.228346456693 129.13385826771653 62.99212598425197 :
1359.0551181102362 3773.228346456693 155.90551181102362 62.99212598425197 je
1436.2204724409448 3773.228346456693 155.90551181102362 62.99212598425197 ne
1513.3858267716535 3773.228346456693 206.29921259842519 62.99212598425197 veux
1642.5196850393702 3773.228346456693 181.10236220472441 62.99212598425197 pas
1746.4566929133857 3773.228346456693 233.0708661417323 62.99212598425197 qu’il
1902.3622047244094 3773.228346456693 155.90551181102362 62.99212598425197 en
1979.5275590551182 3773.228346456693 285.03937007874015 62.99212598425197 échappe
2160.6299212598424 3773.228346456693 181.10236220472441 62.99212598425197 un...

270.86614173228344 3831.496062992126 285.03937007874015 58.267716535433074 Bientôt
477.1653543307087 3831.496062992126 233.0708661417323 58.267716535433074 Douai
633.0708661417323 3831.496062992126 259.84251968503935 58.267716535433074 vaudra
814.1732283464567 3831.496062992126 181.10236220472441 58.267716535433074 les
918.1102362204724 3831.496062992126 259.84251968503935 58.267716535433074 villes
1099.2125984251968 3831.496062992126 285.03937007874015 58.267716535433074 d’Arras
1307.0866141732283 3831.496062992126 155.90551181102362 58.267716535433074 et
1384.251968503937 3831.496062992126 155.90551181102362 58.267716535433074 de
1462.992125984252 3831.496062992126 259.84251968503935 58.267716535433074 Lille,
1644.0944881889764 3831.496062992126 233.0708661417323 58.267716535433074 quand
1798.4251968503936 3831.496062992126 414.1732283464567 58.267716535433074 quelques-uns
2135.433070866142 3831.496062992126 155.90551181102362 58.267716535433074 de
2187.4015748031497 3831.496062992126 155.90551181102362 58.267716535433074 ceux

267.7165354330709 3886.6141732283463 184.251968503937 59.84251968503937 qui
373.2283464566929 3886.6141732283463 366.92913385826773 59.84251968503937 désiraient
661.4173228346457 3886.6141732283463 288.18897637795277 59.84251968503937 Cobourg
872.4409448818898 3886.6141732283463 262.99212598425197 59.84251968503937 auront
1055.1181102362204 3886.6141732283463 209.4488188976378 59.84251968503937 joué
1187.4015748031495 3886.6141732283463 130.70866141732284 59.84251968503937 à
1239.3700787401574 3886.6141732283463 209.4488188976378 59.84251968503937 main
1370.0787401574803 3886.6141732283463 288.18897637795277 59.84251968503937 chaude,
1581.1023622047244 3886.6141732283463 184.251968503937 59.84251968503937 les
1685.0393700787401 3886.6141732283463 314.96062992125985 59.84251968503937 inconnus
1921.259842519685 3886.6141732283463 366.92913385826773 59.84251968503937 rentreront
2184.251968503937 3886.6141732283463 157.48031496062993 59.84251968503937 dans

267.7165354330709 3944.8818897637793 228.3464566929134 59.84251968503937 leurs
418.8976377952756 3944.8818897637793 303.93700787401576 59.84251968503937 terriers
647.2440944881889 3944.8818897637793 278.74015748031496 59.84251968503937 jusqu’à
848.8188976377953 3944.8818897637793 151.1811023622047 59.84251968503937 ce
925.9842519685039 3944.8818897637793 176.3779527559055 59.84251968503937 que
1026.7716535433071 3944.8818897637793 201.5748031496063 59.84251968503937 leur
1152.755905511811 3944.8818897637793 201.5748031496063 59.84251968503937 tour
1278.740157480315 3944.8818897637793 278.74015748031496 59.84251968503937 arrive,
1481.8897637795276 3944.8818897637793 151.1811023622047 59.84251968503937 et
1557.4803149606298 3944.8818897637793 151.1811023622047 59.84251968503937 la
1633.0708661417323 3944.8818897637793 228.3464566929134 59.84251968503937 ville
1785.8267716535433 3944.8818897637793 303.93700787401576 59.84251968503937 marchera
2012.5984251968505 3944.8818897637793 151.1811023622047 59.84251968503937 au
2088.1889763779527 3944.8818897637793 176.3779527559055 59.84251968503937 pas
2165.3543307086616 3944.8818897637793 176.3779527559055 59.84251968503937 comme

266.1417322834646 4000.0 176.3779527559055 58.267716535433074 l’a
366.92913385826773 4000.0 251.96850393700788 58.267716535433074 promis
543.3070866141733 4000.0 151.1811023622047 58.267716535433074 le
593.7007874015748 4000.0 505.51181102362204 58.267716535433074 sans

14.173228346456693 4056.6929133858266 226.77165354330708 78.74015748031496 69.
144.88188976377953 4056.6929133858266 292.9133858267717 78.74015748031496 LE
307.0866141732283 4056.6929133858266 357.4803149606299 78.74015748031496 MÊME.

338.5826771653543 4155.905511811024 289.76377952755905 66.14173228346456 Notes
530.7086614173228 4155.905511811024 258.26771653543307 66.14173228346456 aut.
692.9133858267717 4155.905511811024 258.26771653543307 66.14173228346456 pour
853.5433070866142 4155.905511811024 193.70078740157481 66.14173228346456 sa
951.1811023622047 4155.905511811024 483.46456692913387 66.14173228346456 Biographie,
1338.5826771653544 4155.905511811024 160.62992125984252 66.14173228346456 4
1403.1496062992126 4155.905511811024 193.70078740157481 66.14173228346456 p.
1499.2125984251968 4155.905511811024 225.1968503937008 66.14173228346456 pl.
1628.3464566929133 4155.905511811024 354.3307086614173 66.14173228346456 in-fol.
1886.6141732283465 4155.905511811024 258.26771653543307 66.14173228346456 avec
2048.818897637795 4155.905511811024 289.76377952755905 66.14173228346456 notes
2209.448818897638 4155.905511811024 129.13385826771653 66.14173228346456 en

242.51968503937007 4234.645669291339 272.4409448818898 51.968503937007874 marge.

322.8346456692913 4299.212598425197 310.23622047244095 58.267716535433074 Document
554.3307086614174 4299.212598425197 283.46456692913387 58.267716535433074 curieux
760.6299212598425 4299.212598425197 154.33070866141733 58.267716535433074 en
837.7952755905512 4299.212598425197 154.33070866141733 58.267716535433074 le
914.9606299212599 4299.212598425197 387.40157480314963 58.267716535433074 rapprochant
1225.1968503937007 4299.212598425197 154.33070866141733 58.267716535433074 de
1302.3622047244094 4299.212598425197 154.33070866141733 58.267716535433074 la
1379.5275590551182 4299.212598425197 258.26771653543307 58.267716535433074 lettre
1560.6299212598426 4299.212598425197 181.10236220472441 58.267716535433074 qui
1637.7952755905512 4299.212598425197 258.26771653543307 58.267716535433074 précède.

11.023622047244094 4357.48031496063 270.86614173228344 94.48818897637796 70.
166.9291338582677 4357.48031496063 617.3228346456693 94.48818897637796 JOSÉPHINE
667.7165354330708 4357.48031496063 771.6535433070866 94.48818897637796 BEAUHARNAIS,
1324.4094488188975 4357.48031496063 579.5275590551181 94.48818897637796 impératrice
1787.4015748031495 4357.48031496063 270.86614173228344 94.48818897637796 des
1902.3622047244094 4357.48031496063 425.1968503937008 94.48818897637796 Français.

344.88188976377955 4453.543307086614 184.251968503937 69.29133858267717 L.
436.2204724409449 4453.543307086614 244.09448818897638 69.29133858267717 aut.
588.9763779527559 4453.543307086614 244.09448818897638 69.29133858267717 sig.
741.7322834645669 4453.543307086614 184.251968503937 69.29133858267717 au
833.0708661417323 4453.543307086614 275.59055118110234 69.29133858267717 baron
1017.3228346456693 4453.543307086614 184.251968503937 69.29133858267717 de
1108.6614173228347 4453.543307086614 366.92913385826773 69.29133858267717 Meneval,
1384.251968503937 4453.543307086614 458.26771653543307 69.29133858267717 Plombières,
1751.1811023622047 4453.543307086614 184.251968503937 69.29133858267717 28
1842.5196850393702 4453.543307086614 275.59055118110234 69.29133858267717 juin,
2026.7716535433071 4453.543307086614 214.17322834645668 69.29133858267717 3/4
2148.031496062992 4453.543307086614 184.251968503937 69.29133858267717 de
2209.448818897638 4453.543307086614 122.83464566929133 69.29133858267717 p.

281.8897637795276 4521.259842519685 272.4409448818898 69.29133858267717 in-4.
462.99212598425197 4521.259842519685 302.3622047244094 69.29133858267717 Papier
674.0157480314961 4521.259842519685 151.1811023622047 69.29133858267717 à
735.4330708661417 4521.259842519685 423.62204724409446 69.29133858267717 entourages
1037.7952755905512 4521.259842519685 302.3622047244094 69.29133858267717 gaufrés.
