2407.8740157480315 4790.5511811023625
1012.5984251968504 157.48031496062993 286.61417322834643 53.54330708661417 —
1125.984251968504 157.48031496062993 286.61417322834643 53.54330708661417 9
1184.251968503937 157.48031496062993 171.6535433070866 53.54330708661417 —

33.07086614173228 278.74015748031496 236.2204724409449 83.46456692913385 71.
166.9291338582677 278.74015748031496 607.8740157480315 83.46456692913385 JULIEN,
674.0157480314961 278.74015748031496 236.2204724409449 83.46456692913385 dit
809.4488188976378 278.74015748031496 203.1496062992126 83.46456692913385 de
910.2362204724409 278.74015748031496 439.37007874015745 83.46456692913385 Toulouse,
1248.8188976377953 278.74015748031496 337.00787401574803 83.46456692913385 député
1485.0393700787401 278.74015748031496 203.1496062992126 83.46456692913385 de
1585.8267716535433 278.74015748031496 203.1496062992126 83.46456692913385 la
1686.6141732283465 278.74015748031496 574.8031496062993 83.46456692913385 Haute-Garonne
2160.6299212598424 278.74015748031496 168.50393700787401 83.46456692913385 à
2193.700787401575 278.74015748031496 135.43307086614172 83.46456692913385 la

233.0708661417323 365.3543307086614 450.3937007874016 62.99212598425197 Convention.

376.37795275590554 447.244094488189 195.2755905511811 69.29133858267717 L.
474.01574803149606 447.244094488189 259.84251968503935 69.29133858267717 aut.
637.7952755905512 447.244094488189 259.84251968503935 69.29133858267717 sig.
800.0 447.244094488189 162.20472440944883 69.29133858267717 à
864.5669291338583 447.244094488189 195.2755905511811 69.29133858267717 M.
963.7795275590552 447.244094488189 455.11811023622045 69.29133858267717 Lenormant,
1321.259842519685 447.244094488189 357.4803149606299 69.29133858267717 Embrun,
1581.1023622047244 447.244094488189 195.2755905511811 69.29133858267717 13
1678.740157480315 447.244094488189 390.5511811023622 69.29133858267717 décembre
1973.2283464566929 447.244094488189 292.9133858267717 69.29133858267717 1821,
2168.503937007874 447.244094488189 162.20472440944883 69.29133858267717 7
2200.0 447.244094488189 130.70866141732284 69.29133858267717 p.

281.8897637795276 513.3858267716536 251.96850393700788 51.968503937007874 in-4.
422.0472440944882 513.3858267716536 251.96850393700788 51.968503937007874 Cachet.

329.13385826771656 576.3779527559055 426.7716535433071 59.84251968503937 Très-curieuse
681.8897637795276 576.3779527559055 251.96850393700788 59.84251968503937 lettre
856.6929133858267 576.3779527559055 201.5748031496063 59.84251968503937 dans
982.6771653543307 576.3779527559055 302.3622047244094 59.84251968503937 laquelle
1209.4488188976377 576.3779527559055 151.1811023622047 59.84251968503937 il
1285.0393700787401 576.3779527559055 251.96850393700788 59.84251968503937 réfute
1459.8425196850394 576.3779527559055 176.3779527559055 59.84251968503937 les
1560.6299212598426 576.3779527559055 376.37795275590554 59.84251968503937 biographies
1862.992125984252 576.3779527559055 251.96850393700788 59.84251968503937 faites
2037.7952755905512 576.3779527559055 176.3779527559055 59.84251968503937 sur
2138.582677165354 576.3779527559055 201.5748031496063 59.84251968503937 lui,
2239.3700787401576 576.3779527559055 100.78740157480316 59.84251968503937 et

272.4409448818898 633.0708661417323 234.64566929133858 62.99212598425197 donne
429.9212598425197 633.0708661417323 155.90551181102362 62.99212598425197 de
508.66141732283467 633.0708661417323 313.38582677165357 62.99212598425197 précieux
743.3070866141733 633.0708661417323 469.29133858267716 62.99212598425197 renseignements
1133.8582677165355 633.0708661417323 182.6771653543307 62.99212598425197 sur
1239.3700787401574 633.0708661417323 155.90551181102362 62.99212598425197 sa
1318.1102362204724 633.0708661417323 182.6771653543307 62.99212598425197 vie
1422.0472440944882 633.0708661417323 261.4173228346457 62.99212598425197 privée
1604.724409448819 633.0708661417323 155.90551181102362 62.99212598425197 et
1683.4645669291338 633.0708661417323 365.3543307086614 62.99212598425197 politique,
1970.0787401574803 633.0708661417323 234.64566929133858 62.99212598425197 ainsi
2125.984251968504 633.0708661417323 182.6771653543307 62.99212598425197 que
2204.7244094488187 633.0708661417323 130.70866141732284 62.99212598425197 sur

277.1653543307087 691.3385826771654 195.2755905511811 44.09448818897638 celle
407.87401574803147 691.3385826771654 129.13385826771653 44.09448818897638 de
472.4409448818898 691.3385826771654 151.1811023622047 44.09448818897638 son
537.007874015748 691.3385826771654 151.1811023622047 44.09448818897638 fils.

23.62204724409449 744.8818897637796 237.79527559055117 86.61417322834646 72.
160.62992125984252 744.8818897637796 644.0944881889764 86.61417322834646 KRUDNER,
702.3622047244095 744.8818897637796 237.79527559055117 86.61417322834646 (la
837.7952755905512 744.8818897637796 373.2283464566929 86.61417322834646 baronne
1110.236220472441 744.8818897637796 237.79527559055117 86.61417322834646 de)
1245.6692913385828 744.8818897637796 373.2283464566929 86.61417322834646 célèbre
1516.5354330708662 744.8818897637796 237.79527559055117 86.61417322834646 par
1651.9685039370079 744.8818897637796 237.79527559055117 86.61417322834646 ses
1787.4015748031495 744.8818897637796 440.9448818897638 86.61417322834646 aventures
2092.9133858267714 744.8818897637796 237.79527559055117 86.61417322834646 roma

266.1417322834646 834.6456692913385 357.4803149606299 77.16535433070867 nesques
527.5590551181102 834.6456692913385 195.2755905511811 77.16535433070867 et
625.1968503937007 834.6456692913385 228.3464566929134 77.16535433070867 ses
722.8346456692914 834.6456692913385 423.62204724409446 77.16535433070867 prophéties.

346.45669291338584 916.5354330708661 170.07874015748033 70.86614173228347 L.
431.496062992126 916.5354330708661 228.3464566929134 70.86614173228347 aut.
573.2283464566929 916.5354330708661 228.3464566929134 70.86614173228347 sig.
716.5354330708661 916.5354330708661 341.73228346456693 70.86614173228347 Leipzig,
971.6535433070866 916.5354330708661 141.73228346456693 70.86614173228347 4
1029.9212598425197 916.5354330708661 228.3464566929134 70.86614173228347 mars
1171.6535433070867 916.5354330708661 256.6929133858268 70.86614173228347 1793,
1341.732283464567 916.5354330708661 141.73228346456693 70.86614173228347 4
1398.4251968503936 916.5354330708661 170.07874015748033 70.86614173228347 p.
1485.0393700787401 916.5354330708661 256.6929133858268 70.86614173228347 in-4.
1655.1181102362204 916.5354330708661 256.6929133858268 70.86614173228347 Jolie
1796.8503937007874 916.5354330708661 256.6929133858268 70.86614173228347 lettre.

20.47244094488189 970.0787401574803 203.1496062992126 94.48818897637796 73
121.25984251968504 970.0787401574803 607.8740157480315 94.48818897637796 LACOSTE
628.3464566929134 970.0787401574803 371.65354330708664 94.48818897637796 (Élie),
899.2125984251968 970.0787401574803 338.5826771653543 94.48818897637796 député
1135.4330708661416 970.0787401574803 203.1496062992126 94.48818897637796 de
1236.2204724409448 970.0787401574803 203.1496062992126 94.48818897637796 la
1338.5826771653544 970.0787401574803 406.2992125984252 94.48818897637796 Dordogne
1642.5196850393702 970.0787401574803 168.50393700787401 94.48818897637796 à
1710.236220472441 970.0787401574803 203.1496062992126 94.48818897637796 la
1777.9527559055118 970.0787401574803 439.37007874015745 94.48818897637796 Convention.

344.88188976377955 1066.1417322834645 170.07874015748033 66.14173228346456 L.
429.9212598425197 1066.1417322834645 226.77165354330708 66.14173228346456 aut.
571.6535433070866 1066.1417322834645 226.77165354330708 66.14173228346456 sig.
713.3858267716536 1066.1417322834645 141.73228346456693 66.14173228346456 à
770.0787401574803 1066.1417322834645 170.07874015748033 66.14173228346456 A.
855.1181102362204 1066.1417322834645 311.81102362204723 66.14173228346456 Dumont,
1081.8897637795276 1066.1417322834645 170.07874015748033 66.14173228346456 20
1166.9291338582677 1066.1417322834645 340.15748031496065 66.14173228346456 prairial
1420.4724409448818 1066.1417322834645 170.07874015748033 66.14173228346456 an
1505.5118110236222 1066.1417322834645 226.77165354330708 66.14173228346456 III,
1647.244094488189 1066.1417322834645 141.73228346456693 66.14173228346456 3
1703.9370078740158 1066.1417322834645 170.07874015748033 66.14173228346456 p.
1788.976377952756 1066.1417322834645 198.4251968503937 66.14173228346456 1/2
1874.015748031496 1066.1417322834645 198.4251968503937 66.14173228346456 in

325.98425196850394 1130.708661417323 294.48818897637796 56.69291338582677 Compris
540.1574803149606 1130.708661417323 214.17322834645668 56.69291338582677 dans
674.0157480314961 1130.708661417323 160.62992125984252 56.69291338582677 le
754.3307086614174 1130.708661417323 267.7165354330709 56.69291338582677 décret
940.1574803149606 1130.708661417323 428.34645669291336 56.69291338582677 d’accusation
1288.1889763779527 1130.708661417323 214.17322834645668 56.69291338582677 avec
1422.0472440944882 1130.708661417323 187.4015748031496 56.69291338582677 les
1529.1338582677165 1130.708661417323 267.7165354330709 56.69291338582677 autres
1716.5354330708662 1130.708661417323 294.48818897637796 56.69291338582677 membres
1929.1338582677165 1130.708661417323 187.4015748031496 56.69291338582677 des
2036.2204724409448 1130.708661417323 294.48818897637796 56.69291338582677 Comités
2223.6220472440946 1130.708661417323 107.08661417322834 56.69291338582677 de

272.4409448818898 1187.4015748031495 220.4724409448819 59.84251968503937 salut
420.4724409448819 1187.4015748031495 245.66929133858267 59.84251968503937 public
592.1259842519685 1187.4015748031495 146.45669291338584 59.84251968503937 et
666.1417322834645 1187.4015748031495 146.45669291338584 59.84251968503937 de
738.5826771653543 1187.4015748031495 245.66929133858267 59.84251968503937 sureté
910.2362204724409 1187.4015748031495 319.68503937007875 59.84251968503937 générale,
1155.9055118110236 1187.4015748031495 146.45669291338584 59.84251968503937 et
1229.9212598425197 1187.4015748031495 220.4724409448819 59.84251968503937 ayant
1376.3779527559054 1187.4015748031495 171.6535433070866 59.84251968503937 été
1475.5905511811025 1187.4015748031495 245.66929133858267 59.84251968503937 obligé
1647.244094488189 1187.4015748031495 146.45669291338584 59.84251968503937 de
1721.259842519685 1187.4015748031495 220.4724409448819 59.84251968503937 fuir,
1867.716535433071 1187.4015748031495 146.45669291338584 59.84251968503937 il
1941.732283464567 1187.4015748031495 269.29133858267716 59.84251968503937 implore
2137.0078740157483 1187.4015748031495 146.45669291338584 59.84251968503937 la
2187.4015748031497 1187.4015748031495 146.45669291338584 59.84251968503937 pro-

270.86614173228344 1244.0944881889764 267.7165354330709 59.84251968503937 tection
464.56692913385825 1244.0944881889764 146.45669291338584 59.84251968503937 de
537.007874015748 1244.0944881889764 170.07874015748033 59.84251968503937 son
634.6456692913385 1244.0944881889764 291.33858267716533 59.84251968503937 Collègue
853.5433070866142 1244.0944881889764 195.2755905511811 59.84251968503937 pour
974.8031496062993 1244.0944881889764 218.89763779527559 59.84251968503937 faire
1121.259842519685 1244.0944881889764 242.51968503937007 59.84251968503937 rompre
1291.3385826771653 1244.0944881889764 170.07874015748033 59.84251968503937 les
1388.976377952756 1244.0944881889764 218.89763779527559 59.84251968503937 liens
1533.8582677165355 1244.0944881889764 146.45669291338584 59.84251968503937 de
1607.8740157480315 1244.0944881889764 146.45669291338584 59.84251968503937 sa
1656.6929133858268 1244.0944881889764 291.33858267716533 59.84251968503937 captivité.

15.748031496062993 1299.2125984251968 228.3464566929134 83.46456692913385 74.
146.45669291338584 1299.2125984251968 521.2598425196851 83.46456692913385 LEBAS
570.0787401574803 1299.2125984251968 325.98425196850394 83.46456692913385 (Ph.),
796.8503937007874 1299.2125984251968 325.98425196850394 83.46456692913385 député
1025.1968503937007 1299.2125984251968 195.2755905511811 83.46456692913385 du
1122.8346456692914 1299.2125984251968 552.7559055118111 83.46456692913385 Pas-de-Calais
1577.9527559055118 1299.2125984251968 162.20472440944883 83.46456692913385 à
1642.5196850393702 1299.2125984251968 195.2755905511811 83.46456692913385 la
1740.1574803149606 1299.2125984251968 488.18897637795277 83.46456692913385 Convention,
2097.6377952755906 1299.2125984251968 228.3464566929134 83.46456692913385 déca-

259.84251968503935 1385.8267716535433 266.1417322834646 77.16535433070867 pité
426.7716535433071 1385.8267716535433 266.1417322834646 77.16535433070867 avec
559.0551181102362 1385.8267716535433 467.7165354330709 77.16535433070867 Robespierre.

338.5826771653543 1467.716535433071 168.50393700787401 67.71653543307086 L.
423.62204724409446 1467.716535433071 223.6220472440945 67.71653543307086 aut.
563.7795275590552 1467.716535433071 223.6220472440945 67.71653543307086 sig.
703.9370078740158 1467.716535433071 251.96850393700788 67.71653543307086 aussi
870.8661417322835 1467.716535433071 280.31496062992125 67.71653543307086 signée
1067.716535433071 1467.716535433071 196.8503937007874 67.71653543307086 par
1179.5275590551182 1467.716535433071 672.4409448818898 67.71653543307086 Lavicomterie,
1768.5039370078741 1467.716535433071 280.31496062992125 67.71653543307086 Paris,
1965.3543307086613 1467.716535433071 168.50393700787401 67.71653543307086 16
2020.4724409448818 1467.716535433071 308.66141732283467 67.71653543307086 septembre

274.01574803149606 1535.4330708661416 247.24409448818898 62.99212598425197 1793,
437.79527559055117 1535.4330708661416 137.00787401574803 62.99212598425197 1
492.9133858267717 1535.4330708661416 165.35433070866142 62.99212598425197 p.
576.3779527559055 1535.4330708661416 192.1259842519685 62.99212598425197 pl.
658.2677165354331 1535.4330708661416 192.1259842519685 62.99212598425197 in

324.40944881889766 1598.4251968503936 223.6220472440945 59.84251968503937 Envoi
474.01574803149606 1598.4251968503936 223.6220472440945 59.84251968503937 d’une
622.0472440944882 1598.4251968503936 247.24409448818898 59.84251968503937 lettre
795.2755905511812 1598.4251968503936 148.03149606299212 59.84251968503937 de
869.2913385826772 1598.4251968503936 297.6377952755906 59.84251968503937 laquelle
1092.9133858267717 1598.4251968503936 148.03149606299212 59.84251968503937 il
1166.9291338582677 1598.4251968503936 272.4409448818898 59.84251968503937 résulte
1365.3543307086613 1598.4251968503936 148.03149606299212 59.84251968503937 la
1439.3700787401574 1598.4251968503936 321.25984251968504 59.84251968503937 nécessité
1686.6141732283465 1598.4251968503936 148.03149606299212 59.84251968503937 de
1760.6299212598426 1598.4251968503936 321.25984251968504 59.84251968503937 destituer
2009.4488188976377 1598.4251968503936 148.03149606299212 59.84251968503937 et
2058.267716535433 1598.4251968503936 272.4409448818898 59.84251968503937 d’envoyer

267.7165354330709 1655.1181102362204 154.33070866141733 59.84251968503937 au
344.88188976377955 1655.1181102362204 308.66141732283467 59.84251968503937 tribunal
576.3779527559055 1655.1181102362204 488.18897637795277 59.84251968503937 révolutionnaire
987.4015748031496 1655.1181102362204 360.62992125984255 59.84251968503937 Duperroir,
1270.8661417322835 1655.1181102362204 333.8582677165354 59.84251968503937 ci-devant
1527.5590551181103 1655.1181102362204 231.49606299212599 59.84251968503937 garde
1681.8897637795276 1655.1181102362204 154.33070866141733 59.84251968503937 du
1759.0551181102362 1655.1181102362204 206.29921259842519 59.84251968503937 roi,
1888.1889763779527 1655.1181102362204 360.62992125984255 59.84251968503937 maintenant
2146.4566929133857 1655.1181102362204 179.5275590551181 59.84251968503937 capi-

266.1417322834646 1710.236220472441 228.3464566929134 59.84251968503937 taine
417.3228346456693 1710.236220472441 151.1811023622047 59.84251968503937 au
494.48818897637796 1710.236220472441 177.95275590551182 59.84251968503937 26e
595.2755905511812 1710.236220472441 303.93700787401576 59.84251968503937 régiment
822.0472440944882 1710.236220472441 151.1811023622047 59.84251968503937 de
899.2125984251968 1710.236220472441 329.13385826771656 59.84251968503937 cavalerie
1151.1811023622047 1710.236220472441 151.1811023622047 59.84251968503937 en
1228.3464566929133 1710.236220472441 303.93700787401576 59.84251968503937 garnison
1455.1181102362204 1710.236220472441 125.98425196850394 59.84251968503937 à
1480.3149606299212 1710.236220472441 228.3464566929134 59.84251968503937 Amiens.

12.598425196850394 1766.9291338582677 237.79527559055117 83.46456692913385 75.
149.60629921259843 1766.9291338582677 541.7322834645669 83.46456692913385 LEBON
588.9763779527559 1766.9291338582677 440.9448818897638 83.46456692913385 (Joseph),
929.1338582677165 1766.9291338582677 338.5826771653543 83.46456692913385 député
1165.3543307086613 1766.9291338582677 203.1496062992126 83.46456692913385 du
1267.716535433071 1766.9291338582677 576.3779527559055 83.46456692913385 Pas-de-Calais
1741.732283464567 1766.9291338582677 170.07874015748033 83.46456692913385 à
1809.4488188976377 1766.9291338582677 203.1496062992126 83.46456692913385 la
1877.1653543307086 1766.9291338582677 440.9448818897638 83.46456692913385 Convention,

261.4173228346457 1853.5433070866143 379.5275590551181 78.74015748031496 décapité
546.4566929133858 1853.5433070866143 190.5511811023622 78.74015748031496 en
640.9448818897638 1853.5433070866143 253.54330708661416 78.74015748031496 l’an
768.503937007874 1853.5433070866143 159.0551181102362 78.74015748031496 IV.

337.00787401574803 1938.5826771653544 185.82677165354332 64.56692913385827 L.
429.9212598425197 1938.5826771653544 248.8188976377953 64.56692913385827 aut.
585.8267716535433 1938.5826771653544 248.8188976377953 64.56692913385827 sig.
741.7322834645669 1938.5826771653544 155.90551181102362 64.56692913385827 à
803.1496062992126 1938.5826771653544 278.74015748031496 64.56692913385827 André
988.9763779527559 1938.5826771653544 341.73228346456693 64.56692913385827 Dumont,
1237.7952755905512 1938.5826771653544 310.23622047244095 64.56692913385827 Arras,
1455.1181102362204 1938.5826771653544 185.82677165354332 64.56692913385827 22
1548.0314960629921 1938.5826771653544 373.2283464566929 64.56692913385827 germinal
1828.3464566929133 1938.5826771653544 185.82677165354332 64.56692913385827 an
1921.259842519685 1938.5826771653544 217.3228346456693 64.56692913385827 II,
2045.6692913385828 1938.5826771653544 155.90551181102362 64.56692913385827 1
2107.0866141732286 1938.5826771653544 185.82677165354332 64.56692913385827 p.
2168.503937007874 1938.5826771653544 155.90551181102362 64.56692913385827 pl.

255.11811023622047 2004.724409448819 166.9291338582677 48.818897637795274 in

321.25984251968504 2067.716535433071 149.60629921259843 64.56692913385827 Il
396.8503937007874 2067.716535433071 250.39370078740157 64.56692913385827 engage
571.6535433070866 2067.716535433071 174.8031496062992 64.56692913385827 son
672.4409448818898 2067.716535433071 300.78740157480314 64.56692913385827 Collègue
897.6377952755905 2067.716535433071 125.98425196850394 64.56692913385827 à
948.0314960629921 2067.716535433071 149.60629921259843 64.56692913385827 ne
1023.6220472440945 2067.716535433071 174.8031496062992 64.56692913385827 pas
1122.8346456692914 2067.716535433071 149.60629921259843 64.56692913385827 se
1198.4251968503936 2067.716535433071 275.59055118110234 64.56692913385827 laisser
1398.4251968503936 2067.716535433071 275.59055118110234 64.56692913385827 séduire
1600.0 2067.716535433071 174.8031496062992 64.56692913385827 par
1699.2125984251968 2067.716535433071 325.98425196850394 64.56692913385827 certaines
1949.6062992125985 2067.716535433071 325.98425196850394 64.56692913385827 personnes
2176.3779527559054 2067.716535433071 149.60629921259843 64.56692913385827 com-

264.56692913385825 2124.4094488188975 392.12598425196853 58.267716535433074 promises...
577.9527559055118 2124.4094488188975 234.64566929133858 58.267716535433074 Comme
735.4330708661417 2124.4094488188975 155.90551181102362 58.267716535433074 je
814.1732283464567 2124.4094488188975 286.61417322834643 58.267716535433074 connais
1022.0472440944882 2124.4094488188975 155.90551181102362 58.267716535433074 ta
1100.7874015748032 2124.4094488188975 313.38582677165357 58.267716535433074 fermeté,
1335.4330708661416 2124.4094488188975 182.6771653543307 58.267716535433074 ces
1439.3700787401574 2124.4094488188975 417.3228346456693 58.267716535433074 forfanteries
1779.5275590551182 2124.4094488188975 155.90551181102362 58.267716535433074 ne
1858.267716535433 2124.4094488188975 234.64566929133858 58.267716535433074 m’ont
2014.1732283464567 2124.4094488188975 234.64566929133858 58.267716535433074 point
2144.8818897637793 2124.4094488188975 182.6771653543307 58.267716535433074 causé

262.99212598425197 2177.952755905512 348.0314960629921 62.99212598425197 d’alarmes
530.7086614173228 2177.952755905512 214.17322834645668 62.99212598425197 pour
664.5669291338583 2177.952755905512 160.62992125984252 62.99212598425197 la
744.8818897637796 2177.952755905512 240.9448818897638 62.99212598425197 chose
905.511811023622 2177.952755905512 401.5748031496063 62.99212598425197 publique...
1226.7716535433071 2177.952755905512 214.17322834645668 62.99212598425197 J’ai
1360.6299212598426 2177.952755905512 214.17322834645668 62.99212598425197 reçu
1494.4881889763778 2177.952755905512 187.4015748031496 62.99212598425197 les
1601.5748031496064 2177.952755905512 267.7165354330709 62.99212598425197 pièces
1788.976377952756 2177.952755905512 348.0314960629921 62.99212598425197 relatives
2056.6929133858266 2177.952755905512 133.85826771653544 62.99212598425197 à
2083.464566929134 2177.952755905512 240.9448818897638 62.99212598425197 Merlin,

264.56692913385825 2236.220472440945 291.33858267716533 61.41732283464567 Evrard,
477.1653543307087 2236.220472440945 237.79527559055117 61.41732283464567 etc.;
634.6456692913385 2236.220472440945 159.0551181102362 61.41732283464567 te
714.9606299212599 2236.220472440945 396.8503937007874 61.41732283464567 réserves-tu
1033.0708661417323 2236.220472440945 159.0551181102362 61.41732283464567 de
1111.8110236220473 2236.220472440945 185.82677165354332 61.41732283464567 les
1217.3228346456692 2236.220472440945 264.56692913385825 61.41732283464567 mettre
1403.1496062992126 2236.220472440945 159.0551181102362 61.41732283464567 en
1481.8897637795276 2236.220472440945 343.3070866141732 61.41732283464567 jugement,
1746.4566929133857 2236.220472440945 159.0551181102362 61.41732283464567 ou
1826.7716535433071 2236.220472440945 291.33858267716533 61.41732283464567 veux-tu
2037.7952755905512 2236.220472440945 185.82677165354332 61.41732283464567 que
2143.3070866141734 2236.220472440945 159.0551181102362 61.41732283464567 je
2196.850393700787 2236.220472440945 132.28346456692913 61.41732283464567 les

261.4173228346457 2291.3385826771655 244.09448818897638 48.818897637795274 livre
423.62204724409446 2291.3385826771655 325.98425196850394 48.818897637795274 moi-même
669.2913385826772 2291.3385826771655 163.7795275590551 48.818897637795274 au
722.8346456692914 2291.3385826771655 407.87401574803147 48.818897637795274 Tribunal?....

17.322834645669293 2348.031496062992 206.29921259842519 86.61417322834646 76.
135.43307086614172 2348.031496062992 502.3622047244094 86.61417322834646 LELONG
549.6062992125984 2348.031496062992 414.1732283464567 86.61417322834646 (Jacques),
875.5905511811023 2348.031496062992 414.1732283464567 86.61417322834646 historien,
1200.0 2348.031496062992 296.06299212598424 86.61417322834646 auteur
1407.8740157480315 2348.031496062992 177.95275590551182 86.61417322834646 de
1496.0629921259842 2348.031496062992 177.95275590551182 86.61417322834646 la
1585.8267716535433 2348.031496062992 562.2047244094488 86.61417322834646 Bibliothèque
2028.3464566929133 2348.031496062992 296.06299212598424 86.61417322834646 his

269.29133858267716 2436.220472440945 355.90551181102364 80.31496062992126 torique
548.0314960629921 2436.220472440945 152.75590551181102 80.31496062992126 de
625.1968503937007 2436.220472440945 152.75590551181102 80.31496062992126 la
675.5905511811023 2436.220472440945 330.70866141732284 80.31496062992126 France.

338.5826771653543 2518.1102362204724 176.3779527559055 66.14173228346456 L.
426.7716535433071 2518.1102362204724 234.64566929133858 66.14173228346456 aut.
574.8031496062993 2518.1102362204724 234.64566929133858 66.14173228346456 sig.
721.2598425196851 2518.1102362204724 146.45669291338584 66.14173228346456 7
779.5275590551181 2518.1102362204724 382.6771653543307 66.14173228346456 septembre
1074.015748031496 2518.1102362204724 264.56692913385825 66.14173228346456 1720,
1250.3937007874015 2518.1102362204724 146.45669291338584 66.14173228346456 3
1308.6614173228347 2518.1102362204724 176.3779527559055 66.14173228346456 p.
1396.8503937007874 2518.1102362204724 206.29921259842519 66.14173228346456 pl.
1485.0393700787401 2518.1102362204724 206.29921259842519 66.14173228346456 in

325.98425196850394 2581.1023622047246 337.00787401574803 59.84251968503937 Très-jolie
590.5511811023622 2581.1023622047246 240.9448818897638 59.84251968503937 lettre
759.0551181102362 2581.1023622047246 264.56692913385825 59.84251968503937 remplie
951.1811023622047 2581.1023622047246 144.88188976377953 59.84251968503937 de
1023.6220472440945 2581.1023622047246 264.56692913385825 59.84251968503937 détails
1192.1259842519685 2581.1023622047246 458.26771653543307 59.84251968503937 bibliographiques.

406.2992125984252 2639.3700787401576 266.1417322834646 58.267716535433074 FEVRET
593.7007874015748 2639.3700787401576 160.62992125984252 58.267716535433074 DE
672.4409448818898 2639.3700787401576 400.0 58.267716535433074 FONTENETTE,
993.7007874015748 2639.3700787401576 426.7716535433071 58.267716535433074 continuateur
1340.1574803149606 2639.3700787401576 160.62992125984252 58.267716535433074 du
1420.4724409448818 2639.3700787401576 214.17322834645668 58.267716535433074 père
1527.5590551181103 2639.3700787401576 239.37007874015748 58.267716535433074 Lelong.

340.15748031496065 2697.6377952755906 165.35433070866142 66.14173228346456 L.
423.62204724409446 2697.6377952755906 222.04724409448818 66.14173228346456 aut.
562.2047244094488 2697.6377952755906 222.04724409448818 66.14173228346456 sig.
700.7874015748032 2697.6377952755906 277.1653543307087 66.14173228346456 Dijon,
894.488188976378 2697.6377952755906 248.8188976377953 66.14173228346456 1762,
1059.8425196850394 2697.6377952755906 138.58267716535434 66.14173228346456 4
1116.5354330708662 2697.6377952755906 165.35433070866142 66.14173228346456 p.
1171.6535433070867 2697.6377952755906 248.8188976377953 66.14173228346456 in

14.173228346456693 2748.031496062992 229.92125984251967 97.63779527559055 77.
146.45669291338584 2748.031496062992 623.6220472440945 97.63779527559055 LEMIERRE
670.8661417322835 2748.031496062992 557.4803149606299 97.63779527559055 (Ant.-Marin),
1130.708661417323 2748.031496062992 327.5590551181102 97.63779527559055 poëte,
1359.0551181102362 2748.031496062992 196.8503937007874 97.63779527559055 de
1458.267716535433 2748.031496062992 360.62992125984255 97.63779527559055 l’Acad.
1688.1889763779527 2748.031496062992 163.7795275590551 97.63779527559055 fr.

340.15748031496065 2845.6692913385828 163.7795275590551 67.71653543307086 L.
422.0472440944882 2845.6692913385828 217.3228346456693 67.71653543307086 aut.
557.4803149606299 2845.6692913385828 217.3228346456693 67.71653543307086 sig.
692.9133858267717 2845.6692913385828 407.87401574803147 67.71653543307086 Lemierre
1018.8976377952756 2845.6692913385828 217.3228346456693 67.71653543307086 l’un
1155.9055118110236 2845.6692913385828 190.5511811023622 67.71653543307086 des
1264.5669291338584 2845.6692913385828 163.7795275590551 67.71653543307086 40
1344.8818897637796 2845.6692913385828 163.7795275590551 67.71653543307086 de
1426.7716535433071 2845.6692913385828 381.1023622047244 67.71653543307086 l’Académie
1725.984251968504 2845.6692913385828 489.76377952755905 67.71653543307086 française.
2107.0866141732286 2845.6692913385828 217.3228346456693 67.71653543307086 Paris,

275.59055118110234 2913.3858267716537 242.51968503937007 64.56692913385827 1786,
437.79527559055117 2913.3858267716537 135.43307086614172 64.56692913385827 3
491.33858267716533 2913.3858267716537 162.20472440944883 64.56692913385827 p.
571.6535433070866 2913.3858267716537 188.9763779527559 64.56692913385827 pl.
651.9685039370079 2913.3858267716537 188.9763779527559 64.56692913385827 in

12.598425196850394 2977.952755905512 201.5748031496063 81.88976377952756 77
113.38582677165354 2977.952755905512 267.7165354330709 81.88976377952756 bis.
280.31496062992125 2977.952755905512 670.8661417322835 81.88976377952756 LETELLIER
850.3937007874016 2977.952755905512 436.2204724409449 81.88976377952756 (Michel),
1185.8267716535433 2977.952755905512 469.29133858267716 81.88976377952756 chancelier
1555.9055118110236 2977.952755905512 201.5748031496063 81.88976377952756 de
1622.0472440944882 2977.952755905512 302.3622047244094 81.88976377952756 France.

333.8582677165354 3061.417322834646 152.75590551181102 69.29133858267717 5
393.7007874015748 3061.417322834646 337.00787401574803 69.29133858267717 Lettres
639.3700787401575 3061.417322834646 245.66929133858267 69.29133858267717 sig.
792.1259842519685 3061.417322834646 184.251968503937 69.29133858267717 au
883.4645669291339 3061.417322834646 214.17322834645668 69.29133858267717 Mal
1006.2992125984252 3061.417322834646 184.251968503937 69.29133858267717 de
1099.2125984251968 3061.417322834646 366.92913385826773 69.29133858267717 Turenne,
1373.2283464566929 3061.417322834646 275.59055118110234 69.29133858267717 avril
1557.4803149606298 3061.417322834646 275.59055118110234 69.29133858267717 1652,
1741.732283464567 3061.417322834646 398.4251968503937 69.29133858267717 relatives
2047.244094488189 3061.417322834646 214.17322834645668 69.29133858267717 aux
2138.582677165354 3061.417322834646 184.251968503937 69.29133858267717 pré-

269.29133858267716 3129.1338582677167 381.1023622047244 62.99212598425197 paratifs
555.9055118110236 3129.1338582677167 190.5511811023622 62.99212598425197 du
650.3937007874016 3129.1338582677167 318.1102362204724 62.99212598425197 combat
872.4409448818898 3129.1338582677167 190.5511811023622 62.99212598425197 du
968.503937007874 3129.1338582677167 381.1023622047244 62.99212598425197 faubourg
1223.6220472440946 3129.1338582677167 412.59842519685037 62.99212598425197 St

12.598425196850394 3184.251968503937 195.2755905511811 92.91338582677166 77
110.23622047244095 3184.251968503937 259.84251968503935 92.91338582677166 ter.
274.01574803149606 3184.251968503937 552.7559055118111 92.91338582677166 LIONNE
729.1338582677165 3184.251968503937 357.4803149606299 92.91338582677166 (Hugues
988.9763779527559 3184.251968503937 259.84251968503935 92.91338582677166 de),
1151.1811023622047 3184.251968503937 390.5511811023622 92.91338582677166 ministre
1444.0944881889764 3184.251968503937 357.4803149606299 92.91338582677166 d’État,
1703.9370078740158 3184.251968503937 195.2755905511811 92.91338582677166 né
1801.5748031496064 3184.251968503937 162.20472440944883 92.91338582677166 à
1834.6456692913387 3184.251968503937 357.4803149606299 92.91338582677166 Grenoble,

338.5826771653543 3278.740157480315 173.22834645669292 67.71653543307086 L.
425.1968503937008 3278.740157480315 229.92125984251967 67.71653543307086 aut.
568.503937007874 3278.740157480315 229.92125984251967 67.71653543307086 sig.
711.8110236220473 3278.740157480315 173.22834645669292 67.71653543307086 au
798.4251968503937 3278.740157480315 201.5748031496063 67.71653543307086 Mal
913.3858267716536 3278.740157480315 173.22834645669292 67.71653543307086 de
1000.0 3278.740157480315 344.88188976377955 67.71653543307086 Turenne,
1259.8425196850394 3278.740157480315 259.84251968503935 67.71653543307086 Paris
1431.4960629921259 3278.740157480315 143.30708661417322 67.71653543307086 3
1489.763779527559 3278.740157480315 316.53543307086613 67.71653543307086 juillet
1719.6850393700788 3278.740157480315 259.84251968503935 67.71653543307086 1650,
1892.9133858267717 3278.740157480315 143.30708661417322 67.71653543307086 4
1949.6062992125985 3278.740157480315 173.22834645669292 67.71653543307086 p.
2036.2204724409448 3278.740157480315 201.5748031496063 67.71653543307086 pl.
2122.834645669291 3278.740157480315 201.5748031496063 67.71653543307086 in

270.86614173228344 3343.3070866141734 250.39370078740157 50.39370078740158 Belle
411.0236220472441 3343.3070866141734 222.04724409448818 50.39370078740158 lettre

14.173228346456693 3395.2755905511813 234.64566929133858 96.06299212598425 78.
148.03149606299212 3395.2755905511813 806.2992125984252 96.06299212598425 LITTÉRATEURS.
853.5433070866142 3395.2755905511813 234.64566929133858 96.06299212598425 Six
987.4015748031496 3395.2755905511813 370.0787401574803 96.06299212598425 lettres
1256.6929133858268 3395.2755905511813 269.29133858267716 96.06299212598425 aut.
1390.5511811023623 3395.2755905511813 201.5748031496063 96.06299212598425 sig.

337.00787401574803 3496.0629921259842 377.9527559055118 64.56692913385827 BEFFARA,
620.4724409448819 3496.0629921259842 157.48031496062993 64.56692913385827 1
683.4645669291339 3496.0629921259842 188.9763779527559 64.56692913385827 p.
777.9527559055118 3496.0629921259842 220.4724409448819 64.56692913385827 1/2
905.511811023622 3496.0629921259842 283.46456692913387 64.56692913385827 in-4.
1094.4881889763778 3496.0629921259842 157.48031496062993 64.56692913385827 —
1157.4803149606298 3496.0629921259842 346.45669291338584 64.56692913385827 BERRIAT
1409.4488188976377 3496.0629921259842 472.4409448818898 64.56692913385827 SAINT-PRIX,
1787.4015748031495 3496.0629921259842 157.48031496062993 64.56692913385827 1
1851.9685039370079 3496.0629921259842 188.9763779527559 64.56692913385827 p.
1946.4566929133857 3496.0629921259842 220.4724409448819 64.56692913385827 1/2
2072.4409448818897 3496.0629921259842 283.46456692913387 64.56692913385827 in-8.
2229.9212598425197 3496.0629921259842 94.48818897637796 64.56692913385827 —

264.56692913385825 3560.6299212598424 557.4803149606299 66.14173228346456 DESRENAUDES,
718.1102362204724 3560.6299212598424 174.8031496062992 66.14173228346456 1
787.4015748031496 3560.6299212598424 209.4488188976378 66.14173228346456 p.
892.9133858267717 3560.6299212598424 313.38582677165357 66.14173228346456 in-4.
1102.3622047244094 3560.6299212598424 174.8031496062992 66.14173228346456 —
1171.6535433070867 3560.6299212598424 628.3464566929134 66.14173228346456 DUGAS-MONTBEL,
1694.4881889763778 3560.6299212598424 174.8031496062992 66.14173228346456 2
1765.3543307086613 3560.6299212598424 209.4488188976378 66.14173228346456 p.
1869.291338582677 3560.6299212598424 313.38582677165357 66.14173228346456 in-8.
2078.740157480315 3560.6299212598424 174.8031496062992 66.14173228346456 —
2113.3858267716537 3560.6299212598424 209.4488188976378 66.14173228346456 MAR-

274.01574803149606 3626.771653543307 333.8582677165354 64.56692913385827 CHANGY,
516.5354330708661 3626.771653543307 151.1811023622047 64.56692913385827 2
576.3779527559055 3626.771653543307 182.6771653543307 64.56692913385827 p.
667.7165354330708 3626.771653543307 272.4409448818898 64.56692913385827 in-8.
850.3937007874016 3626.771653543307 151.1811023622047 64.56692913385827 —
910.2362204724409 3626.771653543307 485.03937007874015 64.56692913385827 PIXÉRÉCOURT,
1305.5118110236222 3626.771653543307 151.1811023622047 64.56692913385827 1
1365.3543307086613 3626.771653543307 182.6771653543307 64.56692913385827 p.
1456.6929133858268 3626.771653543307 212.5984251968504 64.56692913385827 1/2
1548.0314960629921 3626.771653543307 212.5984251968504 64.56692913385827 in

14.173228346456693 3694.488188976378 237.79527559055117 89.76377952755905 79.
151.1811023622047 3694.488188976378 815.7480314960629 89.76377952755905 LITTÉRATEURS.
864.5669291338583 3694.488188976378 272.4409448818898 89.76377952755905 Huit
1034.6456692913387 3694.488188976378 374.8031496062992 89.76377952755905 lettres
1307.0866141732283 3694.488188976378 272.4409448818898 89.76377952755905 aut.
1442.5196850393702 3694.488188976378 204.7244094488189 89.76377952755905 sig.

332.2834645669291 3787.4015748031497 299.21259842519686 66.14173228346456 DUMAS
530.7086614173228 3787.4015748031497 398.4251968503937 66.14173228346456 (Alex.),
829.9212598425197 3787.4015748031497 165.35433070866142 66.14173228346456 1
896.0629921259842 3787.4015748031497 200.0 66.14173228346456 p.
996.8503937007874 3787.4015748031497 299.21259842519686 66.14173228346456 in-8.
1195.275590551181 3787.4015748031497 165.35433070866142 66.14173228346456 —
1261.4173228346456 3787.4015748031497 398.4251968503937 66.14173228346456 ESCHERNY
1560.6299212598426 3787.4015748031497 299.21259842519686 66.14173228346456 (D’),
1760.6299212598426 3787.4015748031497 165.35433070866142 66.14173228346456 1
1826.7716535433071 3787.4015748031497 200.0 66.14173228346456 p.
1925.984251968504 3787.4015748031497 233.0708661417323 66.14173228346456 1/2
2058.267716535433 3787.4015748031497 299.21259842519686 66.14173228346456 in-8.
2225.196850393701 3787.4015748031497 99.21259842519684 66.14173228346456 —

272.4409448818898 3853.5433070866143 373.2283464566929 67.71653543307086 FALBAIRE
552.7559055118111 3853.5433070866143 466.1417322834646 67.71653543307086 (Fenouillot
924.4094488188977 3853.5433070866143 248.8188976377953 67.71653543307086 de),
1080.3149606299212 3853.5433070866143 155.90551181102362 67.71653543307086 1
1143.3070866141732 3853.5433070866143 185.82677165354332 67.71653543307086 p.
1236.2204724409448 3853.5433070866143 217.3228346456693 67.71653543307086 1/2
1360.6299212598426 3853.5433070866143 280.31496062992125 67.71653543307086 in-8.
1546.4566929133857 3853.5433070866143 155.90551181102362 67.71653543307086 —
1607.8740157480315 3853.5433070866143 341.73228346456693 67.71653543307086 GROSIER
1856.6929133858268 3853.5433070866143 403.1496062992126 67.71653543307086 (L’abbé),
2166.9291338582675 3853.5433070866143 155.90551181102362 67.71653543307086 1
2198.4251968503936 3853.5433070866143 124.40944881889764 67.71653543307086 p.

269.29133858267716 3919.685039370079 297.6377952755906 67.71653543307086 in-4.
467.7165354330709 3919.685039370079 165.35433070866142 67.71653543307086 —
533.8582677165355 3919.685039370079 297.6377952755906 67.71653543307086 JOLY,
733.8582677165355 3919.685039370079 297.6377952755906 67.71653543307086 poëte
932.2834645669292 3919.685039370079 464.56692913385825 67.71653543307086 dijonnais,
1296.0629921259842 3919.685039370079 297.6377952755906 67.71653543307086 1758,
1496.0629921259842 3919.685039370079 165.35433070866142 67.71653543307086 2
1562.2047244094488 3919.685039370079 198.4251968503937 67.71653543307086 p.
1661.4173228346456 3919.685039370079 297.6377952755906 67.71653543307086 in-4.
1859.8425196850394 3919.685039370079 165.35433070866142 67.71653543307086 —
1925.984251968504 3919.685039370079 297.6377952755906 67.71653543307086 MOREL
2092.9133858267714 3919.685039370079 231.49606299212599 67.71653543307086 (Hya-

266.1417322834646 3985.8267716535433 398.4251968503937 67.71653543307086 cinthe),
563.7795275590552 3985.8267716535433 330.70866141732284 67.71653543307086 poëte,
796.8503937007874 3985.8267716535433 231.49606299212599 67.71653543307086 1/2
929.1338582677165 3985.8267716535433 198.4251968503937 67.71653543307086 p.
1028.3464566929133 3985.8267716535433 297.6377952755906 67.71653543307086 in-4.
1226.7716535433071 3985.8267716535433 165.35433070866142 67.71653543307086 —
1292.9133858267717 3985.8267716535433 365.3543307086614 67.71653543307086 RIGOLEY
1559.0551181102362 3985.8267716535433 198.4251968503937 67.71653543307086 DE
1658.267716535433 3985.8267716535433 398.4251968503937 67.71653543307086 JUVIGNY,
1955.9055118110236 3985.8267716535433 297.6377952755906 67.71653543307086 1750,
2155.9055118110236 3985.8267716535433 165.35433070866142 67.71653543307086 2
2188.9763779527557 3985.8267716535433 132.28346456692913 67.71653543307086 p.

275.59055118110234 4050.3937007874015 266.1417322834646 66.14173228346456 in-4.
453.54330708661416 4050.3937007874015 148.03149606299212 66.14173228346456 —
513.3858267716536 4050.3937007874015 355.90551181102364 66.14173228346456 SOLIGNAC
779.5275590551181 4050.3937007874015 207.8740157480315 66.14173228346456 (Le
897.6377952755905 4050.3937007874015 385.8267716535433 66.14173228346456 chevalier
1193.7007874015749 4050.3937007874015 236.2204724409449 66.14173228346456 de),
1341.732283464567 4050.3937007874015 266.1417322834646 66.14173228346456 1750,
1519.6850393700788 4050.3937007874015 148.03149606299212 66.14173228346456 2
1579.5275590551182 4050.3937007874015 177.95275590551182 66.14173228346456 p.
1637.7952755905512 4050.3937007874015 207.8740157480315 66.14173228346456 in

14.173228346456693 4116.535433070866 231.49606299212599 85.03937007874016 80.
146.45669291338584 4116.535433070866 527.5590551181102 85.03937007874016 MAINE
574.8031496062993 4116.535433070866 692.9133858267717 85.03937007874016 (Louise-Bénédicte
1168.5039370078741 4116.535433070866 198.4251968503937 85.03937007874016 de
1267.716535433071 4116.535433070866 395.2755905511811 85.03937007874016 Bourbon,
1563.7795275590552 4116.535433070866 395.2755905511811 85.03937007874016 duchesse
1826.7716535433071 4116.535433070866 198.4251968503937 85.03937007874016 du).

340.15748031496065 4200.0 171.6535433070866 67.71653543307086 L.
425.1968503937008 4200.0 228.3464566929134 67.71653543307086 sig.
568.503937007874 4200.0 143.30708661417322 67.71653543307086 à
625.1968503937007 4200.0 343.3070866141732 67.71653543307086 l’évêque
881.8897637795276 4200.0 171.6535433070866 67.71653543307086 de
968.503937007874 4200.0 371.65354330708664 67.71653543307086 Soissons.
1253.5433070866143 4200.0 313.38582677165357 67.71653543307086 Sceaux,
1481.8897637795276 4200.0 256.6929133858268 67.71653543307086 1718.
1653.5433070866143 4200.0 200.0 67.71653543307086 3/4
1766.9291338582677 4200.0 171.6535433070866 67.71653543307086 de
1853.5433070866143 4200.0 171.6535433070866 67.71653543307086 p.
1910.236220472441 4200.0 200.0 67.71653543307086 in

15.748031496062993 4278.740157480315 228.3464566929134 86.61417322834646 81.
146.45669291338584 4278.740157480315 587.4015748031496 86.61417322834646 MANSART
636.2204724409448 4278.740157480315 685.0393700787401 86.61417322834646 (Jules-Hardouin),
1223.6220472440946 4278.740157480315 359.0551181102362 86.61417322834646 célèbre
1451.9685039370079 4278.740157480315 423.62204724409446 86.61417322834646 architecte.

337.00787401574803 4363.779527559055 292.9133858267717 66.14173228346456 Devis
532.2834645669292 4363.779527559055 259.84251968503935 66.14173228346456 aut.
696.0629921259842 4363.779527559055 228.3464566929134 66.14173228346456 des
825.1968503937007 4363.779527559055 390.5511811023622 66.14173228346456 ouvrages
1118.1102362204724 4363.779527559055 195.2755905511811 66.14173228346456 de
1215.748031496063 4363.779527559055 488.18897637795277 66.14173228346456 menuiseries
1606.2992125984251 4363.779527559055 162.20472440944883 66.14173228346456 à
1672.4409448818897 4363.779527559055 292.9133858267717 66.14173228346456 faire
1867.716535433071 4363.779527559055 195.2755905511811 66.14173228346456 au
1965.3543307086613 4363.779527559055 357.4803149606299 66.14173228346456 château
2192.1259842519685 4363.779527559055 130.70866141732284 66.14173228346456 de

280.31496062992125 4428.346456692913 472.4409448818898 69.29133858267717 Clagny.
674.0157480314961 4428.346456692913 130.70866141732284 69.29133858267717 1
725.9842519685039 4428.346456692913 157.48031496062993 69.29133858267717 p.
804.7244094488188 4428.346456692913 184.251968503937 69.29133858267717 1/2
910.2362204724409 4428.346456692913 314.96062992125985 69.29133858267717 in-fol.,
1146.4566929133857 4428.346456692913 209.4488188976378 69.29133858267717 avec
1277.1653543307086 4428.346456692913 261.4173228346457 69.29133858267717 dessin
1461.4173228346456 4428.346456692913 157.48031496062993 69.29133858267717 et
1540.1574803149606 4428.346456692913 393.7007874015748 69.29133858267717 approbation
1853.5433070866143 4428.346456692913 209.4488188976378 69.29133858267717 aut.
1985.8267716535433 4428.346456692913 209.4488188976378 69.29133858267717 sig.
2116.535433070866 4428.346456692913 157.48031496062993 69.29133858267717 de
2168.503937007874 4428.346456692913 157.48031496062993 69.29133858267717 Col-

275.59055118110234 4494.488188976378 262.99212598425197 66.14173228346456 bert,
451.9685039370079 4494.488188976378 321.25984251968504 66.14173228346456 Sceaux,
685.0393700787401 4494.488188976378 174.8031496062992 66.14173228346456 14
773.2283464566929 4494.488188976378 233.0708661417323 66.14173228346456 juin
889.7637795275591 4494.488188976378 204.7244094488189 66.14173228346456 1676.
