3233.0708661417325 5324.4094488188975
250.39370078740157 185.82677165354332 118.11023622047244 62.99212598425197 8

2233.0708661417325 204.7244094488189 577.9527559055118 47.24409448818898 LIBRAIRIE
2677.165354330709 204.7244094488189 400.0 47.24409448818898 SIMON
2900.787401574803 204.7244094488189 222.04724409448818 47.24409448818898 KRA

499.21259842519686 327.5590551181102 222.04724409448818 56.69291338582677 «M.
626.7716535433071 327.5590551181102 190.5511811023622 56.69291338582677 de
721.2598425196851 327.5590551181102 414.1732283464567 56.69291338582677 Boufflers
1039.3700787401574 327.5590551181102 318.1102362204724 56.69291338582677 désire
1261.4173228346456 327.5590551181102 381.1023622047244 56.69291338582677 beaucoup
1516.5354330708662 327.5590551181102 159.0551181102362 56.69291338582677 que

426.7716535433071 385.8267716535433 659.8425196850394 53.54330708661417 l’établissement
981.1023622047244 385.8267716535433 415.748031496063 53.54330708661417 projetté
1294.4881889763778 385.8267716535433 242.51968503937007 53.54330708661417 par
1433.0708661417323 385.8267716535433 242.51968503937007 53.54330708661417 MM.
1537.007874015748 385.8267716535433 138.58267716535434 53.54330708661417 Le

429.9212598425197 442.5196850393701 261.4173228346457 55.118110236220474 Blanc
603.1496062992126 442.5196850393701 173.22834645669292 55.118110236220474 et
689.7637795275591 442.5196850393701 203.1496062992126 55.118110236220474 Ozé
806.2992125984252 442.5196850393701 231.49606299212599 55.118110236220474 pour
951.1811023622047 442.5196850393701 462.99212598425197 55.118110236220474 l’extraction
1327.5590551181103 442.5196850393701 173.22834645669292 55.118110236220474 en
1414.1732283464567 442.5196850393701 261.4173228346457 55.118110236220474 grand
1559.0551181102362 442.5196850393701 116.53543307086615 55.118110236220474 de

428.34645669291336 500.78740157480314 187.4015748031496 51.968503937007874 la
522.8346456692914 500.78740157480314 280.31496062992125 51.968503937007874 soude
708.6614173228346 500.78740157480314 187.4015748031496 51.968503937007874 du
803.1496062992126 500.78740157480314 218.89763779527559 51.968503937007874 sel
927.5590551181102 500.78740157480314 311.81102362204723 51.968503937007874 marin,
1144.8818897637796 500.78740157480314 311.81102362204723 51.968503937007874 puisse
1363.7795275590552 500.78740157480314 248.8188976377953 51.968503937007874 être
1488.1889763779527 500.78740157480314 187.4015748031496 51.968503937007874 sans

429.9212598425197 555.9055118110236 274.01574803149606 53.54330708661417 délai
612.5984251968504 555.9055118110236 212.5984251968504 53.54330708661417 mis
733.8582677165355 555.9055118110236 182.6771653543307 53.54330708661417 en
825.1968503937007 555.9055118110236 395.2755905511811 53.54330708661417 activité;
1129.1338582677165 555.9055118110236 333.8582677165354 53.54330708661417 d’après
1371.6535433070867 555.9055118110236 212.5984251968504 53.54330708661417 les
1462.992125984252 555.9055118110236 212.5984251968504 53.54330708661417 déli-

428.34645669291336 612.5984251968504 426.7716535433071 53.54330708661417 bérations
757.4803149606299 612.5984251968504 196.8503937007874 53.54330708661417 du
855.1181102362204 612.5984251968504 327.5590551181102 53.54330708661417 comité
1085.0393700787401 612.5984251968504 557.4803149606299 53.54330708661417 d’Agriculture
1511.8110236220473 612.5984251968504 163.7795275590551 53.54330708661417 qui

425.1968503937008 669.2913385826772 278.74015748031496 47.24409448818898 vous
598.4251968503937 669.2913385826772 417.3228346456693 47.24409448818898 autorise
911.8110236220473 669.2913385826772 173.22834645669292 47.24409448818898 à
981.1023622047244 669.2913385826772 348.0314960629921 47.24409448818898 nommer
1225.1968503937007 669.2913385826772 278.74015748031496 47.24409448818898 deux
1363.7795275590552 669.2913385826772 313.38582677165357 47.24409448818898 commis-

426.7716535433071 725.9842519685039 355.90551181102364 53.54330708661417 saires
677.1653543307086 725.9842519685039 285.03937007874015 53.54330708661417 pour
855.1181102362204 725.9842519685039 428.34645669291336 53.54330708661417 l’examen
1176.3779527559054 725.9842519685039 250.39370078740157 53.54330708661417 des
1319.6850393700788 725.9842519685039 355.90551181102364 53.54330708661417 moyens
1532.283464566929 725.9842519685039 143.30708661417322 53.54330708661417 de

433.07086614173227 782.6771653543307 200.0 44.09448818897638 ces
518.1102362204724 782.6771653543307 341.73228346456693 44.09448818897638 artistes.»

291.33858267716533 894.488188976378 291.33858267716533 61.41732283464567 4272
474.01574803149606 894.488188976378 692.9133858267717 61.41732283464567 CHOISEUL
1020.4724409448819 894.488188976378 655.1181102362204 61.41732283464567 (Claude

368.503937007874 970.0787401574803 401.5748031496063 62.99212598425197 Gabriel,
669.2913385826772 970.0787401574803 234.64566929133858 62.99212598425197 duc
803.1496062992126 970.0787401574803 201.5748031496063 62.99212598425197 de
903.9370078740158 970.0787401574803 166.9291338582677 62.99212598425197 —
971.6535433070866 970.0787401574803 537.007874015748 62.99212598425197 Stainville),
1373.2283464566929 970.0787401574803 302.3622047244094 62.99212598425197 gouver-

363.7795275590551 1045.6692913385828 291.33858267716533 58.267716535433074 neur
546.4566929133858 1045.6692913385828 218.89763779527559 58.267716535433074 du
655.1181102362204 1045.6692913385828 401.5748031496063 58.267716535433074 Louvre,
946.4566929133858 1045.6692913385828 510.23622047244095 58.267716535433074 1760-1838.
1348.0314960629921 1045.6692913385828 182.6771653543307 58.267716535433074 —
1384.251968503937 1045.6692913385828 291.33858267716533 58.267716535433074 Lettre

368.503937007874 1121.259842519685 206.29921259842519 61.41732283464567 a.
472.4409448818898 1121.259842519685 206.29921259842519 61.41732283464567 8.
574.8031496062993 1121.259842519685 377.9527559055118 61.41732283464567 Perrecy
850.3937007874016 1121.259842519685 721.2598425196851 61.41732283464567 (Saône-et-Loire),
1467.716535433071 1121.259842519685 206.29921259842519 61.41732283464567 s.
1537.007874015748 1121.259842519685 137.00787401574803 61.41732283464567 d.

363.7795275590551 1195.275590551181 187.4015748031496 62.99212598425197 4
439.37007874015745 1195.275590551181 225.1968503937008 62.99212598425197 p.
551.1811023622047 1195.275590551181 337.00787401574803 62.99212598425197 in-8,
776.3779527559055 1195.275590551181 450.3937007874016 62.99212598425197 portrait
1114.9606299212599 1195.275590551181 412.59842519685037 62.99212598425197 ajouté.
1414.1732283464567 1195.275590551181 225.1968503937008 62.99212598425197 40
1489.763779527559 1195.275590551181 187.4015748031496 62.99212598425197 fr.

503.93700787401576 1292.9133858267717 217.3228346456693 53.54330708661417 «Me
628.3464566929134 1292.9133858267717 278.74015748031496 53.54330708661417 voici
814.1732283464567 1292.9133858267717 308.66141732283467 53.54330708661417 établi
1029.9212598425197 1292.9133858267717 247.24409448818898 53.54330708661417 pour
1185.8267716535433 1292.9133858267717 154.33070866141733 53.54330708661417 6
1247.244094488189 1292.9133858267717 247.24409448818898 53.54330708661417 mois
1401.5748031496064 1292.9133858267717 247.24409448818898 53.54330708661417 dans
1525.984251968504 1292.9133858267717 154.33070866141733 53.54330708661417 mon

433.07086614173227 1349.6062992125985 288.18897637795277 53.54330708661417 grand
625.1968503937007 1349.6062992125985 384.251968503937 53.54330708661417 château,
913.3858267716536 1349.6062992125985 288.18897637795277 53.54330708661417 l’air
1105.5118110236222 1349.6062992125985 192.1259842519685 53.54330708661417 de
1201.5748031496064 1349.6062992125985 192.1259842519685 53.54330708661417 la
1297.6377952755906 1349.6062992125985 384.251968503937 53.54330708661417 campagne
1554.3307086614172 1349.6062992125985 127.55905511811024 53.54330708661417 me

436.2204724409449 1406.2992125984251 222.04724409448818 50.39370078740158 fait
574.8031496062993 1406.2992125984251 166.9291338582677 50.39370078740158 du
658.2677165354331 1406.2992125984251 248.8188976377953 50.39370078740158 bien,
825.1968503937007 1406.2992125984251 193.70078740157481 50.39370078740158 mon
935.4330708661417 1406.2992125984251 222.04724409448818 50.39370078740158 fils
1074.015748031496 1406.2992125984251 166.9291338582677 50.39370078740158 se
1157.4803149606298 1406.2992125984251 360.62992125984255 50.39370078740158 fortifie;
1434.6456692913387 1406.2992125984251 166.9291338582677 50.39370078740158 il
1489.763779527559 1406.2992125984251 193.70078740157481 50.39370078740158 monte

428.34645669291336 1461.4173228346456 174.8031496062992 55.118110236220474 à
497.6377952755906 1461.4173228346456 382.6771653543307 55.118110236220474 cheval,
776.3779527559055 1461.4173228346456 209.4488188976378 55.118110236220474 je
880.3149606299213 1461.4173228346456 209.4488188976378 55.118110236220474 me
985.8267716535433 1461.4173228346456 382.6771653543307 55.118110236220474 promène
1264.5669291338584 1461.4173228346456 209.4488188976378 55.118110236220474 en
1333.8582677165355 1461.4173228346456 348.0314960629921 55.118110236220474 calèche;

433.07086614173227 1519.6850393700788 187.4015748031496 53.54330708661417 la
527.5590551181102 1519.6850393700788 218.89763779527559 53.54330708661417 vie
651.9685039370079 1519.6850393700788 187.4015748031496 53.54330708661417 de
746.4566929133858 1519.6850393700788 344.88188976377955 53.54330708661417 château
996.8503937007874 1519.6850393700788 155.90551181102362 53.54330708661417 a
1059.8425196850394 1519.6850393700788 250.39370078740157 53.54330708661417 bien
1215.748031496063 1519.6850393700788 218.89763779527559 53.54330708661417 son
1340.1574803149606 1519.6850393700788 281.8897637795276 53.54330708661417 prix;
1497.6377952755906 1519.6850393700788 187.4015748031496 53.54330708661417 elle

429.9212598425197 1576.3779527559054 237.79527559055117 53.54330708661417 est
566.9291338582677 1576.3779527559054 305.51181102362204 53.54330708661417 douce
770.0787401574803 1576.3779527559054 203.1496062992126 53.54330708661417 et
870.8661417322835 1576.3779527559054 406.2992125984252 53.54330708661417 reposée;
1176.3779527559054 1576.3779527559054 203.1496062992126 53.54330708661417 je
1278.740157480315 1576.3779527559054 338.5826771653543 53.54330708661417 médite
1481.8897637795276 1576.3779527559054 203.1496062992126 53.54330708661417 tout

434.6456692913386 1633.0708661417323 155.90551181102362 53.54330708661417 à
497.6377952755906 1633.0708661417323 218.89763779527559 53.54330708661417 mon
622.0472440944882 1633.0708661417323 250.39370078740157 53.54330708661417 aise
777.9527559055118 1633.0708661417323 250.39370078740157 53.54330708661417 dans
935.4330708661417 1633.0708661417323 281.8897637795276 53.54330708661417 cette
1122.8346456692914 1633.0708661417323 250.39370078740157 53.54330708661417 tour
1278.740157480315 1633.0708661417323 250.39370078740157 53.54330708661417 dont
1434.6456692913387 1633.0708661417323 187.4015748031496 53.54330708661417 je
1497.6377952755906 1633.0708661417323 187.4015748031496 53.54330708661417 vous

437.79527559055117 1689.763779527559 166.9291338582677 55.118110236220474 ai
521.2598425196851 1689.763779527559 277.1653543307087 55.118110236220474 parlé,
714.9606299212599 1689.763779527559 166.9291338582677 55.118110236220474 je
798.4251968503937 1689.763779527559 193.70078740157481 55.118110236220474 lis
908.6614173228346 1689.763779527559 166.9291338582677 55.118110236220474 De
992.1259842519685 1689.763779527559 332.2834645669291 55.118110236220474 Gérando,
1242.5196850393702 1689.763779527559 193.70078740157481 55.118110236220474 qui
1324.4094488188975 1689.763779527559 360.62992125984255 55.118110236220474 m’intéresse

433.07086614173227 1746.4566929133857 262.99212598425197 55.118110236220474 tout
598.4251968503937 1746.4566929133857 198.4251968503937 55.118110236220474 en
696.0629921259842 1746.4566929133857 428.34645669291336 55.118110236220474 convenant
1026.7716535433071 1746.4566929133857 296.06299212598424 55.118110236220474 qu’il
1223.6220472440946 1746.4566929133857 262.99212598425197 55.118110236220474 peut
1355.9055118110236 1746.4566929133857 329.13385826771656 55.118110236220474 paraître

395.2755905511811 1817.3228346456692 434.6456692913386 40.94488188976378 ennuyeux.»

296.06299212598424 1913.3858267716535 277.1653543307087 62.99212598425197 4273
469.29133858267716 1913.3858267716535 658.2677165354331 62.99212598425197 CHOISEUL
988.9763779527559 1913.3858267716535 691.3385826771654 62.99212598425197 (Etienne

373.2283464566929 1988.976377952756 247.24409448818898 62.99212598425197 duc
513.3858267716536 1988.976377952756 283.46456692913387 62.99212598425197 de),
691.3385826771654 1988.976377952756 388.9763779527559 62.99212598425197 célèbre
974.8031496062993 1988.976377952756 318.1102362204724 62.99212598425197 homme
1185.8267716535433 1988.976377952756 354.3307086614173 62.99212598425197 d’Etat
1398.4251968503936 1988.976377952756 283.46456692913387 62.99212598425197 (1719-

377.9527559055118 2064.566929133858 335.43307086614175 62.99212598425197 1785).
612.5984251968504 2064.566929133858 166.9291338582677 62.99212598425197 —
678.7401574803149 2064.566929133858 335.43307086614175 62.99212598425197 Lettre
913.3858267716536 2064.566929133858 201.5748031496063 62.99212598425197 s.
1014.1732283464567 2064.566929133858 201.5748031496063 62.99212598425197 au
1114.9606299212599 2064.566929133858 434.6456692913386 62.99212598425197 Capitaine
1415.748031496063 2064.566929133858 267.7165354330709 62.99212598425197 Desal-

371.65354330708664 2140.1574803149606 363.7795275590551 62.99212598425197 leurs,
626.7716535433071 2140.1574803149606 327.5590551181102 62.99212598425197 1769,
844.0944881889764 2140.1574803149606 255.11811023622047 62.99212598425197 une
988.9763779527559 2140.1574803149606 291.33858267716533 62.99212598425197 page
1171.6535433070867 2140.1574803149606 363.7795275590551 62.99212598425197 in-f°.
1425.1968503937007 2140.1574803149606 218.89763779527559 62.99212598425197 20
1499.2125984251968 2140.1574803149606 181.10236220472441 62.99212598425197 fr.

508.66141732283467 2236.220472440945 269.29133858267716 53.54330708661417 «Sur
675.5905511811023 2236.220472440945 201.5748031496063 53.54330708661417 le
776.3779527559055 2236.220472440945 370.0787401574803 53.54330708661417 compte,
1045.6692913385828 2236.220472440945 437.79527559055117 53.54330708661417 Monsieur,
1382.6771653543308 2236.220472440945 234.64566929133858 53.54330708661417 que
1483.4645669291338 2236.220472440945 201.5748031496063 53.54330708661417 j’ay

439.37007874015745 2292.9133858267714 274.01574803149606 53.54330708661417 rendu
622.0472440944882 2292.9133858267714 182.6771653543307 53.54330708661417 au
711.8110236220473 2292.9133858267714 212.5984251968504 53.54330708661417 Roy
834.6456692913385 2292.9133858267714 182.6771653543307 53.54330708661417 de
924.4094488188977 2292.9133858267714 212.5984251968504 53.54330708661417 vos
1047.244094488189 2292.9133858267714 395.2755905511811 53.54330708661417 services,
1351.1811023622047 2292.9133858267714 182.6771653543307 53.54330708661417 Sa
1411.023622047244 2292.9133858267714 274.01574803149606 53.54330708661417 Majesté

440.9448818897638 2349.6062992125985 152.75590551181102 51.968503937007874 a
500.78740157480314 2349.6062992125985 242.51968503937007 51.968503937007874 bien
653.5433070866142 2349.6062992125985 274.01574803149606 51.968503937007874 voulu
836.2204724409448 2349.6062992125985 242.51968503937007 51.968503937007874 vous
987.4015748031496 2349.6062992125985 365.3543307086614 51.968503937007874 destiner
1261.4173228346456 2349.6062992125985 152.75590551181102 51.968503937007874 à
1321.259842519685 2349.6062992125985 182.6771653543307 51.968503937007874 la
1382.6771653543308 2349.6062992125985 303.93700787401576 51.968503937007874 Majorité

439.37007874015745 2406.299212598425 184.251968503937 44.09448818897638 du
532.2834645669292 2406.299212598425 400.0 44.09448818897638 Bataillon
840.9448818897638 2406.299212598425 184.251968503937 44.09448818897638 de
932.2834645669292 2406.299212598425 307.0866141732283 44.09448818897638 Milice
1148.0314960629921 2406.299212598425 184.251968503937 44.09448818897638 de
1209.4488188976377 2406.299212598425 338.5826771653543 44.09448818897638 Lille...»

302.3622047244094 2503.9370078740158 269.29133858267716 75.59055118110236 4274
470.86614173228344 2503.9370078740158 674.0157480314961 75.59055118110236 CHRISTINÉ
1042.5196850393702 2503.9370078740158 404.7244094488189 75.59055118110236 (Henri),
1344.8818897637796 2503.9370078740158 337.00787401574803 75.59055118110236 auteur
1548.0314960629921 2503.9370078740158 135.43307086614172 75.59055118110236 de

384.251968503937 2590.551181102362 377.9527559055118 62.99212598425197 l’opérette
681.8897637795276 2590.551181102362 513.3858267716536 62.99212598425197 Phi-Phi.
1113.3858267716535 2590.551181102362 135.43307086614172 62.99212598425197 —
1168.5039370078741 2590.551181102362 162.20472440944883 62.99212598425197 L.
1248.8188976377953 2590.551181102362 162.20472440944883 62.99212598425197 a.
1330.708661417323 2590.551181102362 162.20472440944883 62.99212598425197 s.
1411.023622047244 2590.551181102362 135.43307086614172 62.99212598425197 à
1466.1417322834645 2590.551181102362 162.20472440944883 62.99212598425197 un
1519.6850393700788 2590.551181102362 162.20472440944883 62.99212598425197 ami,

377.9527559055118 2666.1417322834645 318.1102362204724 66.14173228346456 1923,
588.9763779527559 2666.1417322834645 212.5984251968504 66.14173228346456 2.
696.0629921259842 2666.1417322834645 176.3779527559055 66.14173228346456 p
765.3543307086615 2666.1417322834645 318.1102362204724 66.14173228346456 in-8;
977.9527559055118 2666.1417322834645 423.62204724409446 66.14173228346456 en-tête:
1296.0629921259842 2666.1417322834645 318.1102362204724 66.14173228346456 Villa
1472.4409448818897 2666.1417322834645 212.5984251968504 66.14173228346456 Phi-

299.21259842519686 2741.732283464567 922.8346456692914 48.818897637795274 Phi.
875.5905511811023 2741.732283464567 692.9133858267717 48.818897637795274 30
1107.0866141732283 2741.732283464567 576.3779527559055 48.818897637795274 fr.

511.81102362204723 2839.3700787401576 222.04724409448818 55.118110236220474 «Je
637.7952755905512 2839.3700787401576 412.59842519685037 55.118110236220474 travaille
955.9055118110236 2839.3700787401576 222.04724409448818 55.118110236220474 dur
1083.4645669291338 2839.3700787401576 159.0551181102362 55.118110236220474 à
1146.4566929133857 2839.3700787401576 222.04724409448818 55.118110236220474 une
1274.015748031496 2839.3700787401576 381.1023622047244 55.118110236220474 opérette
1527.5590551181103 2839.3700787401576 159.0551181102362 55.118110236220474 qui

439.37007874015745 2896.0629921259842 269.29133858267716 55.118110236220474 doit
607.8740157480315 2896.0629921259842 337.00787401574803 55.118110236220474 passer
844.0944881889764 2896.0629921259842 203.1496062992126 55.118110236220474 au
944.8818897637796 2896.0629921259842 337.00787401574803 55.118110236220474 Daunou
1181.1023622047244 2896.0629921259842 203.1496062992126 55.118110236220474 et
1281.8897637795276 2896.0629921259842 404.7244094488189 55.118110236220474 j’occupe
1551.1811023622047 2896.0629921259842 135.43307086614172 55.118110236220474 ma

444.09448818897636 2952.755905511811 451.9685039370079 55.118110236220474 villégiature
811.0236220472441 2952.755905511811 141.73228346456693 55.118110236220474 à
867.7165354330708 2952.755905511811 255.11811023622047 55.118110236220474 faire
1037.7952755905512 2952.755905511811 170.07874015748033 55.118110236220474 la
1122.8346456692914 2952.755905511811 283.46456692913387 55.118110236220474 traite
1321.259842519685 2952.755905511811 198.4251968503937 55.118110236220474 des
1404.724409448819 2952.755905511811 283.46456692913387 55.118110236220474 blanches

442.5196850393701 3009.448818897638 288.18897637795277 44.09448818897638 et...
633.0708661417323 3009.448818897638 223.6220472440945 44.09448818897638 des
762.2047244094488 3009.448818897638 351.18110236220474 44.09448818897638 doubles
1017.3228346456693 3009.448818897638 382.6771653543307 44.09448818897638 croches.
1305.5118110236222 3009.448818897638 192.1259842519685 44.09448818897638 Je
1400.0 3009.448818897638 288.18897637795277 44.09448818897638 tente
1560.6299212598426 3009.448818897638 127.55905511811024 44.09448818897638 de

442.5196850393701 3066.1417322834645 311.81102362204723 53.54330708661417 mettre
661.4173228346457 3066.1417322834645 187.4015748031496 53.54330708661417 de
754.3307086614174 3066.1417322834645 187.4015748031496 53.54330708661417 la
847.2440944881889 3066.1417322834645 341.73228346456693 53.54330708661417 musique
1096.0629921259842 3066.1417322834645 217.3228346456693 53.54330708661417 sur
1220.4724409448818 3066.1417322834645 187.4015748031496 53.54330708661417 un
1314.9606299212599 3066.1417322834645 311.81102362204723 53.54330708661417 livret
1500.7874015748032 3066.1417322834645 187.4015748031496 53.54330708661417 sans

440.9448818897638 3124.4094488188975 359.0551181102362 50.39370078740158 chœurs,
702.3622047244095 3124.4094488188975 261.4173228346457 50.39370078740158 sans
864.5669291338583 3124.4094488188975 390.5511811023622 50.39370078740158 danses,»
1125.984251968504 3124.4094488188975 195.2755905511811 50.39370078740158 etc.

307.0866141732283 3223.6220472440946 245.66929133858267 70.86614173228347 4275
459.84251968503935 3223.6220472440946 522.8346456692914 70.86614173228347 CICÉRI
889.7637795275591 3223.6220472440946 215.748031496063 70.86614173228347 (P.
1012.5984251968504 3223.6220472440946 184.251968503937 70.86614173228347 L.
1105.5118110236222 3223.6220472440946 245.66929133858267 70.86614173228347 C.),
1258.267716535433 3223.6220472440946 338.5826771653543 70.86614173228347 célèbre
1474.015748031496 3223.6220472440946 215.748031496063 70.86614173228347 pein

376.37795275590554 3307.0866141732286 247.24409448818898 51.968503937007874 tre
516.5354330708661 3307.0866141732286 530.7086614173228 51.968503937007874 décorateur.
941.7322834645669 3307.0866141732286 176.3779527559055 51.968503937007874 —
1012.5984251968504 3307.0866141732286 212.5984251968504 51.968503937007874 L.
1118.1102362204724 3307.0866141732286 212.5984251968504 51.968503937007874 s.
1225.1968503937007 3307.0866141732286 176.3779527559055 51.968503937007874 à
1296.0629921259842 3307.0866141732286 212.5984251968504 51.968503937007874 M.
1366.9291338582677 3307.0866141732286 318.1102362204724 51.968503937007874 Sauvan.

359.0551181102362 3382.6771653543306 497.6377952755906 62.99212598425197 1823,
691.3385826771654 3382.6771653543306 277.1653543307087 62.99212598425197 1
801.5748031496063 3382.6771653543306 332.2834645669291 62.99212598425197 p.
966.9291338582677 3382.6771653543306 497.6377952755906 62.99212598425197 in-4.
1299.2125984251968 3382.6771653543306 332.2834645669291 62.99212598425197 10
1409.4488188976377 3382.6771653543306 277.1653543307087 62.99212598425197 fr.

518.1102362204724 3480.314960629921 184.251968503937 51.968503937007874 Il
611.0236220472441 3480.314960629921 277.1653543307087 51.968503937007874 donne
796.8503937007874 3480.314960629921 184.251968503937 51.968503937007874 la
888.1889763779527 3480.314960629921 462.99212598425197 51.968503937007874 description
1258.267716535433 3480.314960629921 277.1653543307087 51.968503937007874 d’une
1412.5984251968505 3480.314960629921 277.1653543307087 51.968503937007874 décora-

442.5196850393701 3537.0078740157483 248.8188976377953 55.118110236220474 tion
598.4251968503937 3537.0078740157483 217.3228346456693 55.118110236220474 qui
722.8346456692914 3537.0078740157483 436.2204724409449 55.118110236220474 représente
1066.1417322834645 3537.0078740157483 187.4015748031496 55.118110236220474 la
1159.0551181102362 3537.0078740157483 280.31496062992125 55.118110236220474 ville
1346.4566929133857 3537.0078740157483 187.4015748031496 55.118110236220474 de
1407.8740157480315 3537.0078740157483 280.31496062992125 55.118110236220474 Tolède.

303.93700787401576 3647.244094488189 283.46456692913387 61.41732283464567 4276
481.8897637795276 3647.244094488189 744.8818897637796 61.41732283464567 CLÉMENCEAU
1121.259842519685 3647.244094488189 496.06299212598424 61.41732283464567 (Georges),
1475.5905511811025 3647.244094488189 212.5984251968504 61.41732283464567 hom

379.5275590551181 3722.834645669291 217.3228346456693 62.99212598425197 me
488.18897637795277 3722.834645669291 508.66141732283467 62.99212598425197 politique.
888.1889763779527 3722.834645669291 181.10236220472441 62.99212598425197 —
960.6299212598425 3722.834645669291 363.7795275590551 62.99212598425197 Lettre
1214.1732283464567 3722.834645669291 217.3228346456693 62.99212598425197 a.
1322.8346456692914 3722.834645669291 217.3228346456693 62.99212598425197 s.
1396.8503937007874 3722.834645669291 289.76377952755905 62.99212598425197 Paris,

382.6771653543307 3796.850393700787 300.78740157480314 62.99212598425197 1909,
582.6771653543307 3796.850393700787 166.9291338582677 62.99212598425197 2
650.3937007874016 3796.850393700787 201.5748031496063 62.99212598425197 p.
751.1811023622047 3796.850393700787 335.43307086614175 62.99212598425197 in-12,
984.2519685039371 3796.850393700787 234.64566929133858 62.99212598425197 sur
1119.6850393700788 3796.850393700787 335.43307086614175 62.99212598425197 papier
1352.755905511811 3796.850393700787 166.9291338582677 62.99212598425197 à
1387.4015748031495 3796.850393700787 300.78740157480314 62.99212598425197 en

335.43307086614175 3872.4409448818897 477.1653543307087 50.39370078740158 du
573.2283464566929 3872.4409448818897 793.7007874015748 50.39370078740158 Sénat.
1129.1338582677165 3872.4409448818897 477.1653543307087 50.39370078740158 40
1288.1889763779527 3872.4409448818897 396.8503937007874 50.39370078740158 fr.

510.23622047244095 3968.503937007874 278.74015748031496 53.54330708661417 Belle
696.0629921259842 3968.503937007874 340.15748031496065 53.54330708661417 lettre.
944.8818897637796 3968.503937007874 217.3228346456693 53.54330708661417 «Il
1067.716535433071 3968.503937007874 217.3228346456693 53.54330708661417 n’y
1192.1259842519685 3968.503937007874 154.33070866141733 53.54330708661417 a
1255.1181102362204 3968.503937007874 217.3228346456693 53.54330708661417 pas
1377.9527559055118 3968.503937007874 310.23622047244095 53.54330708661417 encore
1563.7795275590552 3968.503937007874 124.40944881889764 53.54330708661417 un

447.244094488189 4025.196850393701 242.51968503937007 55.118110236220474 mois
598.4251968503937 4025.196850393701 212.5984251968504 55.118110236220474 que
719.6850393700787 4025.196850393701 242.51968503937007 55.118110236220474 j’ai
870.8661417322835 4025.196850393701 181.10236220472441 55.118110236220474 eu
962.2047244094488 4025.196850393701 181.10236220472441 55.118110236220474 la
1051.9685039370079 4025.196850393701 332.2834645669291 55.118110236220474 douleur
1294.4881889763778 4025.196850393701 181.10236220472441 55.118110236220474 de
1385.8267716535433 4025.196850393701 302.3622047244094 55.118110236220474 perdre
1566.9291338582677 4025.196850393701 121.25984251968504 55.118110236220474 ma

447.244094488189 4081.8897637795276 253.54330708661416 51.968503937007874 mère.
617.3228346456693 4081.8897637795276 225.1968503937008 51.968503937007874 Pour
757.4803149606299 4081.8897637795276 253.54330708661416 51.968503937007874 cette
927.5590551181102 4081.8897637795276 281.8897637795276 51.968503937007874 raison
1124.4094488188975 4081.8897637795276 170.07874015748033 51.968503937007874 il
1209.4488188976377 4081.8897637795276 253.54330708661416 51.968503937007874 m’est
1351.1811023622047 4081.8897637795276 338.5826771653543 51.968503937007874 impossible

440.9448818897638 4138.582677165355 163.7795275590551 53.54330708661417 à
507.0866141732283 4138.582677165355 229.92125984251967 53.54330708661417 mon
637.7952755905512 4138.582677165355 262.99212598425197 53.54330708661417 très
803.1496062992126 4138.582677165355 296.06299212598424 53.54330708661417 grand
1000.0 4138.582677165355 362.20472440944883 53.54330708661417 regret,
1262.992125984252 4138.582677165355 196.8503937007874 53.54330708661417 de
1362.2047244094488 4138.582677165355 196.8503937007874 53.54330708661417 me
1428.3464566929133 4138.582677165355 262.99212598425197 53.54330708661417 rendre

444.09448818897636 4193.700787401574 192.1259842519685 56.69291338582677 au
540.1574803149606 4193.700787401574 351.18110236220474 56.69291338582677 banquet
795.2755905511812 4193.700787401574 319.68503937007875 56.69291338582677 Octave
1018.8976377952756 4193.700787401574 384.251968503937 56.69291338582677 Mirbeau,
1307.0866141732283 4193.700787401574 288.18897637795277 56.69291338582677 comme
1467.716535433071 4193.700787401574 223.6220472440945 56.69291338582677 j’au-

447.244094488189 4250.393700787402 231.49606299212599 51.968503937007874 rais
592.1259842519685 4250.393700787402 203.1496062992126 51.968503937007874 été
707.0866141732283 4250.393700787402 231.49606299212599 51.968503937007874 très
851.9685039370079 4250.393700787402 318.1102362204724 51.968503937007874 heureux
1083.4645669291338 4250.393700787402 173.22834645669292 51.968503937007874 de
1170.0787401574803 4250.393700787402 173.22834645669292 51.968503937007874 le
1256.6929133858268 4250.393700787402 259.84251968503935 51.968503937007874 faire
1431.4960629921259 4250.393700787402 231.49606299212599 51.968503937007874 pour
1546.4566929133857 4250.393700787402 144.88188976377953 51.968503937007874 té-

442.5196850393701 4307.086614173229 381.1023622047244 53.54330708661417 moigner
719.6850393700787 4307.086614173229 450.3937007874016 53.54330708661417 hautement
1066.1417322834645 4307.086614173229 207.8740157480315 53.54330708661417 de
1171.6535433070867 4307.086614173229 242.51968503937007 53.54330708661417 mes
1275.5905511811025 4307.086614173229 415.748031496063 53.54330708661417 sentiments

447.244094488189 4363.779527559055 491.33858267716533 44.09448818897638 d’admiration
845.6692913385826 4363.779527559055 184.251968503937 44.09448818897638 et
907.0866141732283 4363.779527559055 337.00787401574803 44.09448818897638 d’amitié.

300.78740157480314 4462.992125984252 318.1102362204724 59.84251968503937 4277
499.21259842519686 4462.992125984252 557.4803149606299 59.84251968503937 COLLÈGE
937.007874015748 4462.992125984252 239.37007874015748 59.84251968503937 DE
1017.3228346456693 4462.992125984252 516.5354330708661 59.84251968503937 FRANCE.

381.1023622047244 4543.307086614173 412.59842519685037 66.14173228346456 Pétition
691.3385826771654 4543.307086614173 240.9448818897638 66.14173228346456 des
828.3464566929134 4543.307086614173 516.5354330708661 66.14173228346456 professeurs
1240.9448818897638 4543.307086614173 206.29921259842519 66.14173228346456 au
1310.236220472441 4543.307086614173 377.9527559055118 66.14173228346456 ministère

377.9527559055118 4618.897637795276 212.5984251968504 51.968503937007874 de
483.46456692913387 4618.897637795276 532.2834645669292 51.968503937007874 l’Intérieur
908.6614173228346 4618.897637795276 212.5984251968504 51.968503937007874 en
1015.7480314960629 4618.897637795276 354.3307086614173 51.968503937007874 faveur
1262.992125984252 4618.897637795276 212.5984251968504 51.968503937007874 de
1370.0787401574803 4618.897637795276 212.5984251968504 51.968503937007874 la
1440.9448818897638 4618.897637795276 248.8188976377953 51.968503937007874 veuve

384.251968503937 4694.488188976378 170.07874015748033 64.56692913385827 de
469.29133858267716 4694.488188976378 226.77165354330708 64.56692913385827 leur
611.0236220472441 4694.488188976378 340.15748031496065 64.56692913385827 collègue
866.1417322834645 4694.488188976378 481.8897637795276 64.56692913385827 Dupuy,
1262.992125984252 4694.488188976378 255.11811023622047 64.56692913385827 1811,
1433.0708661417323 4694.488188976378 198.4251968503937 64.56692913385827 une
1518.1102362204724 4694.488188976378 170.07874015748033 64.56692913385827 page

318.1102362204724 4766.929133858268 977.9527559055118 53.54330708661417 in-f°.
1001.5748031496063 4766.929133858268 585.8267716535433 53.54330708661417 25
1198.4251968503936 4766.929133858268 488.18897637795277 53.54330708661417 fr.

1962.2047244094488 330.70866141732284 466.1417322834646 55.118110236220474 Signatures
2327.5590551181103 330.70866141732284 499.21259842519686 55.118110236220474 autographes
2727.5590551181103 330.70866141732284 200.0 55.118110236220474 de
2795.2755905511813 330.70866141732284 332.2834645669291 55.118110236220474 Lefèvre-

1894.4881889763778 387.40157480314963 366.92913385826773 53.54330708661417 Gineau,
2160.6299212598424 387.40157480314963 499.21259842519686 53.54330708661417 Bosquillon,
2560.6299212598424 387.40157480314963 366.92913385826773 53.54330708661417 Portal,
2793.700787401575 387.40157480314963 332.2834645669291 53.54330708661417 Caussin,

1892.9133858267717 444.09448818897636 357.4803149606299 48.818897637795274 Cuvier,
2152.755905511811 444.09448818897636 422.0472440944882 48.818897637795274 Cournand,
2478.740157480315 444.09448818897636 388.9763779527559 48.818897637795274 Guérout,
2770.0787401574803 444.09448818897636 292.9133858267717 48.818897637795274 Baron
2932.283464566929 444.09448818897636 195.2755905511811 48.818897637795274 Thé-

1894.4881889763778 500.78740157480314 285.03937007874015 53.54330708661417 nard,
2083.464566929134 500.78740157480314 411.0236220472441 53.54330708661417 Pastorel,
2400.0 500.78740157480314 411.0236220472441 53.54330708661417 Levesque,
2716.535433070866 500.78740157480314 348.0314960629921 53.54330708661417 Audran,
2938.582677165354 500.78740157480314 188.9763779527559 53.54330708661417 Sil-

1892.9133858267717 557.4803149606299 340.15748031496065 53.54330708661417 vestre
2132.283464566929 557.4803149606299 204.7244094488189 53.54330708661417 de
2233.0708661417325 557.4803149606299 305.51181102362204 53.54330708661417 Sacy,
2403.149606299213 557.4803149606299 374.8031496062992 53.54330708661417 Delambre.

1751.1811023622047 666.1417322834645 314.96062992125985 50.39370078740158 4278
1948.0314960629921 666.1417322834645 590.5511811023622 50.39370078740158 COLONIES
2420.472440944882 666.1417322834645 748.0314960629921 50.39370078740158 FRANÇAISES.
3011.0236220472443 666.1417322834645 118.11023622047244 50.39370078740158 —

1834.6456692913387 741.7322834645669 291.33858267716533 64.56692913385827 Pièce
2029.9212598425197 741.7322834645669 420.4724409448819 64.56692913385827 provenant
2352.755905511811 741.7322834645669 193.70078740157481 64.56692913385827 de
2448.818897637795 741.7322834645669 420.4724409448819 64.56692913385827 l’hôpital
2771.6535433070867 741.7322834645669 193.70078740157481 64.56692913385827 de
2836.220472440945 741.7322834645669 291.33858267716533 64.56692913385827 Tabago,

1839.3700787401574 815.7480314960629 360.62992125984255 66.14173228346456 «Isle
2108.6614173228345 815.7480314960629 179.5275590551181 66.14173228346456 du
2200.0 815.7480314960629 239.37007874015748 66.14173228346456 vent
2349.6062992125985 815.7480314960629 179.5275590551181 66.14173228346456 de
2439.3700787401576 815.7480314960629 600.0 66.14173228346456 l’Amérique»,
2919.685039370079 815.7480314960629 209.4488188976378 66.14173228346456 année

1837.7952755905512 891.3385826771654 297.6377952755906 64.56692913385827 1789,
2036.2204724409448 891.3385826771654 165.35433070866142 64.56692913385827 2
2102.3622047244094 891.3385826771654 198.4251968503937 64.56692913385827 p.
2201.5748031496064 891.3385826771654 297.6377952755906 64.56692913385827 in-f°
2400.0 891.3385826771654 231.49606299212599 64.56692913385827 sur
2533.8582677165355 891.3385826771654 363.7795275590551 64.56692913385827 formule
2765.3543307086616 891.3385826771654 363.7795275590551 64.56692913385827 imprimée,

1822.0472440944882 966.9291338582677 450.3937007874016 62.99212598425197 cachet
2138.582677165354 966.9291338582677 270.86614173228344 62.99212598425197 de
2272.4409448818897 966.9291338582677 360.62992125984255 62.99212598425197 cire
2499.212598425197 966.9291338582677 450.3937007874016 62.99212598425197 rouge.
2814.1732283464567 966.9291338582677 270.86614173228344 62.99212598425197 20
2903.9370078740158 966.9291338582677 225.1968503937008 62.99212598425197 fr.

1965.3543307086613 1064.5669291338584 480.31496062992125 44.09448818897638 Certificat
2343.3070866141734 1064.5669291338584 206.29921259842519 44.09448818897638 de
2447.244094488189 1064.5669291338584 308.66141732283467 44.09448818897638 décès
2653.5433070866143 1064.5669291338584 206.29921259842519 44.09448818897638 du
2755.9055118110236 1064.5669291338584 377.9527559055118 44.09448818897638 vicomte
2996.850393700787 1064.5669291338584 137.00787401574803 44.09448818897638 de

1900.7874015748032 1121.259842519685 431.496062992126 51.968503937007874 Traversay,
2240.9448818897636 1121.259842519685 277.1653543307087 51.968503937007874 signé
2425.196850393701 1121.259842519685 184.251968503937 51.968503937007874 de
2518.1102362204724 1121.259842519685 431.496062992126 51.968503937007874 l’aumônier
2825.196850393701 1121.259842519685 308.66141732283467 51.968503937007874 O’Lough-

1907.0866141732283 1176.3779527559054 233.0708661417323 48.818897637795274 lin;
2053.5433070866143 1176.3779527559054 174.8031496062992 48.818897637795274 de
2141.732283464567 1176.3779527559054 407.87401574803147 48.818897637795274 l’officier
2461.417322834646 1176.3779527559054 612.5984251968504 48.818897637795274 d’administration,
2957.48031496063 1176.3779527559054 174.8031496062992 48.818897637795274 etc.

1899.2125984251968 1233.0708661417323 376.37795275590554 53.54330708661417 Tabago,
2173.228346456693 1233.0708661417323 239.37007874015748 53.54330708661417 une
2310.236220472441 1233.0708661417323 239.37007874015748 53.54330708661417 des
2448.818897637795 1233.0708661417323 411.0236220472441 53.54330708661417 Antilles
2722.834645669291 1233.0708661417323 411.0236220472441 53.54330708661417 Anglaises,

1903.9370078740158 1288.1889763779527 445.6692913385827 55.118110236220474 appartenait
2261.417322834646 1288.1889763779527 267.7165354330709 55.118110236220474 alors
2439.3700787401576 1288.1889763779527 148.03149606299212 55.118110236220474 à
2497.6377952755906 1288.1889763779527 177.95275590551182 55.118110236220474 la
2557.48031496063 1288.1889763779527 267.7165354330709 55.118110236220474 France.

1759.0551181102362 1388.976377952756 322.8346456692913 59.84251968503937 4279
1960.6299212598426 1388.976377952756 644.0944881889764 59.84251968503937 COMPAGNIE
2485.0393700787404 1388.976377952756 240.9448818897638 59.84251968503937 DU
2565.3543307086616 1388.976377952756 563.7795275590552 59.84251968503937 SÉNÉGAL.

1834.6456692913387 1474.015748031496 171.6535433070866 62.99212598425197 —
1903.9370078740158 1474.015748031496 341.73228346456693 62.99212598425197 Lettre
2143.3070866141734 1474.015748031496 341.73228346456693 62.99212598425197 signée
2382.6771653543306 1474.015748031496 239.37007874015748 62.99212598425197 des
2518.1102362204724 1474.015748031496 648.8188976377953 62.99212598425197 administrateurs
3031.496062992126 1474.015748031496 102.36220472440945 62.99212598425197 à

1844.0944881889764 1548.0314960629921 188.9763779527559 64.56692913385827 M.
1938.5826771653544 1548.0314960629921 188.9763779527559 64.56692913385827 de
2033.0708661417323 1548.0314960629921 346.45669291338584 64.56692913385827 Viales,
2285.0393700787404 1548.0314960629921 409.4488188976378 64.56692913385827 directeur
2600.0 1548.0314960629921 346.45669291338584 64.56692913385827 général
2851.968503937008 1548.0314960629921 157.48031496062993 64.56692913385827 à
2914.9606299212596 1548.0314960629921 188.9763779527559 64.56692913385827 la
2977.952755905512 1548.0314960629921 157.48031496062993 64.56692913385827 Ro-

1844.0944881889764 1625.1968503937007 329.13385826771656 62.99212598425197 chelle,
2083.464566929134 1625.1968503937007 299.21259842519686 62.99212598425197 Paris,
2292.9133858267714 1625.1968503937007 269.29133858267716 62.99212598425197 1701,
2472.4409448818897 1625.1968503937007 209.4488188976378 62.99212598425197 une
2593.700787401575 1625.1968503937007 239.37007874015748 62.99212598425197 page
2743.3070866141734 1625.1968503937007 269.29133858267716 62.99212598425197 in-4.
2922.834645669291 1625.1968503937007 179.5275590551181 62.99212598425197 25
2982.6771653543306 1625.1968503937007 149.60629921259843 62.99212598425197 fr.

1977.9527559055118 1721.259842519685 322.8346456692913 44.09448818897638 Curieuse
2220.472440944882 1721.259842519685 269.29133858267716 44.09448818897638 lettre
2407.8740157480315 1721.259842519685 322.8346456692913 44.09448818897638 relative
2650.3937007874015 1721.259842519685 133.85826771653544 44.09448818897638 à
2703.9370078740158 1721.259842519685 188.9763779527559 44.09448818897638 une
2785.8267716535433 1721.259842519685 349.6062992125984 44.09448818897638 Com

1911.8110236220473 1777.9527559055118 324.40944881889766 55.118110236220474 pagnie
2162.2047244094488 1777.9527559055118 149.60629921259843 55.118110236220474 du
2237.7952755905512 1777.9527559055118 400.0 55.118110236220474 Sénégal,
2562.2047244094488 1777.9527559055118 250.39370078740157 55.118110236220474 fondée
2737.0078740157483 1777.9527559055118 124.40944881889764 55.118110236220474 à
2762.2047244094488 1777.9527559055118 374.8031496062992 55.118110236220474 l’instigation

1900.7874015748032 1834.6456692913387 212.5984251968504 53.54330708661417 de
2006.2992125984251 1834.6456692913387 212.5984251968504 53.54330708661417 la
2111.8110236220473 1834.6456692913387 388.9763779527559 53.54330708661417 fameuse
2395.2755905511813 1834.6456692913387 459.84251968503935 53.54330708661417 Compagnie
2748.031496062992 1834.6456692913387 247.24409448818898 53.54330708661417 des
2853.5433070866143 1834.6456692913387 283.46456692913387 53.54330708661417 Indes.

1907.0866141732283 1889.763779527559 226.77165354330708 55.118110236220474 «La
2037.7952755905512 1889.763779527559 422.0472440944882 55.118110236220474 Compagnie
2362.2047244094488 1889.763779527559 291.33858267716533 55.118110236220474 ayant
2555.9055118110236 1889.763779527559 195.2755905511811 55.118110236220474 eu
2653.5433070866143 1889.763779527559 259.84251968503935 55.118110236220474 avis
2815.748031496063 1889.763779527559 291.33858267716533 55.118110236220474 qu’il
2977.952755905512 1889.763779527559 162.20472440944883 55.118110236220474 de-

1905.5118110236222 1948.0314960629921 245.66929133858267 53.54330708661417 vait
2059.8425196850394 1948.0314960629921 338.5826771653543 53.54330708661417 arriver
2305.511811023622 1948.0314960629921 400.0 53.54330708661417 plusieurs
2614.1732283464567 1948.0314960629921 400.0 53.54330708661417 vaisseaux
2891.3385826771655 1948.0314960629921 245.66929133858267 53.54330708661417 venant

1907.0866141732283 2003.1496062992126 184.251968503937 55.118110236220474 du
2000.0 2003.1496062992126 338.5826771653543 55.118110236220474 Sénégal
2245.6692913385828 2003.1496062992126 184.251968503937 55.118110236220474 et
2338.582677165354 2003.1496062992126 277.1653543307087 55.118110236220474 Coste
2522.834645669291 2003.1496062992126 431.496062992126 55.118110236220474 d’Affrique
2831.496062992126 2003.1496062992126 307.0866141732283 55.118110236220474 apparte-

1907.0866141732283 2058.267716535433 240.9448818897638 55.118110236220474 nant
2056.6929133858266 2058.267716535433 149.60629921259843 55.118110236220474 à
2116.535433070866 2058.267716535433 270.86614173228344 55.118110236220474 cette
2297.6377952755906 2058.267716535433 420.4724409448819 55.118110236220474 compagnie,
2628.3464566929133 2058.267716535433 240.9448818897638 55.118110236220474 dans
2777.952755905512 2058.267716535433 360.62992125984255 55.118110236220474 lesquels
3018.8976377952754 2058.267716535433 119.68503937007874 55.118110236220474 il

1903.9370078740158 2116.535433070866 162.20472440944883 55.118110236220474 y
1970.0787401574803 2116.535433070866 162.20472440944883 55.118110236220474 a
2034.6456692913387 2116.535433070866 422.0472440944882 55.118110236220474 plusieurs
2359.0551181102364 2116.535433070866 519.6850393700787 55.118110236220474 marchandises
2782.6771653543306 2116.535433070866 195.2755905511811 55.118110236220474 de
2847.244094488189 2116.535433070866 292.9133858267717 55.118110236220474 contre-

1903.9370078740158 2173.228346456693 324.40944881889766 53.54330708661417 bande,
2132.283464566929 2173.228346456693 259.84251968503935 53.54330708661417 elle
2294.488188976378 2173.228346456693 259.84251968503935 53.54330708661417 vous
2456.6929133858266 2173.228346456693 259.84251968503935 53.54330708661417 prie
2618.8976377952754 2173.228346456693 195.2755905511811 53.54330708661417 de
2716.535433070866 2173.228346456693 324.40944881889766 53.54330708661417 donner
2911.8110236220473 2173.228346456693 226.77165354330708 53.54330708661417 ordre

1903.9370078740158 2226.771653543307 222.04724409448818 56.69291338582677 aux
2029.9212598425197 2226.771653543307 444.09448818897636 56.69291338582677 brigadiers
2379.527559055118 2226.771653543307 381.1023622047244 56.69291338582677 d’entrer
2664.566929133858 2226.771653543307 253.54330708661416 56.69291338582677 dans
2823.6220472440946 2226.771653543307 222.04724409448818 56.69291338582677 ces
2918.1102362204724 2226.771653543307 222.04724409448818 56.69291338582677 vais-

1908.6614173228347 2286.6141732283463 258.26771653543307 51.968503937007874 seaux
2080.314960629921 2286.6141732283463 171.6535433070866 51.968503937007874 et
2165.3543307086616 2286.6141732283463 171.6535433070866 51.968503937007874 de
2251.968503937008 2286.6141732283463 228.3464566929134 51.968503937007874 n’en
2395.2755905511813 2286.6141732283463 314.96062992125985 51.968503937007874 laisser
2623.6220472440946 2286.6141732283463 286.61417322834643 51.968503937007874 sortir
2795.2755905511813 2286.6141732283463 343.3070866141732 51.968503937007874 personne.»

1776.3779527559054 2387.4015748031497 278.74015748031496 69.29133858267717 1280
1951.1811023622047 2387.4015748031497 697.6377952755905 69.29133858267717 COMPIÈGNE
2543.3070866141734 2387.4015748031497 418.8976377952756 69.29133858267717 (Journal
2858.267716535433 2387.4015748031497 209.4488188976378 69.29133858267717 du
2927.5590551181103 2387.4015748031497 209.4488188976378 69.29133858267717 Camp

1839.3700787401574 2467.716535433071 251.96850393700788 67.71653543307086 de)
1984.251968503937 2467.716535433071 215.748031496063 67.71653543307086 en
2091.3385826771655 2467.716535433071 324.40944881889766 67.71653543307086 1739.
2307.0866141732286 2467.716535433071 179.5275590551181 67.71653543307086 —
2379.527559055118 2467.716535433071 467.7165354330709 67.71653543307086 Manuscrit
2740.1574803149606 2467.716535433071 395.2755905511811 67.71653543307086 anonyme
2992.1259842519685 2467.716535433071 143.30708661417322 67.71653543307086 du

1842.5196850393702 2543.3070866141734 322.8346456692913 64.56692913385827 XVIIIe
2069.2913385826773 2543.3070866141734 355.90551181102364 64.56692913385827 siècle,
2329.1338582677167 2543.3070866141734 193.70078740157481 64.56692913385827 55
2425.196850393701 2543.3070866141734 193.70078740157481 64.56692913385827 p.
2522.834645669291 2543.3070866141734 355.90551181102364 64.56692913385827 in-fol.
2781.1023622047246 2543.3070866141734 291.33858267716533 64.56692913385827 d’une
2943.3070866141734 2543.3070866141734 193.70078740157481 64.56692913385827 très

1842.5196850393702 2618.8976377952754 291.33858267716533 62.99212598425197 belle
2037.7952755905512 2618.8976377952754 420.4724409448819 62.99212598425197 écriture,
2360.6299212598424 2618.8976377952754 258.26771653543307 62.99212598425197 avec
2521.259842519685 2618.8976377952754 162.20472440944883 62.99212598425197 8
2585.8267716535433 2618.8976377952754 355.90551181102364 62.99212598425197 grandes
2812.5984251968503 2618.8976377952754 322.8346456692913 62.99212598425197 planches

1840.9448818897638 2694.488188976378 442.5196850393701 67.71653543307086 pliantes,
2182.6771653543306 2694.488188976378 272.4409448818898 67.71653543307086 dont
2352.755905511811 2694.488188976378 239.37007874015748 67.71653543307086 une
2489.763779527559 2694.488188976378 374.8031496062992 67.71653543307086 gravée,
2762.2047244094488 2694.488188976378 239.37007874015748 67.71653543307086 les
2864.566929133858 2694.488188976378 272.4409448818898 67.71653543307086 autres

1842.5196850393702 2766.9291338582675 455.11811023622045 64.56692913385827 exécutées
2192.1259842519685 2766.9291338582675 209.4488188976378 64.56692913385827 au
2297.6377952755906 2766.9291338582675 314.96062992125985 64.56692913385827 lavis
2507.0866141732286 2766.9291338582675 209.4488188976378 64.56692913385827 et
2612.5984251968503 2766.9291338582675 174.8031496062992 64.56692913385827 à
2647.244094488189 2766.9291338582675 489.76377952755905 64.56692913385827 l’aquarelle;

1803.1496062992126 2842.51968503937 962.2047244094488 56.69291338582677 cartonné.
2543.3070866141734 2842.51968503937 518.1102362204724 56.69291338582677 100
2765.3543307086616 2842.51968503937 370.0787401574803 56.69291338582677 fr.

1976.3779527559054 2937.0078740157483 184.251968503937 50.39370078740158 Ce
2067.716535433071 2937.0078740157483 245.66929133858267 50.39370078740158 très
2220.472440944882 2937.0078740157483 337.00787401574803 50.39370078740158 curieux
2466.1417322834645 2937.0078740157483 398.4251968503937 50.39370078740158 manuscrit
2771.6535433070867 2937.0078740157483 368.503937007874 50.39370078740158 contient
3017.3228346456694 2937.0078740157483 122.83464566929133 50.39370078740158 le

1910.236220472441 2996.850393700787 251.96850393700788 53.54330708661417 récit
2078.740157480315 2996.850393700787 223.6220472440945 53.54330708661417 très
2217.3228346456694 2996.850393700787 335.43307086614175 53.54330708661417 détaillé
2469.2913385826773 2996.850393700787 195.2755905511811 53.54330708661417 des
2581.1023622047246 2996.850393700787 390.5511811023622 53.54330708661417 opérations
2888.1889763779527 2996.850393700787 166.9291338582677 53.54330708661417 du
2944.8818897637793 2996.850393700787 195.2755905511811 53.54330708661417 «camp

1905.5118110236222 3051.968503937008 195.2755905511811 58.267716535433074 de
2003.1496062992126 3051.968503937008 453.54330708661416 58.267716535433074 Compiègne,
2360.6299212598424 3051.968503937008 226.77165354330708 58.267716535433074 que
2489.763779527559 3051.968503937008 388.9763779527559 58.267716535433074 l’auteur
2781.1023622047246 3051.968503937008 357.4803149606299 58.267716535433074 appelle
3009.448818897638 3051.968503937008 129.13385826771653 58.267716535433074 un

1907.0866141732283 3107.0866141732286 400.0 55.118110236220474 amusement
2215.748031496063 3107.0866141732286 400.0 55.118110236220474 militaire
2524.4094488188975 3107.0866141732286 247.24409448818898 55.118110236220474 pour
2678.740157480315 3107.0866141732286 184.251968503937 55.118110236220474 le
2770.0787401574803 3107.0866141732286 247.24409448818898 55.118110236220474 roi»
2924.4094488188975 3107.0866141732286 184.251968503937 55.118110236220474 et
2985.8267716535433 3107.0866141732286 154.33070866141733 55.118110236220474 qui

1910.236220472441 3163.779527559055 234.64566929133858 56.69291338582677 fut,
2056.6929133858266 3163.779527559055 176.3779527559055 56.69291338582677 en
2144.8818897637793 3163.779527559055 351.18110236220474 56.69291338582677 réalité,
2407.8740157480315 3163.779527559055 176.3779527559055 56.69291338582677 ce
2496.0629921259842 3163.779527559055 204.7244094488189 56.69291338582677 que
2612.5984251968503 3163.779527559055 234.64566929133858 56.69291338582677 nous
2730.7086614173227 3163.779527559055 409.4488188976378 56.69291338582677 appellerions

1907.0866141732283 3223.6220472440946 500.78740157480314 56.69291338582677 aujourd’hui
2307.0866141732286 3223.6220472440946 233.0708661417323 56.69291338582677 les
2440.9448818897636 3223.6220472440946 400.0 56.69291338582677 «grandes
2707.0866141732286 3223.6220472440946 434.6456692913386 56.69291338582677 manœuvres.»

1911.8110236220473 3275.5905511811025 418.8976377952756 59.84251968503937 Description
2247.244094488189 3275.5905511811025 223.6220472440945 59.84251968503937 très
2387.4015748031497 3275.5905511811025 363.7795275590551 59.84251968503937 détaillée
2666.1417322834645 3275.5905511811025 166.9291338582677 59.84251968503937 du
2751.181102362205 3275.5905511811025 251.96850393700788 59.84251968503937 fort,
2918.1102362204724 3275.5905511811025 195.2755905511811 59.84251968503937 des
3001.5748031496064 3275.5905511811025 140.15748031496062 59.84251968503937 di-

1911.8110236220473 3332.283464566929 239.37007874015748 59.84251968503937 vers
2061.417322834646 3332.283464566929 418.8976377952756 59.84251968503937 quartiers;
2390.551181102362 3332.283464566929 388.9763779527559 59.84251968503937 remarques
2691.3385826771655 3332.283464566929 209.4488188976378 59.84251968503937 sur
2811.0236220472443 3332.283464566929 209.4488188976378 59.84251968503937 les
2900.787401574803 3332.283464566929 239.37007874015748 59.84251968503937 mines,

1911.8110236220473 3387.4015748031497 209.4488188976378 56.69291338582677 les
2031.4960629921259 3387.4015748031497 330.70866141732284 56.69291338582677 bombes,
2272.4409448818897 3387.4015748031497 239.37007874015748 56.69291338582677 etc.
2422.047244094488 3387.4015748031497 149.60629921259843 56.69291338582677 A
2481.8897637795276 3387.4015748031497 209.4488188976378 56.69291338582677 ces
2601.5748031496064 3387.4015748031497 420.4724409448819 56.69291338582677 opérations
2902.3622047244094 3387.4015748031497 239.37007874015748 56.69291338582677 assis-

1913.3858267716535 3444.0944881889764 278.74015748031496 56.69291338582677 taient
2108.6614173228345 3444.0944881889764 166.9291338582677 56.69291338582677 le
2192.1259842519685 3444.0944881889764 222.04724409448818 56.69291338582677 Roi,
2330.7086614173227 3444.0944881889764 166.9291338582677 56.69291338582677 le
2414.1732283464567 3444.0944881889764 333.8582677165354 56.69291338582677 Dauphin,
2666.1417322834645 3444.0944881889764 166.9291338582677 56.69291338582677 le
2749.6062992125985 3444.0944881889764 195.2755905511811 56.69291338582677 duc
2859.8425196850394 3444.0944881889764 166.9291338582677 56.69291338582677 de
2916.535433070866 3444.0944881889764 222.04724409448818 56.69291338582677 Biron,

1910.236220472441 3503.9370078740158 176.3779527559055 50.39370078740158 le
1998.4251968503936 3503.9370078740158 262.99212598425197 50.39370078740158 comte
2174.803149606299 3503.9370078740158 262.99212598425197 50.39370078740158 d’Eu,
2349.6062992125985 3503.9370078740158 176.3779527559055 50.39370078740158 la
2437.7952755905512 3503.9370078740158 292.9133858267717 50.39370078740158 Reine,
2612.5984251968503 3503.9370078740158 176.3779527559055 50.39370078740158 etc.

1776.3779527559054 3612.5984251968503 242.51968503937007 66.14173228346456 4281
1927.5590551181103 3612.5984251968503 483.46456692913387 66.14173228346456 CONTi
2319.685039370079 3612.5984251968503 332.2834645669291 66.14173228346456 (Maison
2562.2047244094488 3612.5984251968503 242.51968503937007 66.14173228346456 de).
2713.3858267716537 3612.5984251968503 151.1811023622047 66.14173228346456 —
2774.803149606299 3612.5984251968503 272.4409448818898 66.14173228346456 Pièce
2925.984251968504 3612.5984251968503 211.0236220472441 66.14173228346456 nota-

1842.5196850393702 3685.0393700787404 272.4409448818898 59.84251968503937 riée
2012.5984251968505 3685.0393700787404 237.79527559055117 59.84251968503937 ms.
2149.6062992125985 3685.0393700787404 407.87401574803147 59.84251968503937 insinuée
2456.6929133858266 3685.0393700787404 204.7244094488189 59.84251968503937 au
2557.48031496063 3685.0393700787404 442.5196850393701 59.84251968503937 Châtelet,
2864.566929133858 3685.0393700787404 272.4409448818898 59.84251968503937 Paris-

1848.8188976377953 3759.0551181102364 305.51181102362204 70.86614173228347 1709,
2053.5433070866143 3759.0551181102364 170.07874015748033 70.86614173228347 7
2121.259842519685 3759.0551181102364 338.5826771653543 70.86614173228347 pages,
2357.48031496063 3759.0551181102364 270.86614173228344 70.86614173228347 in-4
2527.5590551181103 3759.0551181102364 474.01574803149606 70.86614173228347 parchemin.
2899.212598425197 3759.0551181102364 203.1496062992126 70.86614173228347 50
2966.9291338582675 3759.0551181102364 170.07874015748033 70.86614173228347 fr,

1974.8031496062993 3855.1181102362207 258.26771653543307 61.41732283464567 Très
2137.0078740157483 3855.1181102362207 453.54330708661416 61.41732283464567 importante
2492.9133858267714 3855.1181102362207 291.33858267716533 61.41732283464567 pièce
2686.6141732283463 3855.1181102362207 388.9763779527559 61.41732283464567 relative
2977.952755905512 3855.1181102362207 162.20472440944883 61.41732283464567 à
3011.0236220472443 3855.1181102362207 129.13385826771653 61.41732283464567 la

1913.3858267716535 3913.3858267716537 382.6771653543307 55.118110236220474 succession
2212.5984251968503 3913.3858267716537 163.7795275590551 55.118110236220474 de
2294.488188976378 3913.3858267716537 409.4488188976378 55.118110236220474 François
2623.6220472440946 3913.3858267716537 245.66929133858267 55.118110236220474 Louis
2787.4015748031497 3913.3858267716537 163.7795275590551 55.118110236220474 de
2840.9448818897636 3913.3858267716537 300.78740157480314 55.118110236220474 Bour

1919.6850393700788 3966.9291338582675 359.0551181102362 62.99212598425197 bon,
2206.299212598425 3966.9291338582675 239.37007874015748 62.99212598425197 prince
2373.228346456693 3966.9291338582675 143.30708661417322 62.99212598425197 de
2445.6692913385828 3966.9291338582675 382.6771653543307 62.99212598425197 Conti
2755.9055118110236 3966.9291338582675 382.6771653543307 62.99212598425197 (1664-1709).
3042.51968503937 3966.9291338582675 96.06299212598425 62.99212598425197 La

1911.8110236220473 4023.6220472440946 428.34645669291336 61.41732283464567 succession,
2255.1181102362207 4023.6220472440946 200.0 61.41732283464567 qui
2368.503937007874 4023.6220472440946 285.03937007874015 61.41732283464567 devait
2568.503937007874 4023.6220472440946 228.3464566929134 61.41732283464567 être
2711.8110236220473 4023.6220472440946 400.0 61.41732283464567 recueillie
2996.850393700787 4023.6220472440946 143.30708661417322 61.41732283464567 par

1907.0866141732283 4080.314960629921 226.77165354330708 62.99212598425197 son
2037.7952755905512 4080.314960629921 292.9133858267717 62.99212598425197 jeune
2233.0708661417325 4080.314960629921 292.9133858267717 62.99212598425197 frère
2426.771653543307 4080.314960629921 519.6850393700787 62.99212598425197 Louis-Armand
2848.818897637795 4080.314960629921 195.2755905511811 62.99212598425197 de
2914.9606299212596 4080.314960629921 226.77165354330708 62.99212598425197 Bour-

1907.0866141732283 4137.007874015748 433.07086614173227 58.267716535433074 bon-Conti
2240.9448818897636 4137.007874015748 500.78740157480314 58.267716535433074 (1696-1727)
2640.9448818897636 4137.007874015748 333.8582677165354 58.267716535433074 encore
2840.9448818897636 4137.007874015748 300.78740157480314 58.267716535433074 mineur,

1910.236220472441 4192.1259842519685 283.46456692913387 58.267716535433074 était
2099.212598425197 4192.1259842519685 411.0236220472441 58.267716535433074 contestée
2415.748031496063 4192.1259842519685 220.4724409448819 58.267716535433074 par
2541.732283464567 4192.1259842519685 188.9763779527559 58.267716535433074 la
2636.220472440945 4192.1259842519685 283.46456692913387 58.267716535433074 veuve
2825.196850393701 4192.1259842519685 188.9763779527559 58.267716535433074 du
2889.763779527559 4192.1259842519685 251.96850393700788 58.267716535433074 prince

1910.236220472441 4248.818897637795 614.1732283464567 59.84251968503937 François-Louis.
2428.3464566929133 4248.818897637795 162.20472440944883 59.84251968503937 —
2492.9133858267714 4248.818897637795 355.90551181102364 59.84251968503937 Extrait
2751.181102362205 4248.818897637795 193.70078740157481 59.84251968503937 du
2815.748031496063 4248.818897637795 322.8346456692913 59.84251968503937 jugement

1908.6614173228347 4307.086614173229 188.9763779527559 61.41732283464567 du
2003.1496062992126 4307.086614173229 251.96850393700788 61.41732283464567 parc
2160.6299212598424 4307.086614173229 283.46456692913387 61.41732283464567 civil
2351.181102362205 4307.086614173229 188.9763779527559 61.41732283464567 du
2414.1732283464567 4307.086614173229 346.45669291338584 61.41732283464567 Châtelet.

1771.6535433070867 4414.173228346457 266.1417322834646 64.56692913385827 4282
1938.5826771653544 4414.173228346457 700.7874015748032 64.56692913385827 COURTELINE
2538.582677165354 4414.173228346457 400.0 64.56692913385827 (Georges
2804.7244094488187 4414.173228346457 333.8582677165354 64.56692913385827 Moinaux,

1840.9448818897638 4489.763779527559 299.21259842519686 70.86614173228347 dit),
2039.3700787401574 4489.763779527559 332.2834645669291 70.86614173228347 auteur
2272.4409448818897 4489.763779527559 497.6377952755906 70.86614173228347 dramatique.
2670.8661417322833 4489.763779527559 165.35433070866142 70.86614173228347 —
2737.0078740157483 4489.763779527559 299.21259842519686 70.86614173228347 Carte
2937.0078740157483 4489.763779527559 198.4251968503937 70.86614173228347 a.
3003.149606299213 4489.763779527559 132.28346456692913 70.86614173228347 s.

1826.7716535433071 4560.629921259842 285.03937007874015 74.01574803149606 1
1940.1574803149606 4560.629921259842 341.73228346456693 74.01574803149606 p.
2111.8110236220473 4560.629921259842 511.81102362204723 74.01574803149606 in-8,
2451.968503937008 4560.629921259842 455.11811023622045 74.01574803149606 obl.
2737.0078740157483 4560.629921259842 341.73228346456693 74.01574803149606 12
2850.3937007874015 4560.629921259842 285.03937007874015 74.01574803149606 fr.

1976.3779527559054 4658.2677165354335 283.46456692913387 51.968503937007874 Carte
2165.3543307086616 4658.2677165354335 188.9763779527559 51.968503937007874 de
2259.8425196850394 4658.2677165354335 566.9291338582677 51.968503937007874 félicitations.
2732.283464566929 4658.2677165354335 157.48031496062993 51.968503937007874 —
2795.2755905511813 4658.2677165354335 283.46456692913387 51.968503937007874 «Très
2952.755905511811 4658.2677165354335 188.9763779527559 51.968503937007874 heu-

1911.8110236220473 4711.811023622047 245.66929133858267 56.69291338582677 reux
2066.1417322834645 4711.811023622047 245.66929133858267 56.69291338582677 d’un
2220.472440944882 4711.811023622047 277.1653543307087 56.69291338582677 choix
2404.7244094488187 4711.811023622047 184.251968503937 56.69291338582677 si
2496.0629921259842 4711.811023622047 338.5826771653543 56.69291338582677 heureux
2741.732283464567 4711.811023622047 184.251968503937 56.69291338582677 et
2834.6456692913384 4711.811023622047 307.0866141732283 56.69291338582677 auquel
3018.8976377952754 4711.811023622047 122.83464566929133 56.69291338582677 le

1910.236220472441 4774.8031496062995 253.54330708661416 58.267716535433074 pays
2069.2913385826773 4774.8031496062995 318.1102362204724 58.267716535433074 entier
2259.8425196850394 4774.8031496062995 444.09448818897636 58.267716535433074 applaudira.»

954.3307086614174 4896.062992125984 420.4724409448819 75.59055118110236 ACHAT
1234.6456692913387 4896.062992125984 280.31496062992125 75.59055118110236 DE
1376.3779527559054 4896.062992125984 467.7165354330709 75.59055118110236 LIVRES
1702.3622047244094 4896.062992125984 280.31496062992125 75.59055118110236 ET
1796.8503937007874 4896.062992125984 700.7874015748032 75.59055118110236 D’AUTOGRAPHES
