3337.0078740157483 5434.645669291339
2800.0 292.9133858267717 118.11023622047244 69.29133858267717 9

51.968503937007874 299.21259842519686 240.9448818897638 67.71653543307086 6
148.03149606299212 299.21259842519686 337.00787401574803 67.71653543307086 RUE
340.15748031496065 299.21259842519686 576.3779527559055 67.71653543307086 BLANCHE,
724.4094488188977 299.21259842519686 337.00787401574803 67.71653543307086 PARIS

66.14173228346456 433.07086614173227 251.96850393700788 74.01574803149606 4283
223.6220472440945 433.07086614173227 596.8503937007874 74.01574803149606 CUBIÈRES
725.9842519685039 433.07086614173227 439.37007874015745 74.01574803149606 (Général),
1072.4409448818897 433.07086614173227 376.37795275590554 74.01574803149606 ministre
1322.8346456692914 433.07086614173227 125.98425196850394 74.01574803149606 de

140.15748031496062 518.1102362204724 201.5748031496063 51.968503937007874 la
240.9448818897638 518.1102362204724 335.43307086614175 51.968503937007874 Guerre
475.59055118110234 518.1102362204724 201.5748031496063 51.968503937007874 au
576.3779527559055 518.1102362204724 403.1496062992126 51.968503937007874 ministre
878.7401574803149 518.1102362204724 201.5748031496063 51.968503937007874 de
944.8818897637796 518.1102362204724 503.93700787401576 51.968503937007874 l’Instruction

143.30708661417322 593.7007874015748 434.6456692913386 64.56692913385827 publique.
477.1653543307087 593.7007874015748 166.9291338582677 64.56692913385827 —
544.8818897637796 593.7007874015748 200.0 64.56692913385827 L.
644.0944881889764 593.7007874015748 200.0 64.56692913385827 a.
744.8818897637796 593.7007874015748 234.64566929133858 64.56692913385827 s.,
878.7401574803149 593.7007874015748 300.78740157480314 64.56692913385827 1844,
1078.740157480315 593.7007874015748 166.9291338582677 64.56692913385827 1
1146.4566929133857 593.7007874015748 200.0 64.56692913385827 p.
1212.5984251968505 593.7007874015748 234.64566929133858 64.56692913385827 in

1245.6692913385828 669.2913385826772 174.8031496062992 48.818897637795274 12
1303.9370078740158 669.2913385826772 146.45669291338584 48.818897637795274 fr.

275.59055118110234 748.0314960629921 201.5748031496063 51.968503937007874 Il
376.37795275590554 748.0314960629921 236.2204724409449 51.968503937007874 lui
510.23622047244095 748.0314960629921 472.4409448818898 51.968503937007874 recommande
881.8897637795276 748.0314960629921 201.5748031496063 51.968503937007874 un
982.6771653543307 748.0314960629921 404.7244094488189 51.968503937007874 candidat
1253.5433070866143 748.0314960629921 201.5748031496063 51.968503937007874 pour

209.4488188976378 804.7244094488188 176.3779527559055 55.118110236220474 la
297.6377952755906 804.7244094488188 467.7165354330709 55.118110236220474 bibliothèque
678.7401574803149 804.7244094488188 176.3779527559055 55.118110236220474 de
737.007874015748 804.7244094488188 351.18110236220474 55.118110236220474 l’Arsenal.

69.29133858267717 924.4094488188977 275.59055118110234 64.56692913385827 4284
242.51968503937007 924.4094488188977 656.6929133858267 64.56692913385827 DALAYRAC
793.7007874015748 924.4094488188977 483.46456692913387 64.56692913385827 (Nicolas),
1140.1574803149606 924.4094488188977 310.23622047244095 64.56692913385827 célèbre

144.88188976377953 1000.0 530.7086614173228 64.56692913385827 compositeur
568.503937007874 1000.0 212.5984251968504 64.56692913385827 de
675.5905511811023 1000.0 425.1968503937008 64.56692913385827 musique.
993.7007874015748 1000.0 176.3779527559055 64.56692913385827 —
1064.5669291338584 1000.0 212.5984251968504 64.56692913385827 L.
1170.0787401574803 1000.0 212.5984251968504 64.56692913385827 a.
1277.1653543307086 1000.0 212.5984251968504 64.56692913385827 s.
1348.0314960629921 1000.0 105.51181102362204 64.56692913385827 à

148.03149606299212 1074.015748031496 311.81102362204723 61.41732283464567 Bonnet,
374.8031496062992 1074.015748031496 368.503937007874 61.41732283464567 directeur
658.2677165354331 1074.015748031496 170.07874015748033 61.41732283464567 du
743.3070866141733 1074.015748031496 311.81102362204723 61.41732283464567 théâtre
971.6535433070866 1074.015748031496 283.46456692913387 61.41732283464567 Les
1141.732283464567 1074.015748031496 311.81102362204723 61.41732283464567 Arts,

127.55905511811024 1149.6062992125985 318.1102362204724 64.56692913385827 an
286.61417322834643 1149.6062992125985 370.0787401574803 64.56692913385827 12,
499.21259842519686 1149.6062992125985 264.56692913385825 64.56692913385827 1
604.7244094488188 1149.6062992125985 318.1102362204724 64.56692913385827 p.
763.7795275590552 1149.6062992125985 477.1653543307087 64.56692913385827 in-4.
1081.8897637795276 1149.6062992125985 318.1102362204724 64.56692913385827 25
1187.4015748031495 1149.6062992125985 264.56692913385825 64.56692913385827 fr.

274.01574803149606 1247.244094488189 215.748031496063 55.118110236220474 Au
382.6771653543307 1247.244094488189 322.8346456692913 55.118110236220474 sujet
596.8503937007874 1247.244094488189 215.748031496063 55.118110236220474 de
703.9370078740158 1247.244094488189 215.748031496063 55.118110236220474 la
812.5984251968504 1247.244094488189 645.6692913385826 55.118110236220474 représentation
1313.3858267716535 1247.244094488189 143.30708661417322 55.118110236220474 du

215.748031496063 1303.9370078740158 396.8503937007874 55.118110236220474 Pavillon
533.8582677165355 1303.9370078740158 159.0551181102362 55.118110236220474 du
612.5984251968504 1303.9370078740158 370.0787401574803 55.118110236220474 Calife
903.9370078740158 1303.9370078740158 159.0551181102362 55.118110236220474 et
982.6771653543307 1303.9370078740158 184.251968503937 55.118110236220474 des
1088.1889763779527 1303.9370078740158 316.53543307086613 55.118110236220474 artistes
1299.2125984251968 1303.9370078740158 159.0551181102362 55.118110236220474 Lays

212.5984251968504 1362.2047244094488 176.3779527559055 44.09448818897638 et
272.4409448818898 1362.2047244094488 294.48818897637796 44.09448818897638 Laforet.

74.01574803149606 1472.4409448818897 270.86614173228344 61.41732283464567 4285
242.51968503937007 1472.4409448818897 743.3070866141733 61.41732283464567 DARTIGOEYTE
850.3937007874016 1472.4409448818897 607.8740157480315 61.41732283464567 (Pierre

149.60629921259843 1546.4566929133857 401.5748031496063 62.99212598425197 comédien
450.3937007874016 1546.4566929133857 201.5748031496063 62.99212598425197 et
551.1811023622047 1546.4566929133857 568.503937007874 62.99212598425197 conventionnel
985.8267716535433 1546.4566929133857 469.29133858267716 62.99212598425197 (1745

149.60629921259843 1622.0472440944882 168.50393700787401 62.99212598425197 —
215.748031496063 1622.0472440944882 337.00787401574803 62.99212598425197 Lettre
451.9685039370079 1622.0472440944882 201.5748031496063 62.99212598425197 a.
552.7559055118111 1622.0472440944882 201.5748031496063 62.99212598425197 s.
653.5433070866142 1622.0472440944882 168.50393700787401 62.99212598425197 à
721.2598425196851 1622.0472440944882 403.1496062992126 62.99212598425197 Villars,
990.5511811023622 1622.0472440944882 470.86614173228344 62.99212598425197 représentant

148.03149606299212 1697.6377952755906 225.1968503937008 61.41732283464567 du
261.4173228346457 1697.6377952755906 412.59842519685037 61.41732283464567 Peuple;
560.6299212598425 1697.6377952755906 374.8031496062992 61.41732283464567 Paris,
823.6220472440945 1697.6377952755906 225.1968503937008 61.41732283464567 an
935.4330708661417 1697.6377952755906 300.78740157480314 61.41732283464567 III,
1124.4094488188975 1697.6377952755906 262.99212598425197 61.41732283464567 une
1236.2204724409448 1697.6377952755906 225.1968503937008 61.41732283464567 page

89.76377952755905 1773.2283464566929 979.5275590551181 50.39370078740158 in-f°.
774.8031496062993 1773.2283464566929 587.4015748031496 50.39370078740158 35
970.0787401574803 1773.2283464566929 489.76377952755905 50.39370078740158 fr.

288.18897637795277 1859.8425196850394 206.29921259842519 55.118110236220474 «Je
406.2992125984252 1859.8425196850394 382.6771653543307 55.118110236220474 t’adresse
700.7874015748032 1859.8425196850394 206.29921259842519 55.118110236220474 une
818.8976377952756 1859.8425196850394 294.48818897637796 55.118110236220474 lettre
1025.1968503937007 1859.8425196850394 206.29921259842519 55.118110236220474 que
1141.732283464567 1859.8425196850394 324.40944881889766 55.118110236220474 j’écris
1348.0314960629921 1859.8425196850394 118.11023622047244 55.118110236220474 au

215.748031496063 1918.1102362204724 329.13385826771656 55.118110236220474 comité
447.244094488189 1918.1102362204724 560.6299212598425 55.118110236220474 d’instruction
907.0866141732283 1918.1102362204724 428.34645669291336 55.118110236220474 publique;
1204.724409448819 1918.1102362204724 262.99212598425197 55.118110236220474 vuille

239.37007874015748 1974.8031496062993 340.15748031496065 53.54330708661417 (sic)
514.9606299212599 1974.8031496062993 127.55905511811024 53.54330708661417 la
577.9527559055118 1974.8031496062993 190.5511811023622 53.54330708661417 lire,
705.511811023622 1974.8031496062993 127.55905511811024 53.54330708661417 la
768.503937007874 1974.8031496062993 233.0708661417323 53.54330708661417 remetre
938.5826771653543 1974.8031496062993 340.15748031496065 53.54330708661417 (sic)
1214.1732283464567 1974.8031496062993 255.11811023622047 53.54330708661417 ensuite,
1384.251968503937 1974.8031496062993 85.03937007874016 53.54330708661417 la

220.4724409448819 2029.9212598425197 281.8897637795276 55.118110236220474 faire
407.87401574803147 2029.9212598425197 469.29133858267716 55.118110236220474 enregistrer
782.6771653543307 2029.9212598425197 187.4015748031496 55.118110236220474 et
877.1653543307086 2029.9212598425197 343.3070866141732 55.118110236220474 joindre
1127.5590551181103 2029.9212598425197 187.4015748031496 55.118110236220474 au
1188.976377952756 2029.9212598425197 281.8897637795276 55.118110236220474 travail

220.4724409448819 2088.1889763779527 340.15748031496065 44.09448818897638 relatif
469.29133858267716 2088.1889763779527 217.3228346456693 44.09448818897638 aux
592.1259842519685 2088.1889763779527 310.23622047244095 44.09448818897638 écoles
777.9527559055118 2088.1889763779527 403.1496062992126 44.09448818897638 centrales.»

86.61417322834646 2206.299212598425 262.99212598425197 64.56692913385827 4286
251.96850393700788 2206.299212598425 395.2755905511811 64.56692913385827 DAVID
548.0314960629921 2206.299212598425 527.5590551181102 64.56692913385827 D'ANGERS
976.3779527559055 2206.299212598425 395.2755905511811 64.56692913385827 (P.-J.),
1240.9448818897638 2206.299212598425 229.92125984251967 64.56692913385827 célè-

160.62992125984252 2281.8897637795276 248.8188976377953 62.99212598425197 bre
302.3622047244094 2281.8897637795276 461.4173228346457 62.99212598425197 statuaire
656.6929133858267 2281.8897637795276 461.4173228346457 62.99212598425197 français.
1011.0236220472441 2281.8897637795276 177.95275590551182 62.99212598425197 —
1081.8897637795276 2281.8897637795276 212.5984251968504 62.99212598425197 L.
1187.4015748031495 2281.8897637795276 212.5984251968504 62.99212598425197 a.
1294.4881889763778 2281.8897637795276 212.5984251968504 62.99212598425197 s.
1365.3543307086613 2281.8897637795276 107.08661417322834 62.99212598425197 à

163.7795275590551 2357.48031496063 510.23622047244095 64.56692913385827 Monsieur...,
577.9527559055118 2357.48031496063 286.61417322834643 64.56692913385827 1844,
770.0787401574803 2357.48031496063 159.0551181102362 64.56692913385827 1
834.6456692913385 2357.48031496063 192.1259842519685 64.56692913385827 p.
929.1338582677165 2357.48031496063 286.61417322834643 64.56692913385827 in-4,
1121.259842519685 2357.48031496063 319.68503937007875 64.56692913385827 collée
1313.3858267716535 2357.48031496063 159.0551181102362 64.56692913385827 sur

165.35433070866142 2433.0708661417325 355.90551181102364 62.99212598425197 bristol.
433.07086614173227 2433.0708661417325 267.7165354330709 62.99212598425197 On
611.0236220472441 2433.0708661417325 148.03149606299212 62.99212598425197 y
669.2913385826772 2433.0708661417325 148.03149606299212 62.99212598425197 a
729.1338582677165 2433.0708661417325 415.748031496063 62.99212598425197 joint:
1055.1181102362204 2433.0708661417325 207.8740157480315 62.99212598425197 une
1144.8818897637796 2433.0708661417325 325.98425196850394 62.99212598425197 brochure:

163.7795275590551 2508.6614173228345 182.6771653543307 62.99212598425197 A
236.2204724409449 2508.6614173228345 218.89763779527559 62.99212598425197 P.
344.88188976377955 2508.6614173228345 218.89763779527559 62.99212598425197 J.
455.11811023622045 2508.6614173228345 327.5590551181102 62.99212598425197 David
672.4409448818898 2508.6614173228345 436.2204724409449 62.99212598425197 d’Angers
1001.5748031496063 2508.6614173228345 255.11811023622047 62.99212598425197 par
1110.236220472441 2508.6614173228345 363.7795275590551 62.99212598425197 Constant

170.07874015748033 2584.251968503937 333.8582677165354 64.56692913385827 Dubos,
403.1496062992126 2584.251968503937 200.0 64.56692913385827 en
503.93700787401576 2584.251968503937 300.78740157480314 64.56692913385827 vers,
703.9370078740158 2584.251968503937 434.6456692913386 64.56692913385827 Pagnerre,
1037.7952755905512 2584.251968503937 300.78740157480314 64.56692913385827 1843.
1239.3700787401574 2584.251968503937 200.0 64.56692913385827 25
1305.5118110236222 2584.251968503937 166.9291338582677 64.56692913385827 fr.

302.3622047244094 2680.314960629921 236.2204724409449 44.09448818897638 «Au
436.2204724409449 2680.314960629921 337.00787401574803 44.09448818897638 milieu
672.4409448818898 2680.314960629921 201.5748031496063 44.09448818897638 de
773.2283464566929 2680.314960629921 606.2992125984252 44.09448818897638 l’encombrement
1244.0944881889764 2680.314960629921 236.2204724409449 44.09448818897638 causé

237.79527559055117 2738.582677165354 188.9763779527559 53.54330708661417 par
344.88188976377955 2738.582677165354 162.20472440944883 53.54330708661417 le
426.7716535433071 2738.582677165354 324.40944881889766 53.54330708661417 travail,
669.2913385826772 2738.582677165354 162.20472440944883 53.54330708661417 il
749.6062992125984 2738.582677165354 269.29133858267716 53.54330708661417 serait
938.5826771653543 2738.582677165354 377.9527559055118 53.54330708661417 impossible
1236.2204724409448 2738.582677165354 162.20472440944883 53.54330708661417 de
1289.763779527559 2738.582677165354 188.9763779527559 53.54330708661417 lire,

237.79527559055117 2795.2755905511813 242.51968503937007 55.118110236220474 avec
388.9763779527559 2795.2755905511813 274.01574803149606 55.118110236220474 toute
571.6535433070866 2795.2755905511813 456.6929133858268 55.118110236220474 l’attention
937.007874015748 2795.2755905511813 212.5984251968504 55.118110236220474 que
1058.267716535433 2795.2755905511813 182.6771653543307 55.118110236220474 je
1149.6062992125985 2795.2755905511813 303.93700787401576 55.118110236220474 désire
1332.283464566929 2795.2755905511813 152.75590551181102 55.118110236220474 ap-

239.37007874015748 2851.968503937008 318.1102362204724 53.54330708661417 porter,
470.86614173228344 2851.968503937008 259.84251968503935 53.54330708661417 votre
644.0944881889764 2851.968503937008 318.1102362204724 53.54330708661417 notice,
875.5905511811023 2851.968503937008 203.1496062992126 53.54330708661417 qui
992.1259842519685 2851.968503937008 289.76377952755905 53.54330708661417 devait
1193.7007874015749 2851.968503937008 231.49606299212599 53.54330708661417 être
1310.236220472441 2851.968503937008 173.22834645669292 53.54330708661417 bien

239.37007874015748 2908.6614173228345 516.5354330708661 48.818897637795274 intéressante,
664.5669291338583 2908.6614173228345 303.93700787401576 48.818897637795274 écrite
877.1653543307086 2908.6614173228345 242.51968503937007 48.818897637795274 avec
1029.9212598425197 2908.6614173228345 212.5984251968504 48.818897637795274 les
1119.6850393700788 2908.6614173228345 365.3543307086614 48.818897637795274 sentiments

237.79527559055117 2965.3543307086616 226.77165354330708 53.54330708661417 que
368.503937007874 2965.3543307086616 193.70078740157481 53.54330708661417 je
464.56692913385825 2965.3543307086616 258.26771653543307 53.54330708661417 vous
593.7007874015748 2965.3543307086616 355.90551181102364 53.54330708661417 connais.»

103.93700787401575 3083.464566929134 256.6929133858268 64.56692913385827 4287
264.56692913385825 3083.464566929134 579.5275590551181 64.56692913385827 DEBUSSY
746.4566929133858 3083.464566929134 418.8976377952756 64.56692913385827 (Claude),
1067.716535433071 3083.464566929134 354.3307086614173 64.56692913385827 célèbre
1292.9133858267717 3083.464566929134 193.70078740157481 64.56692913385827 com

182.6771653543307 3159.0551181102364 403.1496062992126 62.99212598425197 positeur,
492.9133858267717 3159.0551181102364 434.6456692913386 62.99212598425197 1861-1917.
834.6456692913385 3159.0551181102364 155.90551181102362 62.99212598425197 —
897.6377952755905 3159.0551181102364 434.6456692913386 62.99212598425197 L’ombre
1207.8740157480315 3159.0551181102364 278.74015748031496 62.99212598425197 des

184.251968503937 3234.6456692913384 385.8267716535433 59.84251968503937 arbres
481.8897637795276 3234.6456692913384 237.79527559055117 59.84251968503937 dans
629.9212598425197 3234.6456692913384 177.95275590551182 59.84251968503937 la
718.1102362204724 3234.6456692913384 325.98425196850394 59.84251968503937 lumière
955.9055118110236 3234.6456692913384 503.93700787401576 59.84251968503937 embaumée,
1341.732283464567 3234.6456692913384 148.03149606299212 59.84251968503937 An-

179.5275590551181 3310.236220472441 319.68503937007875 62.99212598425197 dante
393.7007874015748 3310.236220472441 283.46456692913387 62.99212598425197 pour
570.0787401574803 3310.236220472441 319.68503937007875 62.99212598425197 chant
782.6771653543307 3310.236220472441 212.5984251968504 62.99212598425197 et
889.7637795275591 3310.236220472441 354.3307086614173 62.99212598425197 piano.
1102.3622047244094 3310.236220472441 390.5511811023622 62.99212598425197 Manuscrit

187.4015748031496 3384.251968503937 248.8188976377953 64.56692913385827 aut.
343.3070866141732 3384.251968503937 155.90551181102362 64.56692913385827 n
404.7244094488189 3384.251968503937 217.3228346456693 64.56692913385827 .s.
529.1338582677165 3384.251968503937 310.23622047244095 64.56692913385827 Paris,
746.4566929133858 3384.251968503937 280.31496062992125 64.56692913385827 1885,
933.8582677165355 3384.251968503937 155.90551181102362 64.56692913385827 2
995.2755905511812 3384.251968503937 185.82677165354332 64.56692913385827 p.
1088.1889763779527 3384.251968503937 280.31496062992125 64.56692913385827 in-4,
1275.5905511811025 3384.251968503937 155.90551181102362 64.56692913385827 8
1307.0866141732283 3384.251968503937 185.82677165354332 64.56692913385827 por-

187.4015748031496 3459.8425196850394 248.8188976377953 62.99212598425197 tées
343.3070866141732 3459.8425196850394 371.65354330708664 62.99212598425197 triples.
622.0472440944882 3459.8425196850394 371.65354330708664 62.99212598425197 (Très
902.3622047244095 3459.8425196850394 434.6456692913386 62.99212598425197 rare).
1242.5196850393702 3459.8425196850394 217.3228346456693 62.99212598425197 450
1335.4330708661416 3459.8425196850394 155.90551181102362 62.99212598425197 fr.

316.53543307086613 3559.0551181102364 262.99212598425197 50.39370078740158 Très
480.31496062992125 3559.0551181102364 262.99212598425197 50.39370078740158 beau
645.6692913385826 3559.0551181102364 459.84251968503935 50.39370078740158 manuscrit,
1006.2992125984252 3559.0551181102364 296.06299212598424 50.39370078740158 d'une
1170.0787401574803 3559.0551181102364 329.13385826771656 50.39370078740158 écriture

247.24409448818898 3615.748031496063 278.74015748031496 55.118110236220474 très
420.4724409448819 3615.748031496063 417.3228346456693 55.118110236220474 soignée.
733.8582677165355 3615.748031496063 313.38582677165357 55.118110236220474 Chant
943.3070866141733 3615.748031496063 278.74015748031496 55.118110236220474 pour
1116.5354330708662 3615.748031496063 382.6771653543307 55.118110236220474 soprano
1360.6299212598426 3615.748031496063 138.58267716535434 55.118110236220474 ou

228.3464566929134 3672.4409448818897 225.1968503937008 44.09448818897638 ténor.

121.25984251968504 3781.1023622047246 229.92125984251967 62.99212598425197 4288
264.56692913385825 3781.1023622047246 518.1102362204724 62.99212598425197 DEBUSSY
696.0629921259842 3781.1023622047246 373.2283464566929 62.99212598425197 (Claude).
982.6771653543307 3781.1023622047246 143.30708661417322 62.99212598425197 —
1040.9448818897638 3781.1023622047246 258.26771653543307 62.99212598425197 En
1184.251968503937 3781.1023622047246 316.53543307086613 62.99212598425197 Sour

195.2755905511811 3856.6929133858266 475.59055118110234 61.41732283464567 dine,
582.6771653543307 3856.6929133858266 237.79527559055117 61.41732283464567 pour
730.7086614173228 3856.6929133858266 267.7165354330709 61.41732283464567 piano
908.6614173228346 3856.6929133858266 177.95275590551182 61.41732283464567 et
998.4251968503937 3856.6929133858266 297.6377952755906 61.41732283464567 chant,
1176.3779527559054 3856.6929133858266 327.5590551181102 61.41732283464567 manuscrit

198.4251968503937 3930.7086614173227 242.51968503937007 64.56692913385827 aut.
349.6062992125984 3930.7086614173227 212.5984251968504 64.56692913385827 s.,
470.86614173228344 3930.7086614173227 333.8582677165354 64.56692913385827 Vienne,
713.3858267716536 3930.7086614173227 272.4409448818898 64.56692913385827 1882,
896.0629921259842 3930.7086614173227 151.1811023622047 64.56692913385827 3
955.9055118110236 3930.7086614173227 182.6771653543307 64.56692913385827 p.
1047.244094488189 3930.7086614173227 242.51968503937007 64.56692913385827 in-4
1198.4251968503936 3930.7086614173227 182.6771653543307 64.56692913385827 et
1289.763779527559 3930.7086614173227 212.5984251968504 64.56692913385827 une
1381.1023622047244 3930.7086614173227 121.25984251968504 64.56692913385827 p.

196.8503937007874 4006.299212598425 192.1259842519685 62.99212598425197 de
292.9133858267717 4006.299212598425 319.68503937007875 62.99212598425197 titre,
514.9606299212599 4006.299212598425 286.61417322834643 62.99212598425197 douze
707.0866141732283 4006.299212598425 351.18110236220474 62.99212598425197 portées
962.2047244094488 4006.299212598425 382.6771653543307 62.99212598425197 triples.
1248.8188976377953 4006.299212598425 223.6220472440945 62.99212598425197 550
1344.8818897637796 4006.299212598425 159.0551181102362 62.99212598425197 fr.

327.5590551181102 4102.36220472441 302.3622047244094 55.118110236220474 Chant
529.1338582677165 4102.36220472441 269.29133858267716 55.118110236220474 pour
697.6377952755905 4102.36220472441 370.0787401574803 55.118110236220474 soprano
966.9291338582677 4102.36220472441 201.5748031496063 55.118110236220474 ou
1067.716535433071 4102.36220472441 302.3622047244094 55.118110236220474 ténor
1269.291338582677 4102.36220472441 236.2204724409449 55.118110236220474 sur
1370.0787401574803 4102.36220472441 135.43307086614172 55.118110236220474 la

266.1417322834646 4157.48031496063 291.33858267716533 53.54330708661417 célèbre
478.74015748031496 4157.48031496063 264.56692913385825 53.54330708661417 poésie
662.992125984252 4157.48031496063 159.0551181102362 53.54330708661417 de
743.3070866141733 4157.48031496063 343.3070866141732 53.54330708661417 Verlaine:
1007.8740157480315 4157.48031496063 343.3070866141732 53.54330708661417 Calmes
1245.6692913385828 4157.48031496063 264.56692913385825 53.54330708661417 dans

264.56692913385825 4215.748031496063 280.31496062992125 55.118110236220474 le
451.9685039370079 4215.748031496063 404.7244094488189 55.118110236220474 demi-jour
763.7795275590552 4215.748031496063 217.3228346456693 55.118110236220474 que
888.1889763779527 4215.748031496063 217.3228346456693 55.118110236220474 les
1012.5984251968504 4215.748031496063 373.2283464566929 55.118110236220474 branches
1261.4173228346456 4215.748031496063 248.8188976377953 55.118110236220474 hautes

266.1417322834646 4274.0157480314965 154.33070866141733 51.968503937007874 font.

325.98425196850394 4329.133858267716 277.1653543307087 44.09448818897638 LES
485.03937007874015 4329.133858267716 595.2755905511812 44.09448818897638 AUTOGRAPHES
960.6299212598425 4329.133858267716 237.79527559055117 44.09448818897638 DE
1078.740157480315 4329.133858267716 396.8503937007874 44.09448818897638 CLAUDE
1316.5354330708662 4329.133858267716 198.4251968503937 44.09448818897638 DE-

258.26771653543307 4395.275590551181 333.8582677165354 34.645669291338585 BUSSY
481.8897637795276 4395.275590551181 296.06299212598424 34.645669291338585 SONT
666.1417322834645 4395.275590551181 555.9055118110236 34.645669291338585 EXTREMEMENT
1074.015748031496 4395.275590551181 296.06299212598424 34.645669291338585 RARES.

135.43307086614172 4492.913385826771 256.6929133858268 72.44094488188976 4289
294.48818897637796 4492.913385826771 544.8818897637796 72.44094488188976 DÉCORATION
743.3070866141733 4492.913385826771 192.1259842519685 72.44094488188976 DU
840.9448818897638 4492.913385826771 384.251968503937 72.44094488188976 LYS.
1129.1338582677165 4492.913385826771 160.62992125984252 72.44094488188976 —
1160.6299212598426 4492.913385826771 352.755905511811 72.44094488188976 a)

204.7244094488189 4579.527559055118 311.81102362204723 62.99212598425197 Brevet
423.62204724409446 4579.527559055118 437.79527559055117 62.99212598425197 autorisant
766.9291338582677 4579.527559055118 280.31496062992125 62.99212598425197 M.
954.3307086614174 4579.527559055118 406.2992125984252 62.99212598425197 Bruni
1266.1417322834645 4579.527559055118 187.4015748031496 62.99212598425197 de
1329.1338582677165 4579.527559055118 187.4015748031496 62.99212598425197 Lyon

204.7244094488189 4655.118110236221 168.50393700787401 62.99212598425197 à
270.86614173228344 4655.118110236221 337.00787401574803 62.99212598425197 porter
507.0866141732283 4655.118110236221 201.5748031496063 62.99212598425197 la
607.8740157480315 4655.118110236221 472.4409448818898 62.99212598425197 décoration
979.5275590551181 4655.118110236221 201.5748031496063 62.99212598425197 du
1080.3149606299212 4655.118110236221 269.29133858267716 62.99212598425197 Lys.
1248.8188976377953 4655.118110236221 168.50393700787401 62.99212598425197 —
1281.8897637795276 4655.118110236221 236.2204724409449 62.99212598425197 Jolie

203.1496062992126 4729.133858267716 329.13385826771656 62.99212598425197 pièce
422.0472440944882 4729.133858267716 365.3543307086614 62.99212598425197 signée
677.1653543307086 4729.133858267716 218.89763779527559 62.99212598425197 du
787.4015748031496 4729.133858267716 255.11811023622047 62.99212598425197 Cte
932.2834645669292 4729.133858267716 218.89763779527559 62.99212598425197 de
1042.5196850393702 4729.133858267716 365.3543307086614 62.99212598425197 Précy,
1261.4173228346456 4729.133858267716 255.11811023622047 62.99212598425197 Lyon,

212.5984251968504 4804.724409448819 286.61417322834643 62.99212598425197 1814,
403.1496062992126 4804.724409448819 159.0551181102362 62.99212598425197 1
467.7165354330709 4804.724409448819 192.1259842519685 62.99212598425197 p.
563.7795275590552 4804.724409448819 255.11811023622047 62.99212598425197 in-4
722.8346456692914 4804.724409448819 286.61417322834643 62.99212598425197 obl.,
913.3858267716536 4804.724409448819 223.6220472440945 62.99212598425197 sur
1040.9448818897638 4804.724409448819 351.18110236220474 62.99212598425197 formule
1264.5669291338584 4804.724409448819 255.11811023622047 62.99212598425197 impri-

124.40944881889764 4878.740157480315 927.5590551181102 50.39370078740158 mée.
705.511811023622 4878.740157480315 696.0629921259842 50.39370078740158 20
937.007874015748 4878.740157480315 579.5275590551181 50.39370078740158 fr.

1740.1574803149606 433.07086614173227 296.06299212598424 64.56692913385827 Cette
1937.007874015748 433.07086614173227 459.84251968503935 64.56692913385827 décoration
2299.212598425197 433.07086614173227 296.06299212598424 64.56692913385827 était
2496.0629921259842 433.07086614173227 395.2755905511811 64.56692913385827 accordée
2760.6299212598424 433.07086614173227 163.7795275590551 64.56692913385827 par

1674.015748031496 496.06299212598424 406.2992125984252 59.84251968503937 Monsieur,
1987.4015748031495 496.06299212598424 281.8897637795276 59.84251968503937 frère
2174.803149606299 496.06299212598424 187.4015748031496 59.84251968503937 du
2267.716535433071 496.06299212598424 250.39370078740157 59.84251968503937 Roi,
2423.6220472440946 496.06299212598424 155.90551181102362 59.84251968503937 à
2486.6141732283463 496.06299212598424 250.39370078740157 59.84251968503937 tous
2642.51968503937 496.06299212598424 250.39370078740157 59.84251968503937 ceux
2768.503937007874 496.06299212598424 155.90551181102362 59.84251968503937 qui

1674.015748031496 554.3307086614174 327.5590551181102 47.24409448818898 avaient
1911.8110236220473 554.3307086614174 357.4803149606299 47.24409448818898 concouru
2181.1023622047246 554.3307086614174 149.60629921259843 47.24409448818898 à
2240.9448818897636 554.3307086614174 179.5275590551181 47.24409448818898 la
2329.1338582677167 554.3307086614174 327.5590551181102 47.24409448818898 défense
2568.503937007874 554.3307086614174 179.5275590551181 47.24409448818898 de
2658.267716535433 554.3307086614174 179.5275590551181 47.24409448818898 la
2718.1102362204724 554.3307086614174 207.8740157480315 47.24409448818898 ville

1669.291338582677 611.0236220472441 207.8740157480315 53.54330708661417 de
1773.2283464566929 611.0236220472441 277.1653543307087 53.54330708661417 Lyon
1946.4566929133857 611.0236220472441 207.8740157480315 53.54330708661417 en
2014.1732283464567 611.0236220472441 242.51968503937007 53.54330708661417 1793.

1620.4724409448818 700.7874015748032 360.62992125984255 67.71653543307086 b)
1897.6377952755906 700.7874015748032 303.93700787401576 67.71653543307086 Formule
2119.685039370079 700.7874015748032 222.04724409448818 67.71653543307086 imp.
2258.267716535433 700.7874015748032 166.9291338582677 67.71653543307086 et
2341.732283464567 700.7874015748032 193.70078740157481 67.71653543307086 ms.
2451.968503937008 700.7874015748032 277.1653543307087 67.71653543307086 signée
2645.6692913385828 700.7874015748032 193.70078740157481 67.71653543307086 Cte
2755.9055118110236 700.7874015748032 166.9291338582677 67.71653543307086 de
2812.5984251968503 700.7874015748032 110.23622047244095 67.71653543307086 la

1609.4488188976377 776.3779527559055 532.2834645669292 67.71653543307086 Ferronnaye,
2036.2204724409448 776.3779527559055 354.3307086614173 67.71653543307086 Paris,
2285.0393700787404 776.3779527559055 319.68503937007875 67.71653543307086 1814,
2497.6377952755906 776.3779527559055 177.95275590551182 67.71653543307086 1
2568.503937007874 776.3779527559055 212.5984251968504 67.71653543307086 p.
2639.3700787401576 776.3779527559055 283.46456692913387 67.71653543307086 in

2716.535433070866 856.6929133858267 181.10236220472441 51.968503937007874 10
2776.3779527559054 856.6929133858267 151.1811023622047 51.968503937007874 fr.

1749.6062992125985 932.2834645669292 374.8031496062992 58.267716535433074 Permission
2044.0944881889764 932.2834645669292 133.85826771653544 58.267716535433074 à
2097.6377952755906 932.2834645669292 240.9448818897638 58.267716535433074 G.
2258.267716535433 932.2834645669292 401.5748031496063 58.267716535433074 Mercier
2581.1023622047246 932.2834645669292 160.62992125984252 58.267716535433074 de
2661.417322834646 932.2834645669292 267.7165354330709 58.267716535433074 porter
2822.047244094488 932.2834645669292 107.08661417322834 58.267716535433074 la

1677.1653543307086 988.9763779527559 429.9212598425197 56.69291338582677 décoration
2014.1732283464567 988.9763779527559 184.251968503937 56.69291338582677 de
2105.511811023622 988.9763779527559 184.251968503937 56.69291338582677 la
2196.850393700787 988.9763779527559 275.59055118110234 56.69291338582677 fleur
2381.1023622047246 988.9763779527559 184.251968503937 56.69291338582677 de
2442.51968503937 988.9763779527559 184.251968503937 56.69291338582677 Lys.

1543.3070866141732 1080.3149606299212 251.96850393700788 75.59055118110236 4290
1700.7874015748032 1080.3149606299212 568.503937007874 75.59055118110236 DÉJAZET
2174.803149606299 1080.3149606299212 474.01574803149606 75.59055118110236 (Virginie),
2552.755905511811 1080.3149606299212 348.0314960629921 75.59055118110236 célèbre
2774.803149606299 1080.3149606299212 157.48031496062993 75.59055118110236 ar

1620.4724409448818 1165.3543307086613 302.3622047244094 64.56692913385827 tiste
1822.0472440944882 1165.3543307086613 503.93700787401576 64.56692913385827 dramatique.
2223.6220472440946 1165.3543307086613 168.50393700787401 64.56692913385827 —
2291.3385826771655 1165.3543307086613 269.29133858267716 64.56692913385827 Deux
2459.8425196850394 1165.3543307086613 368.503937007874 64.56692913385827 lettres
2727.5590551181103 1165.3543307086613 201.5748031496063 64.56692913385827 a.
2795.2755905511813 1165.3543307086613 133.85826771653544 64.56692913385827 s.

1615.748031496063 1240.9448818897638 165.35433070866142 64.56692913385827 à
1681.8897637795276 1240.9448818897638 198.4251968503937 64.56692913385827 M.
1781.1023622047244 1240.9448818897638 363.7795275590551 64.56692913385827 Garnier
2045.6692913385828 1240.9448818897638 297.6377952755906 64.56692913385827 ens.;
2244.0944881889764 1240.9448818897638 165.35433070866142 64.56692913385827 7
2311.8110236220473 1240.9448818897638 297.6377952755906 64.56692913385827 pages
2510.236220472441 1240.9448818897638 264.56692913385825 64.56692913385827 in-8
2642.51968503937 1240.9448818897638 297.6377952755906 64.56692913385827 (légers

1592.1259842519685 1316.5354330708662 1107.0866141732283 62.99212598425197 raccommodages).
2524.4094488188975 1316.5354330708662 349.6062992125984 62.99212598425197 30
2640.9448818897636 1316.5354330708662 291.33858267716533 62.99212598425197 fr.

1749.6062992125985 1414.1732283464567 362.20472440944883 53.54330708661417 Lettres
2014.1732283464567 1414.1732283464567 296.06299212598424 53.54330708661417 ayant
2211.0236220472443 1414.1732283464567 362.20472440944883 53.54330708661417 rapport
2475.5905511811025 1414.1732283464567 165.35433070866142 53.54330708661417 à
2541.732283464567 1414.1732283464567 231.49606299212599 53.54330708661417 son
2672.4409448818897 1414.1732283464567 264.56692913385825 53.54330708661417 état
2804.7244094488187 1414.1732283464567 132.28346456692913 53.54330708661417 de

1683.4645669291338 1469.291338582677 281.8897637795276 45.669291338582674 santé
1872.4409448818897 1469.291338582677 188.9763779527559 45.669291338582674 et
1965.3543307086613 1469.291338582677 157.48031496062993 45.669291338582674 à
2028.3464566929133 1469.291338582677 188.9763779527559 45.669291338582674 sa
2122.834645669291 1469.291338582677 376.37795275590554 45.669291338582674 mauvaise
2404.7244094488187 1469.291338582677 407.87401574803147 45.669291338582674 situation
2688.1889763779527 1469.291338582677 250.39370078740157 45.669291338582674 finan-

1685.0393700787401 1527.5590551181103 299.21259842519686 55.118110236220474 cière.
1894.4881889763778 1527.5590551181103 179.5275590551181 55.118110236220474 Il
1984.251968503937 1527.5590551181103 209.4488188976378 55.118110236220474 lui
2102.3622047244094 1527.5590551181103 209.4488188976378 55.118110236220474 est
2222.047244094488 1527.5590551181103 417.3228346456693 55.118110236220474 impossible
2551.181102362205 1527.5590551181103 179.5275590551181 55.118110236220474 de
2639.3700787401576 1527.5590551181103 269.29133858267716 55.118110236220474 payer
2788.9763779527557 1527.5590551181103 149.60629921259843 55.118110236220474 son

1686.6141732283465 1582.6771653543308 280.31496062992125 45.669291338582674 billet
1883.4645669291338 1582.6771653543308 168.50393700787401 45.669291338582674 de
1966.9291338582677 1582.6771653543308 196.8503937007874 45.669291338582674 fin
2050.3937007874015 1582.6771653543308 196.8503937007874 45.669291338582674 août.

1544.8818897637796 1675.5905511811025 278.74015748031496 62.99212598425197 4291
1719.6850393700788 1675.5905511811025 699.2125984251968 62.99212598425197 DELACROIX
2313.3858267716537 1675.5905511811025 453.54330708661416 62.99212598425197 (Eugène),
2626.771653543307 1675.5905511811025 314.96062992125985 62.99212598425197 célèbre

1625.1968503937007 1751.1811023622047 335.43307086614175 62.99212598425197 peintre.
1877.1653543307086 1751.1811023622047 140.15748031496062 62.99212598425197 —
1933.8582677165355 1751.1811023622047 363.7795275590551 62.99212598425197 a)
2214.1732283464567 1751.1811023622047 168.50393700787401 62.99212598425197 L.
2297.6377952755906 1751.1811023622047 168.50393700787401 62.99212598425197 a.
2381.1023622047246 1751.1811023622047 168.50393700787401 62.99212598425197 s.
2466.1417322834645 1751.1811023622047 251.96850393700788 62.99212598425197 1861,
2633.0708661417325 1751.1811023622047 140.15748031496062 62.99212598425197 1
2689.763779527559 1751.1811023622047 168.50393700787401 62.99212598425197 p.
2746.4566929133857 1751.1811023622047 195.2755905511811 62.99212598425197 in

2730.7086614173227 1826.7716535433071 181.10236220472441 50.39370078740158 20
2790.551181102362 1826.7716535433071 151.1811023622047 50.39370078740158 fr.

1760.6299212598426 1905.5118110236222 182.6771653543307 55.118110236220474 Au
1851.9685039370079 1905.5118110236222 274.01574803149606 55.118110236220474 sujet
2033.0708661417323 1905.5118110236222 182.6771653543307 55.118110236220474 de
2124.4094488188975 1905.5118110236222 333.8582677165354 55.118110236220474 l’envoi
2368.503937007874 1905.5118110236222 182.6771653543307 55.118110236220474 de
2458.267716535433 1905.5118110236222 333.8582677165354 55.118110236220474 billets
2702.3622047244094 1905.5118110236222 242.51968503937007 55.118110236220474 pour
2823.6220472440946 1905.5118110236222 121.25984251968504 55.118110236220474 un

1669.291338582677 1962.2047244094488 159.0551181102362 44.09448818897638 bal.

1636.2204724409448 2051.968503937008 395.2755905511811 64.56692913385827 b)
1940.1574803149606 2051.968503937008 182.6771653543307 64.56692913385827 L.
2031.4960629921259 2051.968503937008 182.6771653543307 64.56692913385827 a.
2122.834645669291 2051.968503937008 182.6771653543307 64.56692913385827 s.
2214.1732283464567 2051.968503937008 274.01574803149606 64.56692913385827 1857,
2396.850393700787 2051.968503937008 152.75590551181102 64.56692913385827 1
2458.267716535433 2051.968503937008 182.6771653543307 64.56692913385827 p.
2549.6062992125985 2051.968503937008 274.01574803149606 64.56692913385827 in-4.
2732.283464566929 2051.968503937008 182.6771653543307 64.56692913385827 20
2792.1259842519685 2051.968503937008 152.75590551181102 64.56692913385827 fr.

1765.3543307086613 2151.181102362205 196.8503937007874 55.118110236220474 Il
1864.5669291338584 2151.181102362205 262.99212598425197 55.118110236220474 prie
2028.3464566929133 2151.181102362205 229.92125984251967 55.118110236220474 son
2160.6299212598424 2151.181102362205 559.0551181102362 55.118110236220474 correspondant
2587.4015748031497 2151.181102362205 362.20472440944883 55.118110236220474 d’excuser

1691.3385826771653 2209.448818897638 244.09448818897638 51.968503937007874 son
1831.4960629921259 2209.448818897638 418.8976377952756 51.968503937007874 absence,
2144.8818897637793 2209.448818897638 314.96062992125985 51.968503937007874 ayant
2355.9055118110236 2209.448818897638 314.96062992125985 51.968503937007874 gardé
2565.3543307086616 2209.448818897638 209.4488188976378 51.968503937007874 la
2634.6456692913384 2209.448818897638 314.96062992125985 51.968503937007874 chambre

1696.0629921259842 2266.1417322834645 303.93700787401576 53.54330708661417 depuis
1908.6614173228347 2266.1417322834645 272.4409448818898 53.54330708661417 trois
2059.8425196850394 2266.1417322834645 333.8582677165354 53.54330708661417 semaines.

1552.755905511811 2355.9055118110236 302.3622047244094 62.99212598425197 4292
1741.732283464567 2355.9055118110236 718.1102362204724 62.99212598425197 DELAMBRE
2308.6614173228345 2355.9055118110236 642.5196850393701 62.99212598425197 (Jean

1629.9212598425197 2431.496062992126 440.9448818897638 62.99212598425197 Joseph),
1960.6299212598426 2431.496062992126 403.1496062992126 62.99212598425197 célèbre
2253.5433070866143 2431.496062992126 513.3858267716536 62.99212598425197 astronome.
2656.6929133858266 2431.496062992126 184.251968503937 62.99212598425197 —
2694.488188976378 2431.496062992126 256.6929133858268 62.99212598425197 Pièce

1636.2204724409448 2507.0866141732286 256.6929133858268 62.99212598425197 aut.
1796.8503937007874 2507.0866141732286 192.1259842519685 62.99212598425197 s,
1892.9133858267717 2507.0866141732286 289.76377952755905 62.99212598425197 1814,
2085.0393700787404 2507.0866141732286 160.62992125984252 62.99212598425197 1
2149.6062992125985 2507.0866141732286 192.1259842519685 62.99212598425197 p.
2245.6692913385828 2507.0866141732286 289.76377952755905 62.99212598425197 petit
2439.3700787401576 2507.0866141732286 289.76377952755905 62.99212598425197 in-4,
2631.496062992126 2507.0866141732286 160.62992125984252 62.99212598425197 à
2662.9921259842517 2507.0866141732286 289.76377952755905 62.99212598425197 en

1640.9448818897638 2582.6771653543306 160.62992125984252 59.84251968503937 de
1721.259842519685 2582.6771653543306 456.6929133858268 59.84251968503937 l'Institut
2097.6377952755906 2582.6771653543306 160.62992125984252 59.84251968503937 de
2177.952755905512 2582.6771653543306 403.1496062992126 59.84251968503937 France,
2499.212598425197 2582.6771653543306 267.7165354330709 59.84251968503937 collée
2688.1889763779527 2582.6771653543306 187.4015748031496 59.84251968503937 sur
2768.503937007874 2582.6771653543306 187.4015748031496 59.84251968503937 bris-

1552.755905511811 2658.267716535433 933.8582677165355 50.39370078740158 tol.
2135.433070866142 2658.267716535433 700.7874015748032 50.39370078740158 50
2370.0787401574803 2658.267716535433 582.6771653543307 50.39370078740158 fr.

1771.6535433070867 2755.9055118110236 330.70866141732284 44.09448818897638 Lettre
2003.1496062992126 2755.9055118110236 562.2047244094488 44.09448818897638 intéressante.
2464.566929133858 2755.9055118110236 462.99212598425197 44.09448818897638 «Martianus
2795.2755905511813 2755.9055118110236 165.35433070866142 44.09448818897638 Mi-

1707.0866141732283 2812.5984251968503 285.03937007874015 53.54330708661417 nucius
1905.5118110236222 2812.5984251968503 256.6929133858268 53.54330708661417 Félix
2077.165354330709 2812.5984251968503 313.38582677165357 53.54330708661417 Capella
2303.9370078740158 2812.5984251968503 170.07874015748033 53.54330708661417 le
2390.551181102362 2812.5984251968503 455.11811023622045 53.54330708661417 Carthaginois
2760.6299212598424 2812.5984251968503 198.4251968503937 53.54330708661417 est
2845.6692913385828 2812.5984251968503 113.38582677165354 53.54330708661417 un

1708.6614173228347 2869.2913385826773 458.26771653543307 53.54330708661417 compilateur
2074.015748031496 2869.2913385826773 274.01574803149606 53.54330708661417 assez
2256.6929133858266 2869.2913385826773 396.8503937007874 53.54330708661417 maladroit
2562.2047244094488 2869.2913385826773 214.17322834645668 53.54330708661417 qui
2685.0393700787404 2869.2913385826773 274.01574803149606 53.54330708661417 copie
2837.7952755905512 2869.2913385826773 122.83464566929133 53.54330708661417 ce

1710.236220472441 2924.4094488188975 262.99212598425197 55.118110236220474 qu’il
1885.0393700787401 2924.4094488188975 146.45669291338584 55.118110236220474 a
1943.3070866141732 2924.4094488188975 174.8031496062992 55.118110236220474 lu
2029.9212598425197 2924.4094488188975 233.0708661417323 55.118110236220474 sans
2176.3779527559054 2924.4094488188975 174.8031496062992 55.118110236220474 le
2262.9921259842517 2924.4094488188975 407.87401574803147 55.118110236220474 comprendre
2584.251968503937 2924.4094488188975 174.8031496062992 55.118110236220474 et
2670.8661417322833 2924.4094488188975 204.7244094488189 55.118110236220474 qui
2759.0551181102364 2924.4094488188975 204.7244094488189 55.118110236220474 n’est

1705.5118110236222 2982.6771653543306 237.79527559055117 53.54330708661417 pas
1842.5196850393702 2982.6771653543306 406.2992125984252 53.54330708661417 toujours
2146.4566929133857 2982.6771653543306 406.2992125984252 53.54330708661417 d’accord
2451.968503937008 2982.6771653543306 270.86614173228344 53.54330708661417 avec
2587.4015748031497 2982.6771653543306 373.2283464566929 53.54330708661417 lui

1700.7874015748032 3039.3700787401576 245.66929133858267 53.54330708661417 mais
1855.1181102362204 3039.3700787401576 184.251968503937 53.54330708661417 il
1948.0314960629921 3039.3700787401576 154.33070866141733 53.54330708661417 a
2009.4488188976377 3039.3700787401576 400.0 53.54330708661417 rencontré
2316.535433070866 3039.3700787401576 370.0787401574803 53.54330708661417 quelques
2593.700787401575 3039.3700787401576 308.66141732283467 53.54330708661417 lignes
2779.527559055118 3039.3700787401576 184.251968503937 53.54330708661417 fort

1710.236220472441 3094.488188976378 313.38582677165357 55.118110236220474 justes
1929.1338582677165 3094.488188976378 187.4015748031496 55.118110236220474 et
2023.6220472440946 3094.488188976378 250.39370078740157 55.118110236220474 fort
2181.1023622047246 3094.488188976378 313.38582677165357 55.118110236220474 saines
2400.0 3094.488188976378 218.89763779527559 55.118110236220474 sur
2524.4094488188975 3094.488188976378 187.4015748031496 55.118110236220474 la
2618.8976377952754 3094.488188976378 344.88188976377955 55.118110236220474 théorie
2837.7952755905512 3094.488188976378 125.98425196850394 55.118110236220474 de

1713.3858267716535 3151.181102362205 344.88188976377955 53.54330708661417 Mercure
1963.7795275590552 3151.181102362205 187.4015748031496 53.54330708661417 et
2058.267716535433 3151.181102362205 187.4015748031496 53.54330708661417 de
2151.181102362205 3151.181102362205 313.38582677165357 53.54330708661417 Vénus.
2370.0787401574803 3151.181102362205 187.4015748031496 53.54330708661417 Il
2464.566929133858 3151.181102362205 344.88188976377955 53.54330708661417 annonce
2683.464566929134 3151.181102362205 281.8897637795276 53.54330708661417 positi-

1710.236220472441 3207.8740157480315 285.03937007874015 55.118110236220474 vement
1910.236220472441 3207.8740157480315 200.0 55.118110236220474 que
2023.6220472440946 3207.8740157480315 171.6535433070866 55.118110236220474 la
2110.236220472441 3207.8740157480315 256.6929133858268 55.118110236220474 terre
2280.314960629921 3207.8740157480315 256.6929133858268 55.118110236220474 n’est
2451.968503937008 3207.8740157480315 200.0 55.118110236220474 pas
2565.3543307086616 3207.8740157480315 171.6535433070866 55.118110236220474 le
2651.968503937008 3207.8740157480315 285.03937007874015 55.118110236220474 Centre
2822.047244094488 3207.8740157480315 143.30708661417322 55.118110236220474 des

1711.8110236220473 3267.716535433071 470.86614173228344 51.968503937007874 mouvements
2081.8897637795276 3267.716535433071 236.2204724409449 51.968503937007874 des
2215.748031496063 3267.716535433071 470.86614173228344 51.968503937007874 planètes.»
2552.755905511811 3267.716535433071 201.5748031496063 51.968503937007874 etc.

1570.0787401574803 3365.3543307086616 338.5826771653543 61.41732283464567 4293
1782.6771653543308 3365.3543307086616 1100.7874015748032 61.41732283464567 DELARUE-MARDRUS
2713.3858267716537 3365.3543307086616 253.54330708661416 61.41732283464567 (Mme

1655.1181102362204 3440.9448818897636 370.0787401574803 64.56692913385827 Lucie),
1924.4094488188975 3440.9448818897636 302.3622047244094 64.56692913385827 femme
2125.984251968504 3440.9448818897636 201.5748031496063 64.56692913385827 de
2226.771653543307 3440.9448818897636 403.1496062992126 64.56692913385827 lettres.
2529.1338582677167 3440.9448818897636 168.50393700787401 64.56692913385827 —
2596.850393700787 3440.9448818897636 201.5748031496063 64.56692913385827 L.
2697.6377952755906 3440.9448818897636 201.5748031496063 64.56692913385827 a.
2798.4251968503936 3440.9448818897636 201.5748031496063 64.56692913385827 s.
2866.1417322834645 3440.9448818897636 100.78740157480316 64.56692913385827 à

1651.9685039370079 3514.9606299212596 212.5984251968504 64.56692913385827 un
1759.0551181102362 3514.9606299212596 461.4173228346457 64.56692913385827 confrère,
2114.9606299212596 3514.9606299212596 319.68503937007875 64.56692913385827 1921,
2327.5590551181103 3514.9606299212596 177.95275590551182 64.56692913385827 3
2398.4251968503936 3514.9606299212596 212.5984251968504 64.56692913385827 p.
2505.511811023622 3514.9606299212596 319.68503937007875 64.56692913385827 in-8.
2718.1102362204724 3514.9606299212596 212.5984251968504 64.56692913385827 20
2788.9763779527557 3514.9606299212596 177.95275590551182 64.56692913385827 fr.

1790.5511811023623 3611.0236220472443 296.06299212598424 45.669291338582674 Lettre
1998.4251968503936 3611.0236220472443 472.4409448818898 45.669291338582674 intéressante
2382.6771653543306 3611.0236220472443 148.03149606299212 45.669291338582674 à
2440.9448818897636 3611.0236220472443 266.1417322834646 45.669291338582674 cause
2618.8976377952754 3611.0236220472443 177.95275590551182 45.669291338582674 de
2707.0866141732286 3611.0236220472443 177.95275590551182 45.669291338582674 la
2766.9291338582675 3611.0236220472443 206.29921259842519 45.669291338582674 liste

1721.259842519685 3669.2913385826773 193.70078740157481 53.54330708661417 de
1817.3228346456692 3669.2913385826773 225.1968503937008 53.54330708661417 ses
1946.4566929133857 3669.2913385826773 354.3307086614173 53.54330708661417 œuvres,
2203.149606299213 3669.2913385826773 354.3307086614173 53.54330708661417 classée
2459.8425196850394 3669.2913385826773 225.1968503937008 53.54330708661417 par
2588.9763779527557 3669.2913385826773 385.8267716535433 53.54330708661417 éditeurs
2845.6692913385828 3669.2913385826773 129.13385826771653 53.54330708661417 et

1719.6850393700788 3727.5590551181103 237.79527559055117 53.54330708661417 qui
1856.6929133858268 3727.5590551181103 407.87401574803147 53.54330708661417 commence
2162.2047244094488 3727.5590551181103 237.79527559055117 53.54330708661417 par
2297.6377952755906 3727.5590551181103 237.79527559055117 53.54330708661417 «un
2433.0708661417325 3727.5590551181103 305.51181102362204 53.54330708661417 grand
2636.220472440945 3727.5590551181103 237.79527559055117 53.54330708661417 Zut
2738.582677165354 3727.5590551181103 237.79527559055117 53.54330708661417 cour

1688.1889763779527 3784.251968503937 302.3622047244094 42.51968503937008 roucé.»

1587.4015748031495 3874.015748031496 277.1653543307087 72.44094488188976 4294
1760.6299212598426 3874.015748031496 659.8425196850394 72.44094488188976 DELCASSÉ
2316.535433070866 3874.015748031496 555.9055118110236 72.44094488188976 (Théophile),
2733.8582677165355 3874.015748031496 242.51968503937007 72.44094488188976 homme

1662.992125984252 3959.0551181102364 448.81889763779526 62.99212598425197 politique
2009.4488188976377 3959.0551181102364 173.22834645669292 62.99212598425197 —
2077.165354330709 3959.0551181102364 207.8740157480315 62.99212598425197 L.
2181.1023622047246 3959.0551181102364 207.8740157480315 62.99212598425197 a.
2285.0393700787404 3959.0551181102364 207.8740157480315 62.99212598425197 s.
2388.9763779527557 3959.0551181102364 311.81102362204723 62.99212598425197 1897,
2596.850393700787 3959.0551181102364 173.22834645669292 62.99212598425197 1
2664.566929133858 3959.0551181102364 207.8740157480315 62.99212598425197 p.
2733.8582677165355 3959.0551181102364 242.51968503937007 62.99212598425197 in

2766.9291338582675 4034.6456692913384 182.6771653543307 48.818897637795274 15
2826.771653543307 4034.6456692913384 152.75590551181102 48.818897637795274 fr.

1593.7007874015749 4135.433070866142 264.56692913385825 62.99212598425197 4295
1759.0551181102362 4135.433070866142 595.2755905511812 62.99212598425197 DELIBES
2255.1181102362207 4135.433070866142 330.70866141732284 62.99212598425197 (Léo),
2485.0393700787404 4135.433070866142 496.06299212598424 62.99212598425197 compositeur
2848.818897637795 4135.433070866142 132.28346456692913 62.99212598425197 de

1669.291338582677 4211.023622047244 403.1496062992126 64.56692913385827 musique.
1971.6535433070867 4211.023622047244 168.50393700787401 64.56692913385827 —
2039.3700787401574 4211.023622047244 201.5748031496063 64.56692913385827 L.
2140.1574803149606 4211.023622047244 201.5748031496063 64.56692913385827 a.
2240.9448818897636 4211.023622047244 201.5748031496063 64.56692913385827 s.
2341.732283464567 4211.023622047244 168.50393700787401 64.56692913385827 3
2409.448818897638 4211.023622047244 201.5748031496063 64.56692913385827 p.
2510.236220472441 4211.023622047244 337.00787401574803 64.56692913385827 in-12.
2744.8818897637793 4211.023622047244 201.5748031496063 64.56692913385827 25
2812.5984251968503 4211.023622047244 168.50393700787401 64.56692913385827 fr.

1800.0 4308.6614173228345 373.2283464566929 55.118110236220474 Réponse
2072.4409448818897 4308.6614173228345 170.07874015748033 55.118110236220474 à
2140.1574803149606 4308.6614173228345 237.79527559055117 55.118110236220474 une
2275.5905511811025 4308.6614173228345 508.66141732283467 55.118110236220474 invitation.
2681.8897637795276 4308.6614173228345 305.51181102362204 55.118110236220474 «Rien
2851.968503937008 4308.6614173228345 135.43307086614172 55.118110236220474 ne

1737.007874015748 4366.929133858268 177.95275590551182 53.54330708661417 me
1826.7716535433071 4366.929133858268 297.6377952755906 53.54330708661417 serait
2034.6456692913387 4366.929133858268 237.79527559055117 53.54330708661417 plus
2184.251968503937 4366.929133858268 357.4803149606299 53.54330708661417 agréable
2451.968503937008 4366.929133858268 207.8740157480315 53.54330708661417 que
2570.0787401574803 4366.929133858268 177.95275590551182 53.54330708661417 de
2659.8425196850394 4366.929133858268 207.8740157480315 53.54330708661417 m’y
2749.6062992125985 4366.929133858268 237.79527559055117 53.54330708661417 rendre

1733.8582677165355 4423.622047244095 198.4251968503937 42.51968503937008 et
1833.0708661417323 4423.622047244095 198.4251968503937 42.51968503937008 de
1932.283464566929 4423.622047244095 198.4251968503937 42.51968503937008 me
2031.4960629921259 4423.622047244095 363.7795275590551 42.51968503937008 trouver
2296.0629921259842 4423.622047244095 264.56692913385825 42.51968503937008 chez
2459.8425196850394 4423.622047244095 264.56692913385825 42.51968503937008 vous
2625.196850393701 4423.622047244095 264.56692913385825 42.51968503937008 avec
2757.48031496063 4423.622047244095 231.49606299212599 42.51968503937008 Made-

1738.5826771653544 4478.740157480315 366.92913385826773 44.09448818897638 moiselle
2012.5984251968505 4478.740157480315 396.8503937007874 44.09448818897638 Arnoldson
2318.1102362204724 4478.740157480315 182.6771653543307 44.09448818897638 et
2409.448818897638 4478.740157480315 366.92913385826773 44.09448818897638 Monsieur
2653.5433070866143 4478.740157480315 335.43307086614175 44.09448818897638 Meilhac.»

1600.0 4579.527559055118 285.03937007874015 62.99212598425197 4296
1777.9527559055118 4579.527559055118 640.9448818897638 62.99212598425197 DEMBLON
2313.3858267716537 4579.527559055118 533.8582677165355 62.99212598425197 (Célestin),
2703.9370078740158 4579.527559055118 285.03937007874015 62.99212598425197 député

1672.4409448818897 4653.543307086614 366.92913385826773 62.99212598425197 belge,
1929.1338582677165 4653.543307086614 513.3858267716536 62.99212598425197 professeur
2330.7086614173227 4653.543307086614 182.6771653543307 62.99212598425197 à
2404.7244094488187 4653.543307086614 585.8267716535433 62.99212598425197 l’Université
2844.0944881889764 4653.543307086614 146.45669291338584 62.99212598425197 de

1670.8661417322835 4729.133858267716 499.21259842519686 58.267716535433074 Bruxelles,
2064.566929133858 4729.133858267716 428.34645669291336 58.267716535433074 l’auteur
2385.8267716535433 4729.133858267716 214.17322834645668 58.267716535433074 de
2492.9133858267714 4729.133858267716 321.25984251968504 58.267716535433074 «Lord
2670.8661417322833 4729.133858267716 321.25984251968504 58.267716535433074 Rutland

1681.8897637795276 4804.724409448819 223.6220472440945 62.99212598425197 est
1809.4488188976377 4804.724409448819 544.8818897637796 62.99212598425197 Shakespeare».
2258.267716535433 4804.724409448819 160.62992125984252 62.99212598425197 —
2321.259842519685 4804.724409448819 192.1259842519685 62.99212598425197 L.
2417.3228346456694 4804.724409448819 192.1259842519685 62.99212598425197 a.
2513.3858267716537 4804.724409448819 192.1259842519685 62.99212598425197 s.
2609.448818897638 4804.724409448819 160.62992125984252 62.99212598425197 à
2674.015748031496 4804.724409448819 192.1259842519685 62.99212598425197 un
2737.0078740157483 4804.724409448819 256.6929133858268 62.99212598425197 poète,

1662.992125984252 4878.740157480315 499.21259842519686 62.99212598425197 1918;
1995.275590551181 4878.740157480315 277.1653543307087 62.99212598425197 2
2107.0866141732286 4878.740157480315 332.2834645669291 62.99212598425197 p.
2272.4409448818897 4878.740157480315 499.21259842519686 62.99212598425197 in-8.
2604.7244094488187 4878.740157480315 332.2834645669291 62.99212598425197 20
2716.535433070866 4878.740157480315 277.1653543307087 62.99212598425197 fr.

774.8031496062993 5011.023622047244 428.34645669291336 69.29133858267717 ACHAT
1059.8425196850394 5011.023622047244 285.03937007874015 69.29133858267717 DE
1203.1496062992126 5011.023622047244 475.59055118110234 69.29133858267717 LIVRES
1535.4330708661416 5011.023622047244 285.03937007874015 69.29133858267717 ET
1629.9212598425197 5011.023622047244 713.3858267716536 69.29133858267717 D’AUTOGRAPHES
