3349.6062992125985 5393.700787401574
357.4803149606299 291.33858267716533 151.1811023622047 64.56692913385827 10

2322.834645669291 314.96062992125985 581.1023622047244 50.39370078740158 LIBRAIRIE
2768.503937007874 314.96062992125985 401.5748031496063 50.39370078740158 SIMON
2992.1259842519685 314.96062992125985 223.6220472440945 50.39370078740158 KRA

598.4251968503937 439.37007874015745 209.4488188976378 55.118110236220474 «Je
718.1102362204724 439.37007874015745 239.37007874015748 55.118110236220474 vous
867.7165354330708 439.37007874015745 360.62992125984255 55.118110236220474 remercie
1138.5826771653544 439.37007874015745 239.37007874015748 55.118110236220474 pour
1288.1889763779527 439.37007874015745 269.29133858267716 55.118110236220474 votre
1437.7952755905512 439.37007874015745 330.70866141732284 55.118110236220474 flatteuse

521.2598425196851 496.06299212598424 524.4094488188977 51.968503937007874 appréciation
948.0314960629921 496.06299212598424 196.8503937007874 51.968503937007874 de
1047.244094488189 496.06299212598424 196.8503937007874 51.968503937007874 ma
1144.8818897637796 496.06299212598424 459.84251968503935 51.968503937007874 découverte
1472.4409448818897 496.06299212598424 296.06299212598424 51.968503937007874 Rutlan-

524.4094488188977 551.1811023622047 341.73228346456693 56.69291338582677 dienne.
773.2283464566929 551.1811023622047 248.8188976377953 56.69291338582677 Elle
929.1338582677165 551.1811023622047 185.82677165354332 56.69291338582677 va
1022.0472440944882 551.1811023622047 341.73228346456693 56.69291338582677 prendre
1270.8661417322835 551.1811023622047 217.3228346456693 56.69291338582677 des
1363.7795275590552 551.1811023622047 403.1496062992126 56.69291338582677 proportions

519.6850393700787 611.0236220472441 248.8188976377953 53.54330708661417 que
661.4173228346457 611.0236220472441 248.8188976377953 53.54330708661417 peu
803.1496062992126 611.0236220472441 212.5984251968504 53.54330708661417 de
908.6614173228346 611.0236220472441 461.4173228346457 53.54330708661417 personnes
1228.3464566929133 611.0236220472441 532.2834645669292 53.54330708661417 soupçonnent.»

381.1023622047244 707.0866141732283 289.76377952755905 66.14173228346456 4297
562.2047244094488 707.0866141732283 762.2047244094488 66.14173228346456 DESAUGIERS
1179.5275590551182 707.0866141732283 581.1023622047244 66.14173228346456 (Marc-

461.4173228346457 782.6771653543307 453.54330708661416 64.56692913385827 Madeleine),
823.6220472440945 782.6771653543307 483.46456692913387 64.56692913385827 chansonnier.
1217.3228346456692 782.6771653543307 151.1811023622047 64.56692913385827 —
1278.740157480315 782.6771653543307 272.4409448818898 64.56692913385827 Le
1429.9212598425197 782.6771653543307 332.2834645669291 64.56692913385827 vieux

462.99212598425197 858.2677165354331 486.61417322834643 66.14173228346456 Soldat,
867.7165354330708 858.2677165354331 297.6377952755906 66.14173228346456 chanson
1085.0393700787401 858.2677165354331 297.6377952755906 66.14173228346456 signée,
1300.7874015748032 858.2677165354331 270.86614173228344 66.14173228346456 écrite
1489.763779527559 858.2677165354331 162.20472440944883 66.14173228346456 et
1544.8818897637796 858.2677165354331 215.748031496063 66.14173228346456 égale-

451.9685039370079 933.8582677165355 308.66141732283467 62.99212598425197 ment
644.0944881889764 933.8582677165355 385.8267716535433 62.99212598425197 signée
913.3858267716536 933.8582677165355 269.29133858267716 62.99212598425197 par
1067.716535433071 933.8582677165355 269.29133858267716 62.99212598425197 son
1182.6771653543308 933.8582677165355 577.9527559055118 62.99212598425197 collaborateur

456.6929133858268 1007.8740157480315 333.8582677165354 66.14173228346456 Gentil
689.7637795275591 1007.8740157480315 200.0 66.14173228346456 de
788.9763779527559 1007.8740157480315 466.1417322834646 66.14173228346456 Chavagnac,
1155.9055118110236 1007.8740157480315 166.9291338582677 66.14173228346456 3
1222.0472440944882 1007.8740157480315 200.0 66.14173228346456 p.
1322.8346456692914 1007.8740157480315 299.21259842519686 66.14173228346456 in-4.
1522.8346456692914 1007.8740157480315 200.0 66.14173228346456 20
1588.976377952756 1007.8740157480315 166.9291338582677 66.14173228346456 fr.

519.6850393700787 1096.0629921259842 325.98425196850394 55.118110236220474 D’puis
771.6535433070866 1096.0629921259842 226.77165354330708 55.118110236220474 vingt
921.2598425196851 1096.0629921259842 201.5748031496063 55.118110236220474 ans,
1047.244094488189 1096.0629921259842 300.78740157480314 55.118110236220474 d'succès
1274.015748031496 1096.0629921259842 151.1811023622047 55.118110236220474 en
1324.4094488188975 1096.0629921259842 300.78740157480314 55.118110236220474 succès

519.6850393700787 1154.3307086614172 305.51181102362204 55.118110236220474 J’ons
749.6062992125984 1154.3307086614172 280.31496062992125 55.118110236220474 prom’né
952.7559055118111 1154.3307086614172 407.87401574803147 55.118110236220474 c't'uniforme
1258.267716535433 1154.3307086614172 357.4803149606299 55.118110236220474 français

522.8346456692914 1209.4488188976377 360.62992125984255 56.69291338582677 Aisément
811.0236220472441 1209.4488188976377 192.1259842519685 56.69291338582677 cela
932.2834645669292 1209.4488188976377 144.88188976377953 56.69291338582677 se
1003.1496062992126 1209.4488188976377 192.1259842519685 56.69291338582677 peut
1100.7874015748032 1209.4488188976377 288.18897637795277 56.69291338582677 croire

521.2598425196851 1266.1417322834645 217.3228346456693 53.54330708661417 Et
666.1417322834645 1266.1417322834645 144.88188976377953 53.54330708661417 ça
738.5826771653543 1266.1417322834645 193.70078740157481 53.54330708661417 sans
859.8425196850394 1266.1417322834645 170.07874015748033 53.54330708661417 un’
955.9055118110236 1266.1417322834645 217.3228346456693 53.54330708661417 tache
1077.1653543307086 1266.1417322834645 387.40157480314963 53.54330708661417 seul’ment.

371.65354330708664 1359.0551181102362 277.1653543307087 72.44094488188976 4298
544.8818897637796 1359.0551181102362 725.9842519685039 72.44094488188976 DESDORIDES
1166.9291338582677 1359.0551181102362 415.748031496063 72.44094488188976 (Louis),
1444.0944881889764 1359.0551181102362 311.81102362204723 72.44094488188976 général

447.244094488189 1442.5196850393702 206.29921259842519 61.41732283464567 de
551.1811023622047 1442.5196850393702 447.244094488189 61.41732283464567 division.
894.488188976378 1442.5196850393702 171.6535433070866 61.41732283464567 —
962.2047244094488 1442.5196850393702 308.66141732283467 61.41732283464567 Pièce
1168.5039370078741 1442.5196850393702 240.9448818897638 61.41732283464567 s.,
1305.5118110236222 1442.5196850393702 343.3070866141732 61.41732283464567 Paris,
1546.4566929133857 1442.5196850393702 206.29921259842519 61.41732283464567 an
1615.748031496063 1442.5196850393702 137.00787401574803 61.41732283464567 V,

448.81889763779526 1518.1102362204724 233.0708661417323 64.56692913385827 une
582.6771653543307 1518.1102362204724 267.7165354330709 64.56692913385827 page
749.6062992125984 1518.1102362204724 200.0 64.56692913385827 in
848.8188976377953 1518.1102362204724 200.0 64.56692913385827 f°
949.6062992125984 1518.1102362204724 401.5748031496063 64.56692913385827 vignette
1250.3937007874015 1518.1102362204724 366.92913385826773 64.56692913385827 gravée.
1518.1102362204724 1518.1102362204724 200.0 64.56692913385827 20
1584.251968503937 1518.1102362204724 166.9291338582677 64.56692913385827 fr.

579.5275590551181 1606.2992125984251 444.09448818897636 55.118110236220474 Certificat
929.1338582677165 1606.2992125984251 286.61417322834643 55.118110236220474 donné
1119.6850393700788 1606.2992125984251 190.5511811023622 55.118110236220474 au
1214.1732283464567 1606.2992125984251 349.6062992125984 55.118110236220474 citoyen
1436.2204724409448 1606.2992125984251 318.1102362204724 55.118110236220474 François

510.23622047244095 1662.992125984252 341.73228346456693 55.118110236220474 Rageau,
759.0551181102362 1662.992125984252 404.7244094488189 55.118110236220474 attestant
1070.8661417322835 1662.992125984252 280.31496062992125 55.118110236220474 qu’il
1256.6929133858268 1662.992125984252 185.82677165354332 55.118110236220474 ne
1349.6062992125985 1662.992125984252 280.31496062992125 55.118110236220474 jouit
1537.007874015748 1662.992125984252 217.3228346456693 55.118110236220474 que
1629.9212598425197 1662.992125984252 124.40944881889764 55.118110236220474 de

503.93700787401576 1719.6850393700788 277.1653543307087 55.118110236220474 2400
677.1653543307086 1719.6850393700788 344.88188976377955 55.118110236220474 francs
918.1102362204724 1719.6850393700788 656.6929133858267 55.118110236220474 d’appointements
1470.8661417322835 1719.6850393700788 242.51968503937007 55.118110236220474 par
1574.8031496062993 1719.6850393700788 173.22834645669292 55.118110236220474 an.

403.1496062992126 1817.3228346456692 7.874015748031496 67.71653543307086 4299
409.4488188976378 1817.3228346456692 9.448818897637794 67.71653543307086 DEVAL
415.748031496063 1817.3228346456692 17.322834645669293 67.71653543307086 (Marguerite),
428.34645669291336 1817.3228346456692 11.023622047244094 67.71653543307086 actrice.

409.4488188976378 1817.3228346456692 242.51968503937007 69.29133858267717 4299
560.6299212598425 1817.3228346456692 486.61417322834643 69.29133858267717 DEVAL
955.9055118110236 1817.3228346456692 516.5354330708661 69.29133858267717 (Marguerite),
1381.1023622047244 1817.3228346456692 365.3543307086614 69.29133858267717 actrice.
1655.1181102362204 1817.3228346456692 152.75590551181102 69.29133858267717 —

445.6692913385827 1894.4881889763778 185.82677165354332 64.56692913385827 L.
538.5826771653543 1894.4881889763778 185.82677165354332 64.56692913385827 a.
631.496062992126 1894.4881889763778 185.82677165354332 64.56692913385827 s.
724.4094488188977 1894.4881889763778 154.33070866141733 64.56692913385827 à
785.8267716535433 1894.4881889763778 494.48818897637796 64.56692913385827 Monsieur...,
1187.4015748031495 1894.4881889763778 154.33070866141733 64.56692913385827 3
1248.8188976377953 1894.4881889763778 185.82677165354332 64.56692913385827 p.
1341.732283464567 1894.4881889763778 277.1653543307087 64.56692913385827 in-8.
1527.5590551181103 1894.4881889763778 185.82677165354332 64.56692913385827 18
1588.976377952756 1894.4881889763778 154.33070866141733 64.56692913385827 fr.

573.2283464566929 1982.6771653543308 337.00787401574803 44.09448818897638 Lettre
807.8740157480315 1982.6771653543308 201.5748031496063 44.09448818897638 de
908.6614173228346 1982.6771653543308 604.7244094488188 44.09448818897638 recommandation
1412.5984251968505 1982.6771653543308 201.5748031496063 44.09448818897638 en
1480.3149606299212 1982.6771653543308 269.29133858267716 44.09448818897638 faveur

503.93700787401576 2037.7952755905512 190.5511811023622 55.118110236220474 de
598.4251968503937 2037.7952755905512 253.54330708661416 55.118110236220474 Mlle
757.4803149606299 2037.7952755905512 316.53543307086613 55.118110236220474 Léonie
946.4566929133858 2037.7952755905512 316.53543307086613 55.118110236220474 Georges.

368.503937007874 2137.0078740157483 244.09448818897638 64.56692913385827 4300
521.2598425196851 2137.0078740157483 551.1811023622047 64.56692913385827 DEVERIA
979.5275590551181 2137.0078740157483 428.34645669291336 64.56692913385827 (Achille),
1316.5354330708662 2137.0078740157483 337.00787401574803 64.56692913385827 célèbre
1530.708661417323 2137.0078740157483 214.17322834645668 64.56692913385827 pein

437.79527559055117 2214.1732283464567 261.4173228346457 58.267716535433074 tre.
601.5748031496063 2214.1732283464567 163.7795275590551 58.267716535433074 —
666.1417322834645 2214.1732283464567 195.2755905511811 58.267716535433074 L.
763.7795275590552 2214.1732283464567 195.2755905511811 58.267716535433074 a.
862.992125984252 2214.1732283464567 195.2755905511811 58.267716535433074 s.
960.6299212598425 2214.1732283464567 163.7795275590551 58.267716535433074 à
1025.1968503937007 2214.1732283464567 456.6929133858268 58.267716535433074 Tamburini,
1384.251968503937 2214.1732283464567 359.0551181102362 58.267716535433074 artiste
1612.5984251968505 2214.1732283464567 130.70866141732284 58.267716535433074 au

440.9448818897638 2288.1889763779527 349.6062992125984 62.99212598425197 Théâtre
694.488188976378 2288.1889763779527 381.1023622047244 62.99212598425197 italien,
979.5275590551181 2288.1889763779527 285.03937007874015 62.99212598425197 1833,
1170.0787401574803 2288.1889763779527 159.0551181102362 62.99212598425197 1
1234.6456692913387 2288.1889763779527 190.5511811023622 62.99212598425197 p.
1329.1338582677165 2288.1889763779527 285.03937007874015 62.99212598425197 in-8.
1519.6850393700788 2288.1889763779527 190.5511811023622 62.99212598425197 36
1582.6771653543308 2288.1889763779527 159.0551181102362 62.99212598425197 fr.

570.0787401574803 2376.3779527559054 294.48818897637796 53.54330708661417 «C’est
776.3779527559055 2376.3779527559054 176.3779527559055 53.54330708661417 un
864.5669291338583 2376.3779527559054 234.64566929133858 53.54330708661417 vrai
1011.0236220472441 2376.3779527559054 322.8346456692913 53.54330708661417 chagrin
1247.244094488189 2376.3779527559054 234.64566929133858 53.54330708661417 pour
1393.7007874015749 2376.3779527559054 206.29921259842519 53.54330708661417 moi
1481.8897637795276 2376.3779527559054 264.56692913385825 53.54330708661417 d’avoir

496.06299212598424 2433.0708661417325 262.99212598425197 55.118110236220474 fait
659.8425196850394 2433.0708661417325 196.8503937007874 55.118110236220474 un
759.0551181102362 2433.0708661417325 393.7007874015748 55.118110236220474 portrait
1053.5433070866143 2433.0708661417325 229.92125984251967 55.118110236220474 qui
1185.8267716535433 2433.0708661417325 196.8503937007874 55.118110236220474 ne
1283.4645669291338 2433.0708661417325 262.99212598425197 55.118110236220474 vous
1447.244094488189 2433.0708661417325 262.99212598425197 55.118110236220474 soit
1579.5275590551182 2433.0708661417325 163.7795275590551 55.118110236220474 pas

496.06299212598424 2489.763779527559 404.7244094488189 55.118110236220474 agréable.
807.8740157480315 2489.763779527559 248.8188976377953 55.118110236220474 Mais
963.7795275590552 2489.763779527559 280.31496062992125 55.118110236220474 quand
1149.6062992125985 2489.763779527559 187.4015748031496 55.118110236220474 je
1244.0944881889764 2489.763779527559 248.8188976377953 55.118110236220474 n’ai
1400.0 2489.763779527559 217.3228346456693 55.118110236220474 pas
1492.9133858267717 2489.763779527559 248.8188976377953 55.118110236220474 réussi

496.06299212598424 2544.8818897637793 155.90551181102362 55.118110236220474 à
559.0551181102362 2544.8818897637793 187.4015748031496 55.118110236220474 un
651.9685039370079 2544.8818897637793 374.8031496062992 55.118110236220474 travail,
932.2834645669292 2544.8818897637793 187.4015748031496 55.118110236220474 il
1026.7716535433071 2544.8818897637793 280.31496062992125 55.118110236220474 m’est
1212.5984251968505 2544.8818897637793 436.2204724409449 55.118110236220474 impossible
1555.9055118110236 2544.8818897637793 187.4015748031496 55.118110236220474 de
1618.8976377952756 2544.8818897637793 124.40944881889764 55.118110236220474 le

451.9685039370079 2615.748031496063 540.1574803149606 31.496062992125985 recommencer.»

351.18110236220474 2700.787401574803 283.46456692913387 64.56692913385827 4301
529.1338582677165 2700.787401574803 675.5905511811023 64.56692913385827 DIDEROT.
1097.6377952755906 2700.787401574803 177.95275590551182 64.56692913385827 —
1168.5039370078741 2700.787401574803 390.5511811023622 64.56692913385827 Article
1417.3228346456692 2700.787401574803 319.68503937007875 64.56692913385827 anonyme

433.07086614173227 2776.3779527559054 170.07874015748033 64.56692913385827 de
518.1102362204724 2776.3779527559054 340.15748031496065 64.56692913385827 critique
773.2283464566929 2776.3779527559054 198.4251968503937 64.56692913385827 sur
886.6141732283464 2776.3779527559054 396.8503937007874 64.56692913385827 l'Essai
1198.4251968503936 2776.3779527559054 198.4251968503937 64.56692913385827 sur
1311.8110236220473 2776.3779527559054 425.1968503937008 64.56692913385827 Sénèque
1623.6220472440946 2776.3779527559054 113.38582677165354 64.56692913385827 de

425.1968503937008 2851.968503937008 461.4173228346457 59.84251968503937 Diderot;
770.0787401574803 2851.968503937008 269.29133858267716 59.84251968503937 ms.
924.4094488188977 2851.968503937008 229.92125984251967 59.84251968503937 du
1039.3700787401574 2851.968503937008 384.251968503937 59.84251968503937 XVIIIe
1308.6614173228347 2851.968503937008 422.0472440944882 59.84251968503937 siècle.
1576.3779527559054 2851.968503937008 154.33070866141733 59.84251968503937 11

406.2992125984252 2927.5590551181103 475.59055118110234 62.99212598425197 pages
724.4094488188977 2927.5590551181103 475.59055118110234 62.99212598425197 petit
1040.9448818897638 2927.5590551181103 475.59055118110234 62.99212598425197 in-4.
1359.0551181102362 2927.5590551181103 318.1102362204724 62.99212598425197 25
1464.5669291338584 2927.5590551181103 264.56692913385825 62.99212598425197 fr.

557.4803149606299 3014.1732283464567 240.9448818897638 55.118110236220474 Très
708.6614173228346 3014.1732283464567 481.8897637795276 55.118110236220474 intéressante
1099.2125984251968 3014.1732283464567 300.78740157480314 55.118110236220474 pièce.
1310.236220472441 3014.1732283464567 362.20472440944883 55.118110236220474 Critique
1551.1811023622047 3014.1732283464567 181.10236220472441 55.118110236220474 très

483.46456692913387 3070.8661417322833 472.4409448818898 53.54330708661417 documentée
853.5433070866142 3070.8661417322833 236.2204724409449 53.54330708661417 sur
988.9763779527559 3070.8661417322833 439.37007874015745 53.54330708661417 l’ouvrage
1327.5590551181103 3070.8661417322833 203.1496062992126 53.54330708661417 de
1395.275590551181 3070.8661417322833 337.00787401574803 53.54330708661417 Diderot,

485.03937007874015 3129.1338582677167 218.89763779527559 51.968503937007874 qui
609.4488188976378 3129.1338582677167 311.81102362204723 51.968503937007874 paraît
828.3464566929134 3129.1338582677167 280.31496062992125 51.968503937007874 avoir
1015.7480314960629 3129.1338582677167 218.89763779527559 51.968503937007874 été
1140.1574803149606 3129.1338582677167 280.31496062992125 51.968503937007874 faite
1327.5590551181103 3129.1338582677167 218.89763779527559 51.968503937007874 par
1451.9685039370079 3129.1338582677167 218.89763779527559 51.968503937007874 une
1544.8818897637796 3129.1338582677167 187.4015748031496 51.968503937007874 per-

483.46456692913387 3185.8267716535433 288.18897637795277 51.968503937007874 sonne
675.5905511811023 3185.8267716535433 192.1259842519685 51.968503937007874 de
770.0787401574803 3185.8267716535433 223.6220472440945 51.968503937007874 son
866.1417322834645 3185.8267716535433 384.251968503937 51.968503937007874 entourage.

344.88188976377955 3283.464566929134 250.39370078740157 64.56692913385827 4302
502.3622047244094 3283.464566929134 565.3543307086615 64.56692913385827 DIONISI
973.2283464566929 3283.464566929134 565.3543307086615 64.56692913385827 (Giangiacomo),
1412.5984251968505 3283.464566929134 313.38582677165357 64.56692913385827 littéra-

423.62204724409446 3360.6299212598424 222.04724409448818 61.41732283464567 teur
562.2047244094488 3360.6299212598424 332.2834645669291 61.41732283464567 italien,
812.5984251968504 3360.6299212598424 277.1653543307087 61.41732283464567 auteur
1006.2992125984252 3360.6299212598424 166.9291338582677 61.41732283464567 de
1089.763779527559 3360.6299212598424 166.9291338582677 61.41732283464567 la
1144.8818897637796 3360.6299212598424 581.1023622047244 61.41732283464567 Preparazione

418.8976377952756 3434.6456692913384 311.81102362204723 61.41732283464567 allo
645.6692913385826 3434.6456692913384 283.46456692913387 61.41732283464567 studio
842.5196850393701 3434.6456692913384 170.07874015748033 61.41732283464567 di
927.5590551181102 3434.6456692913384 366.92913385826773 61.41732283464567 Dante
1211.023622047244 3434.6456692913384 451.9685039370079 61.41732283464567 (1738-1808).
1577.9527559055118 3434.6456692913384 141.73228346456693 61.41732283464567 —
1606.2992125984251 3434.6456692913384 113.38582677165354 61.41732283464567 L.

412.59842519685037 3510.236220472441 174.8031496062992 62.99212598425197 a.
499.21259842519686 3510.236220472441 174.8031496062992 62.99212598425197 s.
585.8267716535433 3510.236220472441 203.1496062992126 62.99212598425197 (en
702.3622047244095 3510.236220472441 377.9527559055118 62.99212598425197 italien),
993.7007874015748 3510.236220472441 144.88188976377953 62.99212598425197 à
1051.9685039370079 3510.236220472441 377.9527559055118 62.99212598425197 Francesco
1341.732283464567 3510.236220472441 291.33858267716533 62.99212598425197 Colmo,
1544.8818897637796 3510.236220472441 174.8031496062992 62.99212598425197 s.
1603.1496062992126 3510.236220472441 116.53543307086615 62.99212598425197 d.

411.0236220472441 3584.251968503937 228.3464566929134 62.99212598425197 une
541.7322834645669 3584.251968503937 196.8503937007874 62.99212598425197 p.
640.9448818897638 3584.251968503937 261.4173228346457 62.99212598425197 in-8
803.1496062992126 3584.251968503937 261.4173228346457 62.99212598425197 obl.
966.9291338582677 3584.251968503937 196.8503937007874 62.99212598425197 un
1066.1417322834645 3584.251968503937 228.3464566929134 62.99212598425197 peu
1196.8503937007874 3584.251968503937 392.12598425196853 62.99212598425197 froissé.
1491.3385826771653 3584.251968503937 196.8503937007874 62.99212598425197 20
1555.9055118110236 3584.251968503937 163.7795275590551 62.99212598425197 fr.

541.7322834645669 3672.4409448818897 288.18897637795277 53.54330708661417 Envoi
732.2834645669292 3672.4409448818897 255.11811023622047 53.54330708661417 d’un
892.9133858267717 3672.4409448818897 288.18897637795277 53.54330708661417 essai
1083.4645669291338 3672.4409448818897 351.18110236220474 53.54330708661417 promis.
1340.1574803149606 3672.4409448818897 223.6220472440945 53.54330708661417 «On
1467.716535433071 3672.4409448818897 192.1259842519685 53.54330708661417 se
1530.708661417323 3672.4409448818897 192.1259842519685 53.54330708661417 ser-

470.86614173228344 3729.1338582677167 250.39370078740157 53.54330708661417 vira
626.7716535433071 3729.1338582677167 250.39370078740157 53.54330708661417 pour
784.2519685039371 3729.1338582677167 281.8897637795276 53.54330708661417 cette
971.6535433070866 3729.1338582677167 437.79527559055117 53.54330708661417 impression
1316.5354330708662 3729.1338582677167 187.4015748031496 53.54330708661417 du
1377.9527559055118 3729.1338582677167 344.88188976377955 53.54330708661417 privilège

472.4409448818898 3785.8267716535433 201.5748031496063 51.968503937007874 des
587.4015748031496 3785.8267716535433 316.53543307086613 51.968503937007874 églises
817.3228346456693 3785.8267716535433 173.22834645669292 51.968503937007874 de
903.9370078740158 3785.8267716535433 403.1496062992126 51.968503937007874 Vorcella.»
1190.5511811023623 3785.8267716535433 173.22834645669292 51.968503937007874 etc.

324.40944881889766 3883.464566929134 278.74015748031496 64.56692913385827 4303
499.21259842519686 3883.464566929134 557.4803149606299 64.56692913385827 DOCHE
952.7559055118111 3883.464566929134 488.18897637795277 64.56692913385827 (Eugénie),
1335.4330708661416 3883.464566929134 418.8976377952756 64.56692913385827 actrice.
1615.748031496063 3883.464566929134 103.93700787401575 64.56692913385827 —

400.0 3959.0551181102364 321.25984251968504 62.99212598425197 Lettre
623.6220472440945 3959.0551181102364 192.1259842519685 62.99212598425197 a.
721.2598425196851 3959.0551181102364 192.1259842519685 62.99212598425197 s.
817.3228346456693 3959.0551181102364 160.62992125984252 62.99212598425197 à
881.8897637795276 3959.0551181102364 352.755905511811 62.99212598425197 Bocage;
1138.5826771653544 3959.0551181102364 192.1259842519685 62.99212598425197 s.
1234.6456692913387 3959.0551181102364 192.1259842519685 62.99212598425197 d.
1330.708661417323 3959.0551181102364 352.755905511811 62.99212598425197 (1851),
1555.9055118110236 3959.0551181102364 160.62992125984252 62.99212598425197 une

348.0314960629921 4034.6456692913384 511.81102362204723 61.41732283464567 p.
603.1496062992126 4034.6456692913384 766.9291338582677 61.41732283464567 in-8.
1114.9606299212599 4034.6456692913384 511.81102362204723 61.41732283464567 20
1285.0393700787401 4034.6456692913384 426.7716535433071 61.41732283464567 fr.

530.7086614173228 4125.9842519685035 223.6220472440945 53.54330708661417 «Il
658.2677165354331 4125.9842519685035 319.68503937007875 53.54330708661417 s’agit
881.8897637795276 4125.9842519685035 192.1259842519685 53.54330708661417 de
977.9527559055118 4125.9842519685035 319.68503937007875 53.54330708661417 donner
1203.1496062992126 4125.9842519685035 192.1259842519685 53.54330708661417 au
1299.2125984251968 4125.9842519685035 415.748031496063 53.54330708661417 souffleur
1587.4015748031495 4125.9842519685035 127.55905511811024 53.54330708661417 de

461.4173228346457 4181.102362204724 187.4015748031496 45.669291338582674 la
555.9055118110236 4181.102362204724 688.1889763779527 45.669291338582674 Porte-Saint-Martin
1149.6062992125985 4181.102362204724 563.7795275590552 45.669291338582674 l’autorisation
1588.976377952756 4181.102362204724 124.40944881889764 45.669291338582674 de

464.56692913385825 4237.795275590551 166.9291338582677 55.118110236220474 me
548.0314960629921 4237.795275590551 277.1653543307087 55.118110236220474 copier
743.3070866141733 4237.795275590551 166.9291338582677 55.118110236220474 le
825.1968503937007 4237.795275590551 360.62992125984255 55.118110236220474 manuscrit
1103.9370078740158 4237.795275590551 166.9291338582677 55.118110236220474 de
1185.8267716535433 4237.795275590551 527.5590551181102 55.118110236220474 Claudie.
1603.1496062992126 4237.795275590551 110.23622047244095 55.118110236220474 Je

458.26771653543307 4294.488188976378 337.00787401574803 53.54330708661417 désire
692.9133858267717 4294.488188976378 302.3622047244094 53.54330708661417 jouer
894.488188976378 4294.488188976378 437.79527559055117 53.54330708661417 l’ouvrage
1231.4960629921259 4294.488188976378 168.50393700787401 53.54330708661417 à
1264.5669291338584 4294.488188976378 437.79527559055117 53.54330708661417 Bruxelles.»

318.1102362204724 4393.700787401574 264.56692913385825 62.99212598425197 4304
483.46456692913387 4393.700787401574 661.4173228346457 62.99212598425197 DONIZETTI
1044.0944881889764 4393.700787401574 462.99212598425197 62.99212598425197 (Gaetano),
1374.8031496062993 4393.700787401574 330.70866141732284 62.99212598425197 composi

393.7007874015748 4469.291338582677 280.31496062992125 62.99212598425197 teur.
581.1023622047244 4469.291338582677 155.90551181102362 62.99212598425197 —
644.0944881889764 4469.291338582677 311.81102362204723 62.99212598425197 Billet
861.4173228346457 4469.291338582677 187.4015748031496 62.99212598425197 a.
955.9055118110236 4469.291338582677 187.4015748031496 62.99212598425197 s.
1048.8188976377953 4469.291338582677 218.89763779527559 62.99212598425197 1/2
1173.2283464566929 4469.291338582677 187.4015748031496 62.99212598425197 p.
1267.716535433071 4469.291338582677 248.8188976377953 62.99212598425197 in-8
1392.1259842519685 4469.291338582677 311.81102362204723 62.99212598425197 (raccom-

325.98425196850394 4541.7322834645665 982.6771653543307 64.56692913385827 modé).
1012.5984251968504 4541.7322834645665 588.9763779527559 64.56692913385827 12
1209.4488188976377 4541.7322834645665 491.33858267716533 64.56692913385827 fr.

313.38582677165357 4644.094488188976 270.86614173228344 66.14173228346456 4305
481.8897637795276 4644.094488188976 541.7322834645669 66.14173228346456 DORIA
921.2598425196851 4644.094488188976 541.7322834645669 66.14173228346456 (Sinibaldo),
1360.6299212598426 4644.094488188976 338.5826771653543 66.14173228346456 évêque
1563.7795275590552 4644.094488188976 135.43307086614172 66.14173228346456 de

382.6771653543307 4719.685039370079 425.1968503937008 59.84251968503937 Bénévent
702.3622047244095 4719.685039370079 212.5984251968504 59.84251968503937 m.
809.4488188976378 4719.685039370079 212.5984251968504 59.84251968503937 en
914.9606299212599 4719.685039370079 319.68503937007875 59.84251968503937 1733.
1129.1338582677165 4719.685039370079 177.95275590551182 59.84251968503937 —
1200.0 4719.685039370079 354.3307086614173 59.84251968503937 Lettre
1447.244094488189 4719.685039370079 212.5984251968504 59.84251968503937 s.
1518.1102362204724 4719.685039370079 177.95275590551182 59.84251968503937 (en

387.40157480314963 4795.275590551181 434.6456692913386 61.41732283464567 italien),
721.2598425196851 4795.275590551181 201.5748031496063 61.41732283464567 au
822.0472440944882 4795.275590551181 401.5748031496063 61.41732283464567 Vice-Roi
1124.4094488188975 4795.275590551181 201.5748031496063 61.41732283464567 de
1223.6220472440946 4795.275590551181 368.503937007874 61.41732283464567 Naples;
1458.267716535433 4795.275590551181 234.64566929133858 61.41732283464567 1733,

337.00787401574803 4867.716535433071 374.8031496062992 64.56692913385827 3
488.18897637795277 4867.716535433071 450.3937007874016 64.56692913385827 p.
713.3858267716536 4867.716535433071 675.5905511811023 64.56692913385827 in-4.
1162.2047244094488 4867.716535433071 450.3937007874016 64.56692913385827 30
1313.3858267716535 4867.716535433071 374.8031496062992 64.56692913385827 fr.

2056.6929133858266 444.09448818897636 200.0 55.118110236220474 Il
2155.9055118110236 444.09448818897636 398.4251968503937 55.118110236220474 explique
2455.1181102362207 444.09448818897636 365.3543307086614 55.118110236220474 comment
2721.259842519685 444.09448818897636 200.0 55.118110236220474 le
2820.472440944882 444.09448818897636 365.3543307086614 55.118110236220474 couvent
3053.5433070866143 444.09448818897636 165.35433070866142 55.118110236220474 des

1987.4015748031495 500.78740157480314 377.9527559055118 45.669291338582674 Moniales
2270.8661417322833 500.78740157480314 188.9763779527559 45.669291338582674 de
2365.3543307086616 500.78740157480314 314.96062992125985 45.669291338582674 Sainte
2585.8267716535433 500.78740157480314 409.4488188976378 45.669291338582674 Catherine
2902.3622047244094 500.78740157480314 188.9763779527559 45.669291338582674 de
2965.3543307086616 500.78740157480314 251.96850393700788 45.669291338582674 Sienne

1982.6771653543308 557.4803149606299 190.5511811023622 44.09448818897638 de
2077.165354330709 557.4803149606299 475.59055118110234 44.09448818897638 Montefresco
2456.6929133858266 557.4803149606299 159.0551181102362 44.09448818897638 a
2521.259842519685 557.4803149606299 222.04724409448818 44.09448818897638 été
2647.244094488189 557.4803149606299 348.0314960629921 44.09448818897638 détaché
2900.787401574803 557.4803149606299 190.5511811023622 44.09448818897638 de
2963.779527559055 557.4803149606299 253.54330708661416 44.09448818897638 l’obé-

1981.1023622047244 614.1732283464567 324.40944881889766 50.39370078740158 dience
2209.448818897638 614.1732283464567 195.2755905511811 50.39370078740158 de
2307.0866141732286 614.1732283464567 226.77165354330708 50.39370078740158 son
2436.220472440945 614.1732283464567 388.9763779527559 50.39370078740158 diocèse,
2729.1338582677167 614.1732283464567 195.2755905511811 50.39370078740158 et
2826.771653543307 614.1732283464567 357.4803149606299 50.39370078740158 comment
3053.5433070866143 614.1732283464567 162.20472440944883 50.39370078740158 les

1982.6771653543308 669.2913385826772 411.0236220472441 55.118110236220474 chanoines
2299.212598425197 669.2913385826772 188.9763779527559 55.118110236220474 de
2393.700787401575 669.2913385826772 379.5275590551181 55.118110236220474 l’église
2678.740157480315 669.2913385826772 442.5196850393701 55.118110236220474 collégiale
3026.771653543307 669.2913385826772 188.9763779527559 55.118110236220474 de
3089.763779527559 669.2913385826772 125.98425196850394 55.118110236220474 ce

1981.1023622047244 727.5590551181102 259.84251968503935 48.818897637795274 même
2143.3070866141734 727.5590551181102 388.9763779527559 48.818897637795274 endroit,
2436.220472440945 727.5590551181102 357.4803149606299 48.818897637795274 voulant
2696.0629921259842 727.5590551181102 292.9133858267717 48.818897637795274 vivre
2891.3385826771655 727.5590551181102 292.9133858267717 48.818897637795274 «avec
3053.5433070866143 727.5590551181102 162.20472440944883 48.818897637795274 une

1979.5275590551182 781.1023622047244 366.92913385826773 55.118110236220474 liberté
2247.244094488189 781.1023622047244 434.6456692913386 55.118110236220474 séculière
2581.1023622047246 781.1023622047244 467.7165354330709 55.118110236220474 prétendent
2948.031496062992 781.1023622047244 166.9291338582677 55.118110236220474 y
2981.1023622047246 781.1023622047244 234.64566929133858 55.118110236220474 avoir

1981.1023622047244 839.3700787401575 270.86614173228344 53.54330708661417 droit
2162.2047244094488 839.3700787401575 270.86614173228344 53.54330708661417 parce
2341.732283464567 839.3700787401575 211.0236220472441 53.54330708661417 que
2462.9921259842517 839.3700787401575 240.9448818897638 53.54330708661417 leur
2612.5984251968503 839.3700787401575 330.70866141732284 53.54330708661417 collège
2853.5433070866143 839.3700787401575 151.1811023622047 53.54330708661417 a
2913.3858267716537 839.3700787401575 211.0236220472441 53.54330708661417 été
3003.149606299213 839.3700787401575 211.0236220472441 53.54330708661417 fondé

1981.1023622047244 896.0629921259842 181.10236220472441 53.54330708661417 en
2070.8661417322833 896.0629921259842 240.9448818897638 53.54330708661417 1395
2222.047244094488 896.0629921259842 211.0236220472441 53.54330708661417 par
2341.732283464567 896.0629921259842 211.0236220472441 53.54330708661417 les
2462.9921259842517 896.0629921259842 330.70866141732284 53.54330708661417 anciens
2702.3622047244094 896.0629921259842 240.9448818897638 53.54330708661417 rois
2853.5433070866143 896.0629921259842 181.10236220472441 53.54330708661417 de
2913.3858267716537 896.0629921259842 300.78740157480314 53.54330708661417 Naples.»

1960.6299212598426 954.3307086614174 146.45669291338584 39.37007874015748 etc.

1836.2204724409448 1039.3700787401574 289.76377952755905 62.99212598425197 4306
2017.3228346456692 1039.3700787401574 469.29133858267716 62.99212598425197 DROUYN
2377.952755905512 1039.3700787401574 217.3228346456693 62.99212598425197 DE
2486.6141732283463 1039.3700787401574 505.51181102362204 62.99212598425197 L'HUYS
2848.818897637795 1039.3700787401574 360.62992125984255 62.99212598425197 (Edmond)

1910.236220472441 1116.5354330708662 324.40944881889766 62.99212598425197 homme
2127.5590551181103 1116.5354330708662 360.62992125984255 62.99212598425197 d’état
2379.527559055118 1116.5354330708662 469.29133858267716 62.99212598425197 français.
2740.1574803149606 1116.5354330708662 181.10236220472441 62.99212598425197 —
2812.5984251968503 1116.5354330708662 215.748031496063 62.99212598425197 L.
2921.259842519685 1116.5354330708662 215.748031496063 62.99212598425197 a.
3028.3464566929133 1116.5354330708662 215.748031496063 62.99212598425197 s.
3100.787401574803 1116.5354330708662 108.66141732283465 62.99212598425197 à

1914.9606299212599 1190.5511811023623 584.2519685039371 64.56692913385827 Merruau,
2407.8740157480315 1190.5511811023623 277.1653543307087 64.56692913385827 1860,
2592.1259842519685 1190.5511811023623 215.748031496063 64.56692913385827 une
2714.9606299212596 1190.5511811023623 184.251968503937 64.56692913385827 p.
2807.8740157480315 1190.5511811023623 277.1653543307087 64.56692913385827 in-8.
2992.1259842519685 1190.5511811023623 184.251968503937 64.56692913385827 20
3053.5433070866143 1190.5511811023623 154.33070866141733 64.56692913385827 fr.

2050.3937007874015 1288.1889763779527 203.1496062992126 51.968503937007874 «Le
2165.3543307086616 1288.1889763779527 261.4173228346457 51.968503937007874 sieur
2340.1574803149606 1288.1889763779527 376.37795275590554 51.968503937007874 Graffion,
2629.9212598425197 1288.1889763779527 289.76377952755905 51.968503937007874 ancien
2833.0708661417325 1288.1889763779527 376.37795275590554 51.968503937007874 concierge
3092.9133858267714 1288.1889763779527 116.53543307086615 51.968503937007874 du

1974.8031496062993 1337.007874015748 401.5748031496063 59.84251968503937 ministère
2283.464566929134 1337.007874015748 215.748031496063 59.84251968503937 des
2407.8740157480315 1337.007874015748 370.0787401574803 59.84251968503937 Affaires
2685.0393700787404 1337.007874015748 431.496062992126 59.84251968503937 Étrangères
2993.700787401575 1337.007874015748 215.748031496063 59.84251968503937 ayant

1974.8031496062993 1400.0 348.0314960629921 53.54330708661417 éprouvé
2228.3464566929133 1400.0 222.04724409448818 53.54330708661417 des
2354.3307086614172 1400.0 316.53543307086613 53.54330708661417 revers
2576.3779527559054 1400.0 190.5511811023622 53.54330708661417 de
2670.8661417322833 1400.0 379.5275590551181 53.54330708661417 fortune,
2924.4094488188975 1400.0 285.03937007874015 53.54330708661417 désire-

1976.3779527559054 1456.6929133858268 251.96850393700788 53.54330708661417 rait
2133.8582677165355 1456.6929133858268 377.9527559055118 53.54330708661417 vivement
2417.3228346456694 1456.6929133858268 251.96850393700788 53.54330708661417 être
2574.803149606299 1456.6929133858268 283.46456692913387 53.54330708661417 nommé
2765.3543307086616 1456.6929133858268 440.9448818897638 53.54330708661417 inspecteur
3080.314960629921 1456.6929133858268 125.98425196850394 53.54330708661417 du

1976.3779527559054 1513.3858267716535 451.9685039370079 53.54330708661417 balayage...
2337.0078740157483 1513.3858267716535 181.10236220472441 53.54330708661417 je
2426.771653543307 1513.3858267716535 240.9448818897638 53.54330708661417 vous
2577.952755905512 1513.3858267716535 300.78740157480314 53.54330708661417 serais
2759.0551181102364 1513.3858267716535 451.9685039370079 53.54330708661417 particulière-

1974.8031496062993 1570.0787401574803 234.64566929133858 53.54330708661417 ment
2121.259842519685 1570.0787401574803 321.25984251968504 53.54330708661417 obligé,
2355.9055118110236 1570.0787401574803 234.64566929133858 53.54330708661417 etc.
2472.4409448818897 1570.0787401574803 88.18897637795276 53.54330708661417 »

1829.9212598425197 1669.291338582677 281.8897637795276 64.56692913385827 4307
2004.724409448819 1669.291338582677 316.53543307086613 64.56692913385827 DU
2217.3228346456694 1669.291338582677 529.1338582677165 64.56692913385827 BOCCAGE
2639.3700787401576 1669.291338582677 352.755905511811 64.56692913385827 (Marie
2886.6141732283463 1669.291338582677 211.0236220472441 64.56692913385827 Le
2955.9055118110236 1669.291338582677 247.24409448818898 64.56692913385827 Page,

1905.5118110236222 1744.8818897637796 332.2834645669291 62.99212598425197 dame),
2138.582677165354 1744.8818897637796 365.3543307086614 62.99212598425197 célèbre
2404.7244094488187 1744.8818897637796 433.07086614173227 62.99212598425197 poétesse.
2737.0078740157483 1744.8818897637796 166.9291338582677 62.99212598425197 —
2803.149606299213 1744.8818897637796 200.0 62.99212598425197 L.
2903.9370078740158 1744.8818897637796 200.0 62.99212598425197 a.
3003.149606299213 1744.8818897637796 200.0 62.99212598425197 s.
3069.2913385826773 1744.8818897637796 133.85826771653544 62.99212598425197 au

1903.9370078740158 1818.8976377952756 384.251968503937 64.56692913385827 marquis
2184.251968503937 1818.8976377952756 209.4488188976378 64.56692913385827 de
2288.1889763779527 1818.8976377952756 629.9212598425197 64.56692913385827 Saint-Aignan),
2814.1732283464567 1818.8976377952756 314.96062992125985 64.56692913385827 1769,
3023.6220472440946 1818.8976377952756 174.8031496062992 64.56692913385827 2
3058.267716535433 1818.8976377952756 140.15748031496062 64.56692913385827 p.

1834.6456692913387 1894.4881889763778 944.8818897637796 48.818897637795274 in-4.
2464.566929133858 1894.4881889763778 629.9212598425197 48.818897637795274 30
2675.5905511811025 1894.4881889763778 524.4094488188977 48.818897637795274 fr.

2037.7952755905512 1990.5511811023623 283.46456692913387 56.69291338582677 «J’ai
2226.771653543307 1990.5511811023623 283.46456692913387 56.69291338582677 peine
2415.748031496063 1990.5511811023623 157.48031496062993 56.69291338582677 à
2478.740157480315 1990.5511811023623 188.9763779527559 56.69291338582677 me
2573.228346456693 1990.5511811023623 377.9527559055118 56.69291338582677 défendre
2856.6929133858266 1990.5511811023623 188.9763779527559 56.69291338582677 de
2919.685039370079 1990.5511811023623 283.46456692913387 56.69291338582677 l’illu-

1965.3543307086613 2048.818897637795 259.84251968503935 55.118110236220474 sion
2129.1338582677167 2048.818897637795 228.3464566929134 55.118110236220474 que
2258.267716535433 2048.818897637795 292.9133858267717 55.118110236220474 votre
2453.5433070866143 2048.818897637795 325.98425196850394 55.118110236220474 mérite
2681.8897637795276 2048.818897637795 195.2755905511811 55.118110236220474 et
2779.527559055118 2048.818897637795 195.2755905511811 55.118110236220474 ma
2877.165354330709 2048.818897637795 325.98425196850394 55.118110236220474 vanité
3072.4409448818897 2048.818897637795 130.70866141732284 55.118110236220474 me

1970.0787401574803 2103.9370078740158 234.64566929133858 56.69291338582677 font
2116.535433070866 2103.9370078740158 204.7244094488189 56.69291338582677 sur
2234.6456692913384 2103.9370078740158 204.7244094488189 56.69291338582677 vos
2351.181102362205 2103.9370078740158 381.1023622047244 56.69291338582677 louanges.
2644.0944881889764 2103.9370078740158 176.3779527559055 56.69291338582677 Je
2732.283464566929 2103.9370078740158 234.64566929133858 56.69291338582677 vous
2878.740157480315 2103.9370078740158 262.99212598425197 56.69291338582677 dirai
3025.196850393701 2103.9370078740158 176.3779527559055 56.69291338582677 sou-

1965.3543307086613 2166.9291338582675 266.1417322834646 47.24409448818898 vent
2130.7086614173227 2166.9291338582675 198.4251968503937 47.24409448818898 en
2231.496062992126 2166.9291338582675 266.1417322834646 47.24409448818898 vers
2396.850393700787 2166.9291338582675 299.21259842519686 47.24409448818898 comme
2595.2755905511813 2166.9291338582675 198.4251968503937 47.24409448818898 en
2661.417322834646 2166.9291338582675 266.1417322834646 47.24409448818898 prose.

2040.9448818897638 2245.6692913385828 231.49606299212599 55.118110236220474 Si
2195.2755905511813 2245.6692913385828 154.33070866141733 55.118110236220474 tu
2270.8661417322833 2245.6692913385828 256.6929133858268 55.118110236220474 trompe
2451.968503937008 2245.6692913385828 154.33070866141733 55.118110236220474 ma
2502.3622047244094 2245.6692913385828 308.66141732283467 55.118110236220474 vanité

2040.9448818897638 2300.787401574803 220.4724409448819 55.118110236220474 Du
2188.9763779527557 2300.787401574803 220.4724409448819 55.118110236220474 moins
2337.0078740157483 2300.787401574803 148.03149606299212 55.118110236220474 le
2411.0236220472443 2300.787401574803 196.8503937007874 55.118110236220474 soin
2533.8582677165355 2300.787401574803 171.6535433070866 55.118110236220474 que
2631.496062992126 2300.787401574803 220.4724409448819 55.118110236220474 prend
2779.527559055118 2300.787401574803 148.03149606299212 55.118110236220474 ta
2828.3464566929133 2300.787401574803 245.66929133858267 55.118110236220474 lire

2044.0944881889764 2359.0551181102364 204.7244094488189 55.118110236220474 Me
2179.527559055118 2359.0551181102364 159.0551181102362 55.118110236220474 dit
2270.8661417322833 2359.0551181102364 159.0551181102362 55.118110236220474 que
2362.2047244094488 2359.0551181102364 274.01574803149606 55.118110236220474 l'amitié
2544.8818897637793 2359.0551181102364 363.7795275590551 55.118110236220474 l’inspire.

2042.5196850393702 2414.1732283464567 201.5748031496063 56.69291338582677 Ce
2176.3779527559054 2414.1732283464567 177.95275590551182 56.69291338582677 prix
2288.1889763779527 2414.1732283464567 177.95275590551182 56.69291338582677 vaut
2376.3779527559054 2414.1732283464567 469.29133858267716 56.69291338582677 l'immortalité.»

1825.1968503937007 2524.4094488188975 267.7165354330709 62.99212598425197 4308
1992.1259842519685 2524.4094488188975 535.4330708661417 62.99212598425197 DUMAS
2426.771653543307 2524.4094488188975 535.4330708661417 62.99212598425197 (Alexandre),
2861.417322834646 2524.4094488188975 300.78740157480314 62.99212598425197 père,
3028.3464566929133 2524.4094488188975 166.9291338582677 62.99212598425197 ro

1897.6377952755906 2596.850393700787 400.0 58.267716535433074 mancier.
2196.850393700787 2596.850393700787 166.9291338582677 58.267716535433074 —
2262.9921259842517 2596.850393700787 332.2834645669291 58.267716535433074 Lettre
2496.0629921259842 2596.850393700787 200.0 58.267716535433074 a.
2596.850393700787 2596.850393700787 200.0 58.267716535433074 s.
2696.0629921259842 2596.850393700787 166.9291338582677 58.267716535433074 à
2762.2047244094488 2596.850393700787 365.3543307086614 58.267716535433074 Giraud,
2995.2755905511813 2596.850393700787 200.0 58.267716535433074 édi-

1900.7874015748032 2672.4409448818897 283.46456692913387 66.14173228346456 teur,
2089.763779527559 2672.4409448818897 188.9763779527559 66.14173228346456 s.
2184.251968503937 2672.4409448818897 188.9763779527559 66.14173228346456 d.
2278.740157480315 2672.4409448818897 220.4724409448819 66.14173228346456 une
2404.7244094488187 2672.4409448818897 251.96850393700788 66.14173228346456 page
2562.2047244094488 2672.4409448818897 251.96850393700788 66.14173228346456 1/2,
2719.685039370079 2672.4409448818897 283.46456692913387 66.14173228346456 in-8,
2908.6614173228345 2672.4409448818897 314.96062992125985 66.14173228346456 papier
3097.6377952755906 2672.4409448818897 94.48818897637796 66.14173228346456 à

1861.4173228346456 2746.4566929133857 464.56692913385825 53.54330708661417 son
2127.5590551181103 2746.4566929133857 798.4251968503937 53.54330708661417 chiffre.
2725.984251968504 2746.4566929133857 398.4251968503937 53.54330708661417 25
2858.267716535433 2746.4566929133857 332.2834645669291 53.54330708661417 fr.

2025.1968503937007 2842.51968503937 233.0708661417323 53.54330708661417 «Je
2157.48031496063 2842.51968503937 266.1417322834646 53.54330708661417 suis
2324.4094488188975 2842.51968503937 332.2834645669291 53.54330708661417 arrivé
2557.48031496063 2842.51968503937 200.0 53.54330708661417 le
2658.267716535433 2842.51968503937 400.0 53.54330708661417 dimanche
2957.48031496063 2842.51968503937 266.1417322834646 53.54330708661417 gras
3091.3385826771655 2842.51968503937 99.21259842519684 53.54330708661417 à

1957.4803149606298 2899.212598425197 270.86614173228344 55.118110236220474 trois
2138.582677165354 2899.212598425197 330.70866141732284 55.118110236220474 heures.
2377.952755905512 2899.212598425197 181.10236220472441 55.118110236220474 Je
2469.2913385826773 2899.212598425197 181.10236220472441 55.118110236220474 me
2559.0551181102364 2899.212598425197 240.9448818897638 55.118110236220474 suis
2708.6614173228345 2899.212598425197 300.78740157480314 55.118110236220474 reposé
2919.685039370079 2899.212598425197 181.10236220472441 55.118110236220474 le
2979.527559055118 2899.212598425197 211.0236220472441 55.118110236220474 lundi

1955.9055118110236 2955.9055118110236 181.10236220472441 56.69291338582677 et
2045.6692913385828 2955.9055118110236 181.10236220472441 56.69291338582677 le
2137.0078740157483 2955.9055118110236 300.78740157480314 56.69291338582677 mardi;
2348.031496062992 2955.9055118110236 181.10236220472441 56.69291338582677 je
2437.7952755905512 2955.9055118110236 240.9448818897638 56.69291338582677 suis
2588.9763779527557 2955.9055118110236 240.9448818897638 56.69291338582677 allé
2738.582677165354 2955.9055118110236 181.10236220472441 56.69291338582677 au
2829.9212598425197 2955.9055118110236 211.0236220472441 56.69291338582677 Bal
2919.685039370079 2955.9055118110236 270.86614173228344 56.69291338582677 masqué.

1955.9055118110236 3011.0236220472443 211.0236220472441 58.267716535433074 Ah!
2075.5905511811025 3011.0236220472443 270.86614173228344 58.267716535433074 c’est
2256.6929133858266 3011.0236220472443 181.10236220472441 58.267716535433074 là
2348.031496062992 3011.0236220472443 270.86614173228344 58.267716535433074 qu’on
2527.5590551181103 3011.0236220472443 362.20472440944883 58.267716535433074 retrouve
2798.4251968503936 3011.0236220472443 181.10236220472441 58.267716535433074 la
2889.763779527559 3011.0236220472443 211.0236220472441 58.267716535433074 vie
2979.527559055118 3011.0236220472443 211.0236220472441 58.267716535433074 !...»

1814.1732283464567 3121.259842519685 261.4173228346457 64.56692913385827 4309
1977.9527559055118 3121.259842519685 392.12598425196853 64.56692913385827 DUMAS
2272.4409448818897 3121.259842519685 392.12598425196853 64.56692913385827 FILS
2566.9291338582675 3121.259842519685 522.8346456692914 64.56692913385827 (Alexandre),
2959.0551181102364 3121.259842519685 228.3464566929134 64.56692913385827 célè

1885.0393700787401 3196.850393700787 251.96850393700788 66.14173228346456 bre
2029.9212598425197 3196.850393700787 360.62992125984255 66.14173228346456 auteur
2281.8897637795276 3196.850393700787 541.7322834645669 66.14173228346456 dramatique.
2714.9606299212596 3196.850393700787 181.10236220472441 66.14173228346456 —
2787.4015748031497 3196.850393700787 215.748031496063 66.14173228346456 L.
2896.0629921259842 3196.850393700787 215.748031496063 66.14173228346456 a.
3003.149606299213 3196.850393700787 215.748031496063 66.14173228346456 s.
3075.5905511811025 3196.850393700787 108.66141732283465 66.14173228346456 à

1885.0393700787401 3270.8661417322833 422.0472440944882 66.14173228346456 l’acteur
2200.0 3270.8661417322833 527.5590551181102 66.14173228346456 Lafontaine,
2622.047244094488 3270.8661417322833 211.0236220472441 66.14173228346456 3.
2727.5590551181103 3270.8661417322833 211.0236220472441 66.14173228346456 p.
2833.0708661417325 3270.8661417322833 245.66929133858267 66.14173228346456 1/2
2938.582677165354 3270.8661417322833 245.66929133858267 66.14173228346456 in

1861.4173228346456 3344.8818897637793 631.496062992126 69.29133858267717 légères
2319.685039370079 3344.8818897637793 631.496062992126 69.29133858267717 taches.
2777.952755905512 3344.8818897637793 343.3070866141732 69.29133858267717 40
2892.9133858267714 3344.8818897637793 286.61417322834643 69.29133858267717 fr.

2017.3228346456692 3442.51968503937 244.09448818897638 56.69291338582677 Belle
2179.527559055118 3442.51968503937 272.4409448818898 56.69291338582677 lettre
2370.0787401574803 3442.51968503937 163.7795275590551 56.69291338582677 au
2451.968503937008 3442.51968503937 244.09448818897638 56.69291338582677 sujet
2615.748031496063 3442.51968503937 217.3228346456693 56.69291338582677 d’un
2751.181102362205 3442.51968503937 325.98425196850394 56.69291338582677 article.
2968.503937007874 3442.51968503937 217.3228346456693 56.69291338582677 «J’au

1944.8818897637796 3497.6377952755906 236.2204724409449 58.267716535433074 rais
2092.9133858267714 3497.6377952755906 294.48818897637796 58.267716535433074 autant
2299.212598425197 3497.6377952755906 236.2204724409449 58.267716535433074 aimé
2447.244094488189 3497.6377952755906 266.1417322834646 58.267716535433074 qu’il
2623.6220472440946 3497.6377952755906 176.3779527559055 58.267716535433074 ne
2711.8110236220473 3497.6377952755906 266.1417322834646 58.267716535433074 parût
2889.763779527559 3497.6377952755906 236.2204724409449 58.267716535433074 pas,
3007.8740157480315 3497.6377952755906 176.3779527559055 58.267716535433074 mais

1941.732283464567 3554.3307086614172 190.5511811023622 59.84251968503937 je
2036.2204724409448 3554.3307086614172 255.11811023622047 59.84251968503937 suis
2195.2755905511813 3554.3307086614172 349.6062992125984 59.84251968503937 habitué
2450.3937007874015 3554.3307086614172 318.1102362204724 59.84251968503937 depuis
2674.015748031496 3554.3307086614172 414.1732283464567 59.84251968503937 longtemps
2992.1259842519685 3554.3307086614172 159.0551181102362 59.84251968503937 à
3023.6220472440946 3554.3307086614172 159.0551181102362 59.84251968503937 ces

1948.0314960629921 3612.5984251968503 308.66141732283467 58.267716535433074 petites
2173.228346456693 3612.5984251968503 532.2834645669292 58.267716535433074 trahisons-là...
2622.047244094488 3612.5984251968503 251.96850393700788 58.267716535433074 C’est
2790.551181102362 3612.5984251968503 365.3543307086614 58.267716535433074 peut-être
3042.51968503937 3612.5984251968503 140.15748031496062 58.267716535433074 une

1943.3070866141732 3666.1417322834645 371.65354330708664 56.69291338582677 sottise,
2222.047244094488 3666.1417322834645 247.24409448818898 56.69291338582677 mais
2376.3779527559054 3666.1417322834645 278.74015748031496 56.69291338582677 comme
2562.2047244094488 3666.1417322834645 185.82677165354332 56.69291338582677 je
2655.1181102362207 3666.1417322834645 247.24409448818898 56.69291338582677 n’ai
2809.448818897638 3666.1417322834645 247.24409448818898 56.69291338582677 plus
2933.8582677165355 3666.1417322834645 247.24409448818898 56.69291338582677 besoin

1938.5826771653544 3721.259842519685 392.12598425196853 61.41732283464567 d’argent
2233.0708661417325 3721.259842519685 327.5590551181102 61.41732283464567 j’aime
2461.417322834646 3721.259842519685 294.48818897637796 61.41732283464567 mieux
2658.267716535433 3721.259842519685 196.8503937007874 61.41732283464567 en
2755.9055118110236 3721.259842519685 327.5590551181102 61.41732283464567 gagner
2952.755905511811 3721.259842519685 228.3464566929134 61.41732283464567 moins

1940.1574803149606 3781.1023622047246 185.82677165354332 53.54330708661417 et
2033.0708661417323 3781.1023622047246 278.74015748031496 53.54330708661417 avoir
2218.8976377952754 3781.1023622047246 185.82677165354332 53.54330708661417 un
2311.8110236220473 3781.1023622047246 310.23622047244095 53.54330708661417 succès
2529.1338582677167 3781.1023622047246 371.65354330708664 53.54330708661417 moindre,
2807.8740157480315 3781.1023622047246 217.3228346456693 53.54330708661417 que
2932.283464566929 3781.1023622047246 185.82677165354332 53.54330708661417 de
2993.700787401575 3781.1023622047246 185.82677165354332 53.54330708661417 rom-

1938.5826771653544 3834.6456692913384 228.3464566929134 61.41732283464567 pre
2069.2913385826773 3834.6456692913384 228.3464566929134 61.41732283464567 des
2200.0 3834.6456692913384 423.62204724409446 61.41732283464567 relations
2525.984251968504 3834.6456692913384 228.3464566929134 61.41732283464567 qui
2656.6929133858266 3834.6456692913384 294.48818897637796 61.41732283464567 m’ont
2853.5433070866143 3834.6456692913384 294.48818897637796 61.41732283464567 jours
3015.748031496063 3834.6456692913384 163.7795275590551 61.41732283464567 été

1940.1574803149606 3899.212598425197 324.40944881889766 48.818897637795274 chères,
2146.4566929133857 3899.212598425197 206.29921259842519 48.818897637795274 etc.»

1796.8503937007874 3990.551181102362 289.76377952755905 64.56692913385827 4310
1977.9527559055118 3990.551181102362 434.6456692913386 64.56692913385827 DUMAS
2303.9370078740158 3990.551181102362 434.6456692913386 64.56692913385827 FILS
2629.9212598425197 3990.551181102362 579.5275590551181 64.56692913385827 (Alexandre),
3064.566929133858 3990.551181102362 108.66141732283465 64.56692913385827 —

1874.015748031496 4062.9921259842517 332.2834645669291 62.99212598425197 Lettre
2107.0866141732286 4062.9921259842517 200.0 62.99212598425197 a.
2206.299212598425 4062.9921259842517 200.0 62.99212598425197 s.
2305.511811023622 4062.9921259842517 166.9291338582677 62.99212598425197 à
2371.6535433070867 4062.9921259842517 200.0 62.99212598425197 un
2472.4409448818897 4062.9921259842517 431.496062992126 62.99212598425197 confrère,
2804.7244094488187 4062.9921259842517 166.9291338582677 62.99212598425197 3
2870.8661417322833 4062.9921259842517 200.0 62.99212598425197 p.
2937.0078740157483 4062.9921259842517 233.0708661417323 62.99212598425197 in

2962.2047244094488 4137.007874015748 176.3779527559055 50.39370078740158 30
3022.047244094488 4137.007874015748 146.45669291338584 50.39370078740158 fr.

2007.8740157480315 4240.944881889764 188.9763779527559 45.669291338582674 Il
2102.3622047244094 4240.944881889764 220.4724409448819 45.669291338582674 lui
2228.3464566929133 4240.944881889764 409.4488188976378 45.669291338582674 conseille
2543.3070866141734 4240.944881889764 188.9763779527559 45.669291338582674 de
2636.220472440945 4240.944881889764 314.96062992125985 45.669291338582674 mettre
2856.6929133858266 4240.944881889764 220.4724409448819 45.669291338582674 son
2951.181102362205 4240.944881889764 220.4724409448819 45.669291338582674 œuvre

1933.8582677165355 4289.763779527559 165.35433070866142 62.99212598425197 au
2015.748031496063 4289.763779527559 275.59055118110234 62.99212598425197 point;
2207.8740157480315 4289.763779527559 220.4724409448819 62.99212598425197 J’ai
2346.4566929133857 4289.763779527559 165.35433070866142 62.99212598425197 vu
2428.3464566929133 4289.763779527559 357.4803149606299 62.99212598425197 Claretie.
2703.9370078740158 4289.763779527559 165.35433070866142 62.99212598425197 Il
2785.8267716535433 4289.763779527559 165.35433070866142 62.99212598425197 a,
2840.9448818897636 4289.763779527559 330.70866141732284 62.99212598425197 paraît

1929.1338582677165 4349.606299212598 217.3228346456693 58.267716535433074 des
2053.5433070866143 4349.606299212598 466.1417322834646 58.267716535433074 engagements
2426.771653543307 4349.606299212598 341.73228346456693 58.267716535433074 formels
2675.5905511811025 4349.606299212598 248.8188976377953 58.267716535433074 pour
2829.9212598425197 4349.606299212598 185.82677165354332 58.267716535433074 le
2892.9133858267714 4349.606299212598 278.74015748031496 58.267716535433074 commen-

1930.708661417323 4401.574803149606 288.18897637795277 55.118110236220474 cement
2132.283464566929 4401.574803149606 173.22834645669292 55.118110236220474 de
2218.8976377952754 4401.574803149606 173.22834645669292 55.118110236220474 la
2305.511811023622 4401.574803149606 316.53543307086613 55.118110236220474 saison.
2535.433070866142 4401.574803149606 229.92125984251967 55.118110236220474 S’il
2680.314960629921 4401.574803149606 229.92125984251967 55.118110236220474 n’en
2823.6220472440946 4401.574803149606 259.84251968503935 55.118110236220474 avait
2968.503937007874 4401.574803149606 201.5748031496063 55.118110236220474 qu’a-

1921.259842519685 4467.716535433071 253.54330708661416 44.09448818897638 vec
2029.9212598425197 4467.716535433071 253.54330708661416 44.09448818897638 moi.»

1790.5511811023623 4557.48031496063 244.09448818897638 70.86614173228347 4311
1943.3070866141732 4557.48031496063 488.18897637795277 70.86614173228347 DUMAS
2340.1574803149606 4557.48031496063 366.92913385826773 70.86614173228347 (Marie),
2614.1732283464567 4557.48031496063 274.01574803149606 70.86614173228347 fille
2766.9291338582675 4557.48031496063 396.8503937007874 70.86614173228347 d’Alexandre

1858.267716535433 4634.645669291339 324.40944881889766 67.71653543307086 Dumas
2075.5905511811025 4634.645669291339 324.40944881889766 67.71653543307086 père,
2291.3385826771655 4634.645669291339 433.07086614173227 67.71653543307086 actrice.
2617.3228346456694 4634.645669291339 181.10236220472441 67.71653543307086 —
2689.763779527559 4634.645669291339 289.76377952755905 67.71653543307086 Deux
2834.6456692913384 4634.645669291339 324.40944881889766 67.71653543307086 lettres

1858.267716535433 4708.6614173228345 195.2755905511811 66.14173228346456 a.
1955.9055118110236 4708.6614173228345 195.2755905511811 66.14173228346456 s.
2053.5433070866143 4708.6614173228345 324.40944881889766 66.14173228346456 Paris,
2280.314960629921 4708.6614173228345 259.84251968503935 66.14173228346456 1867
2442.51968503937 4708.6614173228345 195.2755905511811 66.14173228346456 et
2540.1574803149606 4708.6614173228345 292.9133858267717 66.14173228346456 1884,
2735.433070866142 4708.6614173228345 259.84251968503935 66.14173228346456 ens.
2897.6377952755906 4708.6614173228345 259.84251968503935 66.14173228346456 deux
3028.3464566929133 4708.6614173228345 129.13385826771653 66.14173228346456 p.

1861.4173228346456 4787.40157480315 237.79527559055117 59.84251968503937 in-12
2020.4724409448818 4787.40157480315 159.0551181102362 59.84251968503937 et
2100.787401574803 4787.40157480315 237.79527559055117 59.84251968503937 in-4,
2258.267716535433 4787.40157480315 237.79527559055117 59.84251968503937 l’une
2417.3228346456694 4787.40157480315 291.33858267716533 59.84251968503937 d’elles
2629.9212598425197 4787.40157480315 185.82677165354332 59.84251968503937 sur
2708.6614173228345 4787.40157480315 450.3937007874016 59.84251968503937 program

1858.267716535433 4853.543307086614 244.09448818897638 59.84251968503937 me
2020.4724409448818 4853.543307086614 433.07086614173227 59.84251968503937 illustré
2371.6535433070867 4853.543307086614 215.748031496063 59.84251968503937 d’un
2507.0866141732286 4853.543307086614 162.20472440944883 59.84251968503937 de
2587.4015748031497 4853.543307086614 188.9763779527559 59.84251968503937 ses
2696.0629921259842 4853.543307086614 351.18110236220474 59.84251968503937 concerts.
2966.9291338582675 4853.543307086614 162.20472440944883 59.84251968503937 40
3020.472440944882 4853.543307086614 135.43307086614172 59.84251968503937 fr.

957.4803149606299 4995.275590551181 423.62204724409446 69.29133858267717 ACHAT
1239.3700787401574 4995.275590551181 281.8897637795276 69.29133858267717 DE
1381.1023622047244 4995.275590551181 469.29133858267716 69.29133858267717 LIVRES
1710.236220472441 4995.275590551181 281.8897637795276 69.29133858267717 ET
1803.1496062992126 4995.275590551181 705.511811023622 69.29133858267717 D’AUTOGRAPHES
