3245.6692913385828 5374.8031496062995
9.448818897637794 300.78740157480314 600.0 129.13385826771653 N°
409.4488188976378 300.78740157480314 666.1417322834645 129.13385826771653 12
875.5905511811023 300.78740157480314 1333.8582677165355 129.13385826771653 CATALOGUE
2009.4488188976377 300.78740157480314 600.0 129.13385826771653 N°
2341.732283464567 300.78740157480314 533.8582677165355 129.13385826771653 12

1245.6692913385828 518.1102362204724 286.61417322834643 78.74015748031496 DE

-47.24409448818898 713.3858267716536 1530.708661417323 307.0866141732283 LETTRES
1045.6692913385828 713.3858267716536 1858.267716535433 307.0866141732283 AUTOGRAPHES

337.00787401574803 1132.283464566929 1196.8503937007874 91.33858267716535 DOCUMENTS
1256.6929133858268 1132.283464566929 552.7559055118111 91.33858267716535 ET
1440.9448818897638 1132.283464566929 1103.9370078740158 91.33858267716535 MANUSCRITS

729.1338582677165 1396.8503937007874 286.61417322834643 83.46456692913385 EN
872.4409448818898 1396.8503937007874 429.9212598425197 83.46456692913385 VENTE
1157.4803149606298 1396.8503937007874 333.8582677165354 83.46456692913385 AUX
1349.6062992125985 1396.8503937007874 381.1023622047244 83.46456692913385 PRIX
1587.4015748031495 1396.8503937007874 524.4094488188977 83.46456692913385 MARQUÉS
1970.0787401574803 1396.8503937007874 239.37007874015748 83.46456692913385 A
2017.3228346456692 1396.8503937007874 190.5511811023622 83.46456692913385 LA

-15.748031496062993 1658.267716535433 1727.5590551181103 154.33070866141733 LIBRAIRIE
1388.976377952756 1658.267716535433 971.6535433070866 154.33070866141733 SIMON
1929.1338582677165 1658.267716535433 971.6535433070866 154.33070866141733 KRA

518.1102362204724 1930.708661417323 363.7795275590551 119.68503937007874 6,
699.2125984251968 1930.708661417323 425.1968503937008 119.68503937007874 Rue
941.7322834645669 1930.708661417323 727.5590551181102 119.68503937007874 Blanche,
1488.1889763779527 1930.708661417323 303.93700787401576 119.68503937007874 6
1609.4488188976377 1930.708661417323 303.93700787401576 119.68503937007874 —
1730.708661417323 1930.708661417323 546.4566929133858 119.68503937007874 PARIS
2033.0708661417323 1930.708661417323 363.7795275590551 119.68503937007874 (9e)

127.55905511811024 2198.4251968503936 634.6456692913385 88.18897637795276 Téléphone:
650.3937007874016 2198.4251968503936 448.81889763779526 88.18897637795276 TRUDAINE
987.4015748031496 2198.4251968503936 335.43307086614175 88.18897637795276 41=85
1211.023622047244 2198.4251968503936 187.4015748031496 88.18897637795276 —
1286.6141732283465 2198.4251968503936 373.2283464566929 88.18897637795276 Compte
1548.0314960629921 2198.4251968503936 411.0236220472441 88.18897637795276 chèques
1845.6692913385828 2198.4251968503936 448.81889763779526 88.18897637795276 postaux:
2182.6771653543306 2198.4251968503936 335.43307086614175 88.18897637795276 PARIS
2368.503937007874 2198.4251968503936 448.81889763779526 88.18897637795276 437

770.0787401574803 2411.0236220472443 494.48818897637796 64.56692913385827 Registre
1165.3543307086613 2411.0236220472443 198.4251968503937 64.56692913385827 du
1264.5669291338584 2411.0236220472443 428.34645669291336 64.56692913385827 Commerce:
1595.275590551181 2411.0236220472443 330.70866141732284 64.56692913385827 Seine,
1793.7007874015749 2411.0236220472443 395.2755905511811 64.56692913385827 527

681.8897637795276 2529.1338582677167 656.6929133858267 92.91338582677166 Codes:
1141.732283464567 2529.1338582677167 590.5511811023622 92.91338582677166 Liber
1535.4330708661416 2529.1338582677167 393.7007874015748 92.91338582677166 ou
1667.716535433071 2529.1338582677167 590.5511811023622 92.91338582677166 Bentley

990.5511811023622 2823.6220472440946 933.8582677165355 91.33858267716535 SOMMAIRE

439.37007874015745 3036.220472440945 255.11811023622047 88.18897637795276 DU
566.9291338582677 3036.220472440945 382.6771653543307 88.18897637795276 DROIT
822.0472440944882 3036.220472440945 255.11811023622047 88.18897637795276 DE
949.6062992125984 3036.220472440945 510.23622047244095 88.18897637795276 CITATION
1332.283464566929 3036.220472440945 340.15748031496065 88.18897637795276 DANS
1544.8818897637796 3036.220472440945 297.6377952755906 88.18897637795276 LES
1672.4409448818897 3036.220472440945 552.7559055118111 88.18897637795276 CATALOGUES,

486.61417322834643 3146.4566929133857 540.1574803149606 94.48818897637796 par
795.2755905511812 3146.4566929133857 848.8188976377953 94.48818897637796 SEYMOUR
1412.5984251968505 3146.4566929133857 462.99212598425197 94.48818897637796 DE
1644.0944881889764 3146.4566929133857 771.6535433070866 94.48818897637796 RICCI.
2182.6771653543306 3146.4566929133857 617.3228346456693 94.48818897637796 Page
2491.3385826771655 3146.4566929133857 231.49606299212599 94.48818897637796 2

423.62204724409446 3259.8425196850394 913.3858267716536 92.91338582677166 Autographes
1154.3307086614172 3259.8425196850394 303.93700787401576 92.91338582677166 à
1277.1653543307086 3259.8425196850394 303.93700787401576 92.91338582677166 6
1398.4251968503936 3259.8425196850394 426.7716535433071 92.91338582677166 fr.
1642.5196850393702 3259.8425196850394 365.3543307086614 92.91338582677166 le
1825.1968503937007 3259.8425196850394 548.0314960629921 92.91338582677166 N°.N°
2190.551181102362 3259.8425196850394 486.61417322834643 92.91338582677166 4669
2494.488188976378 3259.8425196850394 303.93700787401576 92.91338582677166 à
2555.9055118110236 3259.8425196850394 365.3543307086614 92.91338582677166 4768

374.8031496062992 3371.6535433070867 1592.1259842519685 81.88976377952756 Curiosités.
1647.244094488189 3371.6535433070867 848.8188976377953 81.88976377952756 4627
2177.952755905512 3371.6535433070867 530.7086614173228 81.88976377952756 à
2285.0393700787404 3371.6535433070867 636.2204724409448 81.88976377952756 4642

385.8267716535433 3486.6141732283463 1623.6220472440946 80.31496062992126 Généralités.
1705.5118110236222 3486.6141732283463 812.5984251968504 80.31496062992126 4201
2212.5984251968503 3486.6141732283463 507.0866141732283 80.31496062992126 à
2313.3858267716537 3486.6141732283463 609.4488188976378 80.31496062992126 4596

414.1732283464567 3600.0 788.9763779527559 94.48818897637796 Lettres
988.9763779527559 3600.0 429.9212598425197 94.48818897637796 de
1203.1496062992126 3600.0 1075.5905511811025 94.48818897637796 faire-part.
2064.566929133858 3600.0 573.2283464566929 94.48818897637796 4643
2422.047244094488 3600.0 359.0551181102362 94.48818897637796 à
2494.488188976378 3600.0 429.9212598425197 94.48818897637796 4644

352.755905511811 3711.8110236220473 1352.755905511811 81.88976377952756 Paris.
1300.7874015748032 3711.8110236220473 1083.4645669291338 81.88976377952756 4769
1976.3779527559054 3711.8110236220473 677.1653543307086 81.88976377952756 à
2111.8110236220473 3711.8110236220473 812.5984251968504 81.88976377952756 4780

425.1968503937008 3826.771653543307 525.9842519685039 80.31496062992126 Pour
754.3307086614174 3826.771653543307 788.9763779527559 80.31496062992126 enrichir
1346.4566929133857 3826.771653543307 459.84251968503935 80.31496062992126 nos
1609.4488188976377 3826.771653543307 724.4094488188977 80.31496062992126 livres.
2137.0078740157483 3826.771653543307 525.9842519685039 80.31496062992126 4597
2466.1417322834645 3826.771653543307 329.13385826771656 80.31496062992126 à
2530.7086614173227 3826.771653543307 395.2755905511811 80.31496062992126 4613

445.6692913385827 3932.283464566929 541.7322834645669 108.66141732283465 Réponses
851.9685039370079 3932.283464566929 316.53543307086613 108.66141732283465 aux
1033.0708661417323 3932.283464566929 587.4015748031496 108.66141732283465 chasseurs
1485.0393700787401 3932.283464566929 766.9291338582677 108.66141732283465 d'Autographes
2116.535433070866 3932.283464566929 225.1968503937008 108.66141732283465 .
2206.299212598425 3932.283464566929 225.1968503937008 108.66141732283465 .
2297.6377952755906 3932.283464566929 225.1968503937008 108.66141732283465 .
2387.4015748031497 3932.283464566929 360.62992125984255 108.66141732283465 4645
2612.5984251968503 3932.283464566929 225.1968503937008 108.66141732283465 à
2658.267716535433 3932.283464566929 270.86614173228344 108.66141732283465 4668

370.0787401574803 4051.968503937008 1462.992125984252 83.46456692913385 Théâtre.
1466.1417322834645 4051.968503937008 974.8031496062993 83.46456692913385 4614
2075.5905511811025 4051.968503937008 609.4488188976378 83.46456692913385 à
2198.4251968503936 4051.968503937008 730.7086614173228 83.46456692913385 4626

393.7007874015748 4165.354330708661 1267.716535433071 89.76377952755905 Verlaine.
1368.5039370078741 4165.354330708661 779.5275590551181 89.76377952755905 4581
1856.6929133858268 4165.354330708661 488.18897637795277 89.76377952755905 à
2051.968503937008 4165.354330708661 779.5275590551181 89.76377952755905 4582
2440.9448818897636 4165.354330708661 488.18897637795277 89.76377952755905 bis

2519.685039370079 4294.488188976378 236.2204724409449 66.14173228346456 et
2598.4251968503936 4294.488188976378 236.2204724409449 66.14173228346456 4641

373.2283464566929 4577.952755905511 829.9212598425197 105.51181102362204 L’authenticité
1085.0393700787401 4577.952755905511 237.79527559055117 105.51181102362204 de
1203.1496062992126 4577.952755905511 395.2755905511811 105.51181102362204 toutes
1478.740157480315 4577.952755905511 277.1653543307087 105.51181102362204 les
1637.7952755905512 4577.952755905511 395.2755905511811 105.51181102362204 pièces
1913.3858267716535 4577.952755905511 277.1653543307087 105.51181102362204 est
2033.0708661417323 4577.952755905511 592.1259842519685 105.51181102362204 garantie.

78.74015748031496 4954.330708661418 344.88188976377955 103.93700787401575 Les
319.68503937007875 4954.330708661418 275.59055118110234 103.93700787401575 prix
492.9133858267717 4954.330708661418 275.59055118110234 103.93700787401575 sont
664.5669291338583 4954.330708661418 481.8897637795276 103.93700787401575 absolument
1042.5196850393702 4954.330708661418 310.23622047244095 103.93700787401575 nets:
1250.3937007874015 4954.330708661418 275.59055118110234 103.93700787401575 nous
1422.0472440944882 4954.330708661418 379.5275590551181 103.93700787401575 prenons
1697.6377952755906 4954.330708661418 379.5275590551181 103.93700787401575 l’impôt
1973.2283464566929 4954.330708661418 206.29921259842519 103.93700787401575 de
2075.5905511811025 4954.330708661418 206.29921259842519 103.93700787401575 12
2179.527559055118 4954.330708661418 171.6535433070866 103.93700787401575 %
2248.818897637795 4954.330708661418 171.6535433070866 103.93700787401575 à
2316.535433070866 4954.330708661418 310.23622047244095 103.93700787401575 notre
2489.763779527559 4954.330708661418 447.244094488189 103.93700787401575 charge.
