3296.0629921259842 5340.157480314961
845.6692913385826 354.3307086614173 565.3543307086615 132.28346456692913 DU
1222.0472440944882 354.3307086614173 565.3543307086615 132.28346456692913 DROIT
1598.4251968503936 354.3307086614173 376.37795275590554 132.28346456692913 DE
1724.4094488188975 354.3307086614173 878.7401574803149 132.28346456692913 CITATION

847.2440944881889 543.3070866141733 718.1102362204724 129.13385826771653 DANS
1368.5039370078741 543.3070866141733 456.6929133858268 129.13385826771653 LES
1565.3543307086613 543.3070866141733 1044.0944881889764 129.13385826771653 CATALOGUES

483.46456692913387 844.0944881889764 311.81102362204723 74.01574803149606 Avec
710.2362204724409 844.0944881889764 396.8503937007874 74.01574803149606 l’autorité
1022.0472440944882 844.0944881889764 198.4251968503937 74.01574803149606 qui
1135.4330708661416 844.0944881889764 368.503937007874 74.01574803149606 s’attache
1418.8976377952756 844.0944881889764 141.73228346456693 74.01574803149606 à
1475.5905511811025 844.0944881889764 226.77165354330708 74.01574803149606 tout
1617.3228346456692 844.0944881889764 170.07874015748033 74.01574803149606 ce
1702.3622047244094 844.0944881889764 255.11811023622047 74.01574803149606 qu’il
1872.4409448818897 844.0944881889764 283.46456692913387 74.01574803149606 écrit,
2070.8661417322833 844.0944881889764 170.07874015748033 74.01574803149606 M.
2155.9055118110236 844.0944881889764 226.77165354330708 74.01574803149606 Paul
2297.6377952755906 844.0944881889764 283.46456692913387 74.01574803149606 Souday
2496.0629921259842 844.0944881889764 141.73228346456693 74.01574803149606 a
2552.755905511811 844.0944881889764 340.15748031496065 74.01574803149606 soulevé,
2807.8740157480315 844.0944881889764 226.77165354330708 74.01574803149606 dans
2921.259842519685 844.0944881889764 226.77165354330708 74.01574803149606 un

330.70866141732284 919.6850393700787 349.6062992125984 74.01574803149606 numéro
598.4251968503937 919.6850393700787 267.7165354330709 74.01574803149606 récent
787.4015748031496 919.6850393700787 267.7165354330709 74.01574803149606 du
974.8031496062993 919.6850393700787 267.7165354330709 74.01574803149606 Temps,
1162.2047244094488 919.6850393700787 267.7165354330709 74.01574803149606 une
1351.1811023622047 919.6850393700787 322.8346456692913 74.01574803149606 question
1592.1259842519685 919.6850393700787 187.4015748031496 74.01574803149606 qui
1699.2125984251968 919.6850393700787 349.6062992125984 74.01574803149606 intéresse
1968.5039370078741 919.6850393700787 160.62992125984252 74.01574803149606 au
2048.818897637795 919.6850393700787 214.17322834645668 74.01574803149606 plus
2182.6771653543306 919.6850393700787 214.17322834645668 74.01574803149606 haut
2318.1102362204724 919.6850393700787 240.9448818897638 74.01574803149606 point
2478.740157480315 919.6850393700787 187.4015748031496 74.01574803149606 les
2585.8267716535433 919.6850393700787 349.6062992125984 74.01574803149606 acheteurs
2853.5433070866143 919.6850393700787 160.62992125984252 74.01574803149606 et
2908.6614173228345 919.6850393700787 240.9448818897638 74.01574803149606 les

329.13385826771656 995.2755905511812 445.6692913385827 74.01574803149606 vendeurs
685.0393700787401 995.2755905511812 533.8582677165355 74.01574803149606 d’autographes.
1130.708661417323 995.2755905511812 177.95275590551182 74.01574803149606 Un
1220.4724409448818 995.2755905511812 297.6377952755906 74.01574803149606 auteur
1428.3464566929133 995.2755905511812 475.59055118110234 74.01574803149606 contemporain
1814.1732283464567 995.2755905511812 297.6377952755906 74.01574803149606 trouva
2022.0472440944882 995.2755905511812 325.98425196850394 74.01574803149606 citées,
2258.267716535433 995.2755905511812 237.79527559055117 74.01574803149606 dans
2407.8740157480315 995.2755905511812 177.95275590551182 74.01574803149606 un
2496.0629921259842 995.2755905511812 385.8267716535433 74.01574803149606 catalogue
2793.700787401575 995.2755905511812 177.95275590551182 74.01574803149606 de
2851.968503937008 995.2755905511812 297.6377952755906 74.01574803149606 mar

329.13385826771656 1070.8661417322835 366.92913385826773 77.16535433070867 chand,
611.0236220472441 1070.8661417322835 338.5826771653543 77.16535433070867 quelques
864.5669291338583 1070.8661417322835 281.8897637795276 77.16535433070867 lignes
1061.4173228346456 1070.8661417322835 225.1968503937008 77.16535433070867 d’un
1203.1496062992126 1070.8661417322835 281.8897637795276 77.16535433070867 billet
1400.0 1070.8661417322835 253.54330708661416 77.16535433070867 qu’il
1568.5039370078741 1070.8661417322835 253.54330708661416 77.16535433070867 avait
1738.5826771653544 1070.8661417322835 253.54330708661416 77.16535433070867 jadis
1907.0866141732283 1070.8661417322835 310.23622047244095 77.16535433070867 adressé
2132.283464566929 1070.8661417322835 140.15748031496062 77.16535433070867 à
2188.9763779527557 1070.8661417322835 168.50393700787401 77.16535433070867 un
2272.4409448818897 1070.8661417322835 196.8503937007874 77.16535433070867 ami
2385.8267716535433 1070.8661417322835 168.50393700787401 77.16535433070867 et
2470.8661417322833 1070.8661417322835 225.1968503937008 77.16535433070867 dont
2611.0236220472443 1070.8661417322835 168.50393700787401 77.16535433070867 il
2696.0629921259842 1070.8661417322835 310.23622047244095 77.16535433070867 n’avait
2892.9133858267714 1070.8661417322835 253.54330708661416 77.16535433070867 pas

330.70866141732284 1144.8818897637796 411.0236220472441 77.16535433070867 conservé
658.2677165354331 1144.8818897637796 163.7795275590551 77.16535433070867 le
740.1574803149606 1144.8818897637796 355.90551181102364 77.16535433070867 souvenir.
1014.1732283464567 1144.8818897637796 163.7795275590551 77.16535433070867 Il
1096.0629921259842 1144.8818897637796 163.7795275590551 77.16535433070867 se
1177.9527559055118 1144.8818897637796 300.78740157480314 77.16535433070867 demanda
1398.4251968503936 1144.8818897637796 163.7795275590551 77.16535433070867 si
1480.3149606299212 1144.8818897637796 163.7795275590551 77.16535433070867 la
1562.2047244094488 1144.8818897637796 274.01574803149606 77.16535433070867 lettre
1754.3307086614172 1144.8818897637796 245.66929133858267 77.16535433070867 était
1918.1102362204724 1144.8818897637796 411.0236220472441 77.16535433070867 authentique
2245.6692913385828 1144.8818897637796 163.7795275590551 77.16535433070867 et
2329.1338582677167 1144.8818897637796 329.13385826771656 77.16535433070867 protesta
2574.803149606299 1144.8818897637796 274.01574803149606 77.16535433070867 contre
2766.9291338582675 1144.8818897637796 163.7795275590551 77.16535433070867 la
2820.472440944882 1144.8818897637796 329.13385826771656 77.16535433070867 publi

330.70866141732284 1222.0472440944882 355.90551181102364 74.01574803149606 cation
603.1496062992126 1222.0472440944882 163.7795275590551 74.01574803149606 de
685.0393700787401 1222.0472440944882 245.66929133858267 74.01574803149606 cette
848.8188976377953 1222.0472440944882 274.01574803149606 74.01574803149606 lettre
1040.9448818897638 1222.0472440944882 218.89763779527559 74.01574803149606 dans
1177.9527559055118 1222.0472440944882 163.7795275590551 74.01574803149606 un
1259.8425196850394 1222.0472440944882 382.6771653543307 74.01574803149606 catalogue,
1560.6299212598426 1222.0472440944882 218.89763779527559 74.01574803149606 sans
1696.0629921259842 1222.0472440944882 245.66929133858267 74.01574803149606 qu’il
1859.8425196850394 1222.0472440944882 163.7795275590551 74.01574803149606 en
1941.732283464567 1222.0472440944882 190.5511811023622 74.01574803149606 eût
2051.968503937008 1222.0472440944882 190.5511811023622 74.01574803149606 été
2160.6299212598424 1222.0472440944882 274.01574803149606 74.01574803149606 avisé,
2352.755905511811 1222.0472440944882 218.89763779527559 74.01574803149606 sans
2489.763779527559 1222.0472440944882 190.5511811023622 74.01574803149606 que
2598.4251968503936 1222.0472440944882 327.5590551181102 74.01574803149606 l’expert
2844.0944881889764 1222.0472440944882 190.5511811023622 74.01574803149606 lui
2925.984251968504 1222.0472440944882 218.89763779527559 74.01574803149606 en

329.13385826771656 1296.0629921259842 288.18897637795277 70.86614173228347 eût
530.7086614173228 1296.0629921259842 316.53543307086613 70.86614173228347 demandé
760.6299212598425 1296.0629921259842 173.22834645669292 70.86614173228347 la
847.2440944881889 1296.0629921259842 431.496062992126 70.86614173228347 permission,
1192.1259842519685 1296.0629921259842 173.22834645669292 70.86614173228347 M.
1278.740157480315 1296.0629921259842 229.92125984251967 70.86614173228347 Paul
1423.6220472440946 1296.0629921259842 288.18897637795277 70.86614173228347 Souday
1625.1968503937007 1296.0629921259842 143.30708661417322 70.86614173228347 a
1681.8897637795276 1296.0629921259842 229.92125984251967 70.86614173228347 pris
1826.7716535433071 1296.0629921259842 173.22834645669292 70.86614173228347 le
1913.3858267716535 1296.0629921259842 259.84251968503935 70.86614173228347 parti
2085.0393700787404 1296.0629921259842 173.22834645669292 70.86614173228347 de
2171.6535433070867 1296.0629921259842 259.84251968503935 70.86614173228347 notre
2344.8818897637793 1296.0629921259842 344.88188976377955 70.86614173228347 confrère
2604.7244094488187 1296.0629921259842 173.22834645669292 70.86614173228347 et
2689.763779527559 1296.0629921259842 201.5748031496063 70.86614173228347 lui
2806.299212598425 1296.0629921259842 143.30708661417322 70.86614173228347 a
2834.6456692913384 1296.0629921259842 316.53543307086613 70.86614173228347 donné

329.13385826771656 1371.6535433070867 415.748031496063 74.01574803149606 raison.
656.6929133858267 1371.6535433070867 267.7165354330709 74.01574803149606 Voilà
834.6456692913385 1371.6535433070867 237.79527559055117 74.01574803149606 donc
982.6771653543307 1371.6535433070867 325.98425196850394 74.01574803149606 appelée
1220.4724409448818 1371.6535433070867 177.95275590551182 74.01574803149606 au
1308.6614173228347 1371.6535433070867 355.90551181102364 74.01574803149606 tribunal
1576.3779527559054 1371.6535433070867 177.95275590551182 74.01574803149606 de
1664.5669291338584 1371.6535433070867 385.8267716535433 74.01574803149606 l’opinion
1962.2047244094488 1371.6535433070867 267.7165354330709 74.01574803149606 cette
2140.1574803149606 1371.6535433070867 355.90551181102364 74.01574803149606 question
2407.8740157480315 1371.6535433070867 475.59055118110234 74.01574803149606 intéressante
2793.700787401575 1371.6535433070867 177.95275590551182 74.01574803149606 au
2851.968503937008 1371.6535433070867 297.6377952755906 74.01574803149606 plus

329.13385826771656 1447.244094488189 337.00787401574803 70.86614173228347 haut
573.2283464566929 1447.244094488189 307.0866141732283 70.86614173228347 point:
788.9763779527559 1447.244094488189 337.00787401574803 70.86614173228347 Peut-on
1034.6456692913387 1447.244094488189 368.503937007874 70.86614173228347 imprimer
1310.236220472441 1447.244094488189 245.66929133858267 70.86614173228347 sans
1464.5669291338584 1447.244094488189 491.33858267716533 70.86614173228347 autorisation
1862.992125984252 1447.244094488189 398.4251968503937 70.86614173228347 préalable
2170.0787401574803 1447.244094488189 368.503937007874 70.86614173228347 quelques
2447.244094488189 1447.244094488189 307.0866141732283 70.86614173228347 lignes
2661.417322834646 1447.244094488189 245.66929133858267 70.86614173228347 d’un
2784.251968503937 1447.244094488189 368.503937007874 70.86614173228347 auteur

322.8346456692913 1522.8346456692914 275.59055118110234 48.818897637795274 vivant?

486.61417322834643 1596.8503937007874 308.66141732283467 72.44094488188976 Tout
711.8110236220473 1596.8503937007874 337.00787401574803 72.44094488188976 d’abord,
963.7795275590552 1596.8503937007874 196.8503937007874 72.44094488188976 une
1075.5905511811025 1596.8503937007874 420.4724409448819 72.44094488188976 observation
1412.5984251968505 1596.8503937007874 363.7795275590551 72.44094488188976 s’impose:
1692.9133858267717 1596.8503937007874 196.8503937007874 72.44094488188976 les
1804.724409448819 1596.8503937007874 308.66141732283467 72.44094488188976 auteurs
2028.3464566929133 1596.8503937007874 308.66141732283467 72.44094488188976 vivants
2251.968503937008 1596.8503937007874 168.50393700787401 72.44094488188976 ne
2337.0078740157483 1596.8503937007874 223.6220472440945 72.44094488188976 sont
2477.165354330709 1596.8503937007874 196.8503937007874 72.44094488188976 pas
2588.9763779527557 1596.8503937007874 251.96850393700788 72.44094488188976 seuls
2757.48031496063 1596.8503937007874 168.50393700787401 72.44094488188976 en
2812.5984251968503 1596.8503937007874 337.00787401574803 72.44094488188976 cause:

329.13385826771656 1674.015748031496 337.00787401574803 67.71653543307086 ceux
573.2283464566929 1674.015748031496 214.17322834645668 67.71653543307086 qui
696.0629921259842 1674.015748031496 245.66929133858267 67.71653543307086 sont
850.3937007874016 1674.015748031496 275.59055118110234 67.71653543307086 morts
1034.6456692913387 1674.015748031496 307.0866141732283 67.71653543307086 depuis
1248.8188976377953 1674.015748031496 275.59055118110234 67.71653543307086 moins
1433.0708661417323 1674.015748031496 184.251968503937 67.71653543307086 de
1524.4094488188975 1674.015748031496 398.4251968503937 67.71653543307086 cinquante
1831.4960629921259 1674.015748031496 214.17322834645668 67.71653543307086 ans
1954.3307086614172 1674.015748031496 337.00787401574803 67.71653543307086 doivent
2200.0 1674.015748031496 245.66929133858267 67.71653543307086 être
2352.755905511811 1674.015748031496 368.503937007874 67.71653543307086 englobés
2629.9212598425197 1674.015748031496 245.66929133858267 67.71653543307086 dans
2782.6771653543306 1674.015748031496 184.251968503937 67.71653543307086 la
2844.0944881889764 1674.015748031496 307.0866141732283 67.71653543307086 même

329.13385826771656 1748.0314960629921 505.51181102362204 70.86614173228347 catégorie,
744.8818897637796 1748.0314960629921 325.98425196850394 70.86614173228347 puisque
982.6771653543307 1748.0314960629921 267.7165354330709 70.86614173228347 leurs
1160.6299212598426 1748.0314960629921 297.6377952755906 70.86614173228347 œuvres
1368.5039370078741 1748.0314960629921 177.95275590551182 70.86614173228347 ne
1458.267716535433 1748.0314960629921 237.79527559055117 70.86614173228347 sont
1606.2992125984251 1748.0314960629921 207.8740157480315 70.86614173228347 pas
1725.984251968504 1748.0314960629921 325.98425196850394 70.86614173228347 tombées
1963.7795275590552 1748.0314960629921 237.79527559055117 70.86614173228347 dans
2111.8110236220473 1748.0314960629921 177.95275590551182 70.86614173228347 le
2200.0 1748.0314960629921 325.98425196850394 70.86614173228347 domaine
2437.7952755905512 1748.0314960629921 325.98425196850394 70.86614173228347 public.
2675.5905511811025 1748.0314960629921 177.95275590551182 70.86614173228347 Il
2735.433070866142 1748.0314960629921 415.748031496063 70.86614173228347 faudrait

327.5590551181102 1823.6220472440946 333.8582677165354 67.71653543307086 donc
570.0787401574803 1823.6220472440946 242.51968503937007 67.71653543307086 s’en
721.2598425196851 1823.6220472440946 333.8582677165354 67.71653543307086 référer
963.7795275590552 1823.6220472440946 212.5984251968504 67.71653543307086 aux
1086.6141732283465 1823.6220472440946 303.93700787401576 67.71653543307086 ayants
1297.6377952755906 1823.6220472440946 303.93700787401576 67.71653543307086 droits
1510.236220472441 1823.6220472440946 212.5984251968504 67.71653543307086 et,
1631.4960629921259 1823.6220472440946 242.51968503937007 67.71653543307086 s’il
1784.251968503937 1823.6220472440946 212.5984251968504 67.71653543307086 est
1905.5118110236222 1823.6220472440946 485.03937007874015 67.71653543307086 relativement
2299.212598425197 1823.6220472440946 303.93700787401576 67.71653543307086 facile
2511.8110236220473 1823.6220472440946 182.6771653543307 67.71653543307086 de
2603.149606299213 1823.6220472440946 395.2755905511811 67.71653543307086 retrouver
2877.165354330709 1823.6220472440946 272.4409448818898 67.71653543307086 les

330.70866141732284 1897.6377952755906 455.11811023622045 70.86614173228347 héritiers
700.7874015748032 1897.6377952755906 426.7716535433071 70.86614173228347 littéraires
1042.5196850393702 1897.6377952755906 228.3464566929134 70.86614173228347 d’un
1185.8267716535433 1897.6377952755906 341.73228346456693 70.86614173228347 Verlaine
1440.9448818897638 1897.6377952755906 171.6535433070866 70.86614173228347 ou
1527.5590551181103 1897.6377952755906 228.3464566929134 70.86614173228347 d'un
1669.291338582677 1897.6377952755906 313.38582677165357 70.86614173228347 Barrès,
1897.6377952755906 1897.6377952755906 313.38582677165357 70.86614173228347 comment
2125.984251968504 1897.6377952755906 370.0787401574803 70.86614173228347 découvrir
2411.0236220472443 1897.6377952755906 171.6535433070866 70.86614173228347 au
2496.0629921259842 1897.6377952755906 228.3464566929134 70.86614173228347 pied
2637.7952755905512 1897.6377952755906 228.3464566929134 70.86614173228347 levé
2781.1023622047246 1897.6377952755906 228.3464566929134 70.86614173228347 quel
2894.488188976378 1897.6377952755906 256.6929133858268 70.86614173228347 est

330.70866141732284 1974.8031496062993 577.9527559055118 67.71653543307086 l’ayant-droit
822.0472440944882 1974.8031496062993 404.7244094488189 67.71653543307086 littéraire
1138.5826771653544 1974.8031496062993 288.18897637795277 67.71653543307086 actuel
1341.732283464567 1974.8031496062993 173.22834645669292 67.71653543307086 du
1428.3464566929133 1974.8031496062993 318.1102362204724 67.71653543307086 Général
1659.8425196850394 1974.8031496062993 374.8031496062992 67.71653543307086 Boulanger
1948.0314960629921 1974.8031496062993 173.22834645669292 67.71653543307086 ou
2034.6456692913387 1974.8031496062993 173.22834645669292 67.71653543307086 de
2121.259842519685 1974.8031496062993 374.8031496062992 67.71653543307086 Ferdinand
2409.448818897638 1974.8031496062993 173.22834645669292 67.71653543307086 de
2467.716535433071 1974.8031496062993 404.7244094488189 67.71653543307086 Lesseps?

480.31496062992125 2048.818897637795 267.7165354330709 69.29133858267717 On
658.2677165354331 2048.818897637795 237.79527559055117 69.29133858267717 sait
806.2992125984252 2048.818897637795 296.06299212598424 69.29133858267717 qu’une
1014.1732283464567 2048.818897637795 503.93700787401576 69.29133858267717 jurisprudence
1429.9212598425197 2048.818897637795 385.8267716535433 69.29133858267717 constante
1727.5590551181103 2048.818897637795 355.90551181102364 69.29133858267717 attribue
1993.7007874015749 2048.818897637795 177.95275590551182 69.29133858267717 au
2083.464566929134 2048.818897637795 474.01574803149606 69.29133858267717 destinataire
2469.2913385826773 2048.818897637795 177.95275590551182 69.29133858267717 la
2557.48031496063 2048.818897637795 385.8267716535433 69.29133858267717 propriété
2825.196850393701 2048.818897637795 325.98425196850394 69.29133858267717 maté

330.70866141732284 2122.834645669291 362.20472440944883 67.71653543307086 rielle
611.0236220472441 2122.834645669291 166.9291338582677 67.71653543307086 de
694.488188976378 2122.834645669291 251.96850393700788 67.71653543307086 toute
861.4173228346457 2122.834645669291 278.74015748031496 67.71653543307086 lettre
1056.6929133858268 2122.834645669291 335.43307086614175 67.71653543307086 missive.
1308.6614173228347 2122.834645669291 251.96850393700788 67.71653543307086 Cette
1475.5905511811025 2122.834645669291 390.5511811023622 67.71653543307086 propriété,
1782.6771653543308 2122.834645669291 390.5511811023622 67.71653543307086 comportant
2089.763779527559 2122.834645669291 166.9291338582677 67.71653543307086 le
2173.228346456693 2122.834645669291 251.96850393700788 67.71653543307086 droit
2341.732283464567 2122.834645669291 166.9291338582677 67.71653543307086 de
2425.196850393701 2122.834645669291 335.43307086614175 67.71653543307086 cession,
2677.165354330709 2122.834645669291 223.6220472440945 67.71653543307086 même
2815.748031496063 2122.834645669291 140.15748031496062 67.71653543307086 à
2844.0944881889764 2122.834645669291 307.0866141732283 67.71653543307086 titre

330.70866141732284 2198.4251968503936 423.62204724409446 67.71653543307086 onéreux,
669.2913385826772 2198.4251968503936 170.07874015748033 67.71653543307086 il
754.3307086614174 2198.4251968503936 338.5826771653543 67.71653543307086 s’ensuit
1009.4488188976378 2198.4251968503936 198.4251968503937 67.71653543307086 que
1121.259842519685 2198.4251968503936 170.07874015748033 67.71653543307086 le
1206.2992125984251 2198.4251968503936 310.23622047244095 67.71653543307086 vendeur
1433.0708661417323 2198.4251968503936 141.73228346456693 67.71653543307086 a
1489.763779527559 2198.4251968503936 170.07874015748033 67.71653543307086 le
1573.2283464566929 2198.4251968503936 253.54330708661416 67.71653543307086 droit
1743.3070866141732 2198.4251968503936 281.8897637795276 67.71653543307086 absolu
1941.732283464567 2198.4251968503936 170.07874015748033 67.71653543307086 de
2025.1968503937007 2198.4251968503936 253.54330708661416 67.71653543307086 faire
2195.2755905511813 2198.4251968503936 366.92913385826773 67.71653543307086 connaître
2477.165354330709 2198.4251968503936 198.4251968503937 67.71653543307086 aux
2590.551181102362 2198.4251968503936 366.92913385826773 67.71653543307086 acheteurs
2845.6692913385828 2198.4251968503936 310.23622047244095 67.71653543307086 éven

329.13385826771656 2275.5905511811025 332.2834645669291 66.14173228346456 tuels
579.5275590551181 2275.5905511811025 165.35433070866142 66.14173228346456 ce
661.4173228346457 2275.5905511811025 193.70078740157481 66.14173228346456 qui
771.6535433070866 2275.5905511811025 414.1732283464567 66.14173228346456 constituera
1103.9370078740158 2275.5905511811025 165.35433070866142 66.14173228346456 le
1187.4015748031495 2275.5905511811025 277.1653543307087 66.14173228346456 mérite
1381.1023622047244 2275.5905511811025 165.35433070866142 66.14173228346456 et
1464.5669291338584 2275.5905511811025 165.35433070866142 66.14173228346456 le
1546.4566929133857 2275.5905511811025 222.04724409448818 66.14173228346456 prix
1685.0393700787401 2275.5905511811025 165.35433070866142 66.14173228346456 de
1768.5039370078741 2275.5905511811025 165.35433070866142 66.14173228346456 la
1850.3937007874015 2275.5905511811025 248.8188976377953 66.14173228346456 chose
2017.3228346456692 2275.5905511811025 303.93700787401576 66.14173228346456 vendue.
2237.7952755905512 2275.5905511811025 165.35433070866142 66.14173228346456 De
2321.259842519685 2275.5905511811025 165.35433070866142 66.14173228346456 là
2404.7244094488187 2275.5905511811025 332.2834645669291 66.14173228346456 l’usage,
2653.5433070866143 2275.5905511811025 248.8188976377953 66.14173228346456 quand
2818.8976377952754 2275.5905511811025 165.35433070866142 66.14173228346456 on
2874.015748031496 2275.5905511811025 277.1653543307087 66.14173228346456 vend

330.70866141732284 2351.181102362205 248.8188976377953 64.56692913385827 un
497.6377952755906 2351.181102362205 414.1732283464567 64.56692913385827 autographe,
828.3464566929134 2351.181102362205 220.4724409448819 64.56692913385827 d’en
965.3543307086615 2351.181102362205 303.93700787401576 64.56692913385827 publier
1185.8267716535433 2351.181102362205 193.70078740157481 64.56692913385827 des
1297.6377952755906 2351.181102362205 330.70866141732284 64.56692913385827 extraits
1544.8818897637796 2351.181102362205 220.4724409448819 64.56692913385827 dans
1683.4645669291338 2351.181102362205 165.35433070866142 64.56692913385827 le
1738.5826771653544 2351.181102362205 440.9448818897638 64.56692913385827 catalogue.

480.31496062992125 2426.771653543307 261.4173228346457 64.56692913385827 On
653.5433070866142 2426.771653543307 231.49606299212599 64.56692913385827 sait
798.4251968503937 2426.771653543307 203.1496062992126 64.56692913385827 que
914.9606299212599 2426.771653543307 203.1496062992126 64.56692913385827 ces
1031.4960629921259 2426.771653543307 406.2992125984252 64.56692913385827 catalogues
1349.6062992125985 2426.771653543307 231.49606299212599 64.56692913385827 sont
1494.4881889763778 2426.771653543307 406.2992125984252 64.56692913385827 distribués
1814.1732283464567 2426.771653543307 492.9133858267717 64.56692913385827 gratuitement:
2220.472440944882 2426.771653543307 289.76377952755905 64.56692913385827 aussi,
2423.6220472440946 2426.771653543307 319.68503937007875 64.56692913385827 voit-on
2655.1181102362207 2426.771653543307 203.1496062992126 64.56692913385827 mal
2771.6535433070867 2426.771653543307 203.1496062992126 64.56692913385827 sur
2858.267716535433 2426.771653543307 289.76377952755905 64.56692913385827 quoi

329.13385826771656 2500.787401574803 253.54330708661416 66.14173228346456 se
497.6377952755906 2500.787401574803 366.92913385826773 66.14173228346456 fonderait
779.5275590551181 2500.787401574803 196.8503937007874 66.14173228346456 une
892.9133858267717 2500.787401574803 310.23622047244095 66.14173228346456 demande
1118.1102362204724 2500.787401574803 395.2755905511811 66.14173228346456 éventuelle
1428.3464566929133 2500.787401574803 168.50393700787401 66.14173228346456 de
1513.3858267716535 2500.787401574803 281.8897637795276 66.14173228346456 droits
1710.236220472441 2500.787401574803 338.5826771653543 66.14173228346456 d’auteur
1963.7795275590552 2500.787401574803 168.50393700787401 66.14173228346456 et
2048.818897637795 2500.787401574803 196.8503937007874 66.14173228346456 sur
2162.2047244094488 2500.787401574803 281.8897637795276 66.14173228346456 quelle
2359.0551181102364 2500.787401574803 225.1968503937008 66.14173228346456 base
2499.212598425197 2500.787401574803 168.50393700787401 66.14173228346456 il
2584.251968503937 2500.787401574803 281.8897637795276 66.14173228346456 serait
2752.755905511811 2500.787401574803 395.2755905511811 66.14173228346456 possible

333.8582677165354 2576.3779527559054 262.99212598425197 48.818897637795274 d’en
524.4094488188977 2576.3779527559054 286.61417322834643 48.818897637795274 calculer
740.1574803149606 2576.3779527559054 143.30708661417322 48.818897637795274 le
787.4015748031496 2576.3779527559054 335.43307086614175 48.818897637795274 montant.

475.59055118110234 2651.968503937008 266.1417322834646 66.14173228346456 En
653.5433070866142 2651.968503937008 296.06299212598424 66.14173228346456 droit,
861.4173228346457 2651.968503937008 207.8740157480315 66.14173228346456 les
979.5275590551181 2651.968503937008 355.90551181102364 66.14173228346456 vendeurs
1247.244094488189 2651.968503937008 503.93700787401576 66.14173228346456 d’autographes
1661.4173228346456 2651.968503937008 177.95275590551182 66.14173228346456 me
1751.1811023622047 2651.968503937008 415.748031496063 66.14173228346456 paraissent
2077.165354330709 2651.968503937008 237.79527559055117 66.14173228346456 donc
2225.196850393701 2651.968503937008 474.01574803149606 66.14173228346456 parfaitement
2611.0236220472443 2651.968503937008 296.06299212598424 66.14173228346456 fondés
2818.8976377952754 2651.968503937008 148.03149606299212 66.14173228346456 à
2848.818897637795 2651.968503937008 296.06299212598424 66.14173228346456 con

329.13385826771656 2727.5590551181103 393.7007874015748 64.56692913385827 tinuer,
639.3700787401575 2727.5590551181103 253.54330708661416 64.56692913385827 comme
807.8740157480315 2727.5590551181103 196.8503937007874 64.56692913385827 par
921.2598425196851 2727.5590551181103 168.50393700787401 64.56692913385827 le
1004.7244094488188 2727.5590551181103 281.8897637795276 64.56692913385827 passé,
1201.5748031496064 2727.5590551181103 140.15748031496062 64.56692913385827 à
1258.267716535433 2727.5590551181103 338.5826771653543 64.56692913385827 publier,
1511.8110236220473 2727.5590551181103 168.50393700787401 64.56692913385827 en
1596.8503937007874 2727.5590551181103 225.1968503937008 64.56692913385827 tout
1737.007874015748 2727.5590551181103 168.50393700787401 64.56692913385827 ou
1822.0472440944882 2727.5590551181103 168.50393700787401 64.56692913385827 en
1905.5118110236222 2727.5590551181103 310.23622047244095 64.56692913385827 partie,
2130.7086614173227 2727.5590551181103 196.8503937007874 64.56692913385827 les
2244.0944881889764 2727.5590551181103 422.0472440944882 64.56692913385827 autographes
2581.1023622047246 2727.5590551181103 338.5826771653543 64.56692913385827 modernes
2806.299212598425 2727.5590551181103 338.5826771653543 64.56692913385827 qu’ils

333.8582677165354 2801.5748031496064 302.3622047244094 62.99212598425197 offrent
571.6535433070866 2801.5748031496064 108.66141732283465 62.99212598425197 à
615.7480314960629 2801.5748031496064 173.22834645669292 62.99212598425197 leur
702.3622047244095 2801.5748031496064 346.45669291338584 62.99212598425197 clientèle.

483.46456692913387 2877.165354330709 229.92125984251967 64.56692913385827 Ce
636.2204724409448 2877.165354330709 229.92125984251967 64.56692913385827 droit
790.5511811023622 2877.165354330709 179.5275590551181 64.56692913385827 n’a
891.3385826771654 2877.165354330709 281.8897637795276 64.56692913385827 d’autre
1096.0629921259842 2877.165354330709 255.11811023622047 64.56692913385827 limite
1250.3937007874015 2877.165354330709 255.11811023622047 64.56692913385827 que:

478.74015748031496 2952.755905511811 165.35433070866142 62.99212598425197 1°
562.2047244094488 2952.755905511811 303.93700787401576 62.99212598425197 L’ordre
784.2519685039371 2952.755905511811 303.93700787401576 62.99212598425197 public,
1004.7244094488188 2952.755905511811 248.8188976377953 62.99212598425197 au
1171.6535433070867 2952.755905511811 193.70078740157481 62.99212598425197 cas
1281.8897637795276 2952.755905511811 165.35433070866142 62.99212598425197 où
1365.3543307086613 2952.755905511811 165.35433070866142 62.99212598425197 il
1448.8188976377953 2952.755905511811 360.62992125984255 62.99212598425197 s’agirait
1725.984251968504 2952.755905511811 222.04724409448818 62.99212598425197 d’un
1862.992125984252 2952.755905511811 248.8188976377953 62.99212598425197 texte
2029.9212598425197 2952.755905511811 303.93700787401576 62.99212598425197 immoral
2251.968503937008 2952.755905511811 165.35433070866142 62.99212598425197 ou
2307.0866141732286 2952.755905511811 442.5196850393701 62.99212598425197 séditieux.

475.59055118110234 3026.771653543307 166.9291338582677 64.56692913385827 2°
559.0551181102362 3026.771653543307 193.70078740157481 64.56692913385827 Les
670.8661417322835 3026.771653543307 333.8582677165354 64.56692913385827 intérêts
919.6850393700787 3026.771653543307 193.70078740157481 64.56692913385827 des
1031.4960629921259 3026.771653543307 277.1653543307087 64.56692913385827 tiers,
1225.1968503937007 3026.771653543307 250.39370078740157 64.56692913385827 si
1392.1259842519685 3026.771653543307 166.9291338582677 64.56692913385827 la
1475.5905511811025 3026.771653543307 277.1653543307087 64.56692913385827 lettre
1670.8661417322835 3026.771653543307 250.39370078740157 64.56692913385827 était
1836.2204724409448 3026.771653543307 415.748031496063 64.56692913385827 calomnieuse
2170.0787401574803 3026.771653543307 166.9291338582677 64.56692913385827 ou
2253.5433070866143 3026.771653543307 472.4409448818898 64.56692913385827 diffamatoire,
2642.51968503937 3026.771653543307 166.9291338582677 64.56692913385827 ou
2725.984251968504 3026.771653543307 250.39370078740157 64.56692913385827 même,
2864.566929133858 3026.771653543307 277.1653543307087 64.56692913385827 sim

325.98425196850394 3102.3622047244094 398.4251968503937 64.56692913385827 plement,
644.0944881889764 3102.3622047244094 159.0551181102362 64.56692913385827 si
724.4094488188977 3102.3622047244094 212.5984251968504 64.56692913385827 elle
856.6929133858267 3102.3622047244094 318.1102362204724 64.56692913385827 révélait
1094.4881889763778 3102.3622047244094 185.82677165354332 64.56692913385827 des
1201.5748031496064 3102.3622047244094 239.37007874015748 64.56692913385827 faits
1360.6299212598426 3102.3622047244094 239.37007874015748 64.56692913385827 qu’un
1519.6850393700788 3102.3622047244094 239.37007874015748 64.56692913385827 tiers
1678.740157480315 3102.3622047244094 291.33858267716533 64.56692913385827 pouvait
1889.763779527559 3102.3622047244094 291.33858267716533 64.56692913385827 désirer
2102.3622047244094 3102.3622047244094 239.37007874015748 64.56692913385827 tenir
2234.6456692913384 3102.3622047244094 344.88188976377955 64.56692913385827 cachés.

472.4409448818898 3176.3779527559054 176.3779527559055 66.14173228346456 3°
560.6299212598425 3176.3779527559054 292.9133858267717 66.14173228346456 L’abus
766.9291338582677 3176.3779527559054 176.3779527559055 66.14173228346456 du
855.1181102362204 3176.3779527559054 264.56692913385825 66.14173228346456 droit
1029.9212598425197 3176.3779527559054 176.3779527559055 66.14173228346456 de
1118.1102362204724 3176.3779527559054 381.1023622047244 66.14173228346456 citation:
1412.5984251968505 3176.3779527559054 264.56692913385825 66.14173228346456 on
1587.4015748031495 3176.3779527559054 176.3779527559055 66.14173228346456 ne
1675.5905511811025 3176.3779527559054 352.755905511811 66.14173228346456 saurait,
1940.1574803149606 3176.3779527559054 204.7244094488189 66.14173228346456 par
2058.267716535433 3176.3779527559054 352.755905511811 66.14173228346456 exemple,
2321.259842519685 3176.3779527559054 234.64566929133858 66.14173228346456 sous
2467.716535433071 3176.3779527559054 352.755905511811 66.14173228346456 prétexte
2732.283464566929 3176.3779527559054 176.3779527559055 66.14173228346456 de
2790.551181102362 3176.3779527559054 352.755905511811 66.14173228346456 mettre

327.5590551181102 3250.3937007874015 245.66929133858267 67.71653543307086 en
491.33858267716533 3250.3937007874015 245.66929133858267 67.71653543307086 vente
655.1181102362204 3250.3937007874015 163.7795275590551 67.71653543307086 un
737.007874015748 3250.3937007874015 355.90551181102364 67.71653543307086 manuscrit
1011.0236220472441 3250.3937007874015 274.01574803149606 67.71653543307086 de
1203.1496062992126 3250.3937007874015 274.01574803149606 67.71653543307086 Thaïs,
1393.7007874015749 3250.3937007874015 464.56692913385825 67.71653543307086 réimprimer
1776.3779527559054 3250.3937007874015 163.7795275590551 67.71653543307086 en
1858.267716535433 3250.3937007874015 274.01574803149606 67.71653543307086 entier
2050.3937007874015 3250.3937007874015 163.7795275590551 67.71653543307086 le
2132.283464566929 3250.3937007874015 245.66929133858267 67.71653543307086 roman
2296.0629921259842 3250.3937007874015 163.7795275590551 67.71653543307086 de
2379.527559055118 3250.3937007874015 274.01574803149606 67.71653543307086 France
2570.0787401574803 3250.3937007874015 163.7795275590551 67.71653543307086 et
2651.968503937008 3250.3937007874015 163.7795275590551 67.71653543307086 le
2707.0866141732286 3250.3937007874015 437.79527559055117 67.71653543307086 distribuer

332.2834645669291 3329.1338582677167 453.54330708661416 62.99212598425197 gratuitement
713.3858267716536 3329.1338582677167 143.30708661417322 62.99212598425197 au
760.6299212598425 3329.1338582677167 310.23622047244095 62.99212598425197 public.

477.1653543307087 3400.0 258.26771653543307 67.71653543307086 Il
648.8188976377953 3400.0 171.6535433070866 67.71653543307086 me
735.4330708661417 3400.0 286.61417322834643 67.71653543307086 semble
935.4330708661417 3400.0 200.0 67.71653543307086 que
1050.3937007874015 3400.0 258.26771653543307 67.71653543307086 cette
1222.0472440944882 3400.0 286.61417322834643 67.71653543307086 triple
1423.6220472440946 3400.0 429.9212598425197 67.71653543307086 restriction
1766.9291338582677 3400.0 401.5748031496063 67.71653543307086 sauvegarde
2081.8897637795276 3400.0 373.2283464566929 67.71653543307086 amplement
2368.503937007874 3400.0 200.0 67.71653543307086 les
2483.464566929134 3400.0 286.61417322834643 67.71653543307086 droits
2685.0393700787404 3400.0 171.6535433070866 67.71653543307086 de
2741.732283464567 3400.0 401.5748031496063 67.71653543307086 l’auteur

322.8346456692913 3474.015748031496 261.4173228346457 67.71653543307086 de
496.06299212598424 3474.015748031496 492.9133858267717 67.71653543307086 l’autographe:
902.3622047244095 3474.015748031496 174.8031496062992 67.71653543307086 au
990.5511811023622 3474.015748031496 289.76377952755905 67.71653543307086 reste,
1193.7007874015749 3474.015748031496 174.8031496062992 67.71653543307086 ne
1280.3149606299212 3474.015748031496 436.2204724409449 67.71653543307086 sommes-nous
1628.3464566929133 3474.015748031496 203.1496062992126 67.71653543307086 pas
1744.8818897637796 3474.015748031496 174.8031496062992 67.71653543307086 en
1831.4960629921259 3474.015748031496 289.76377952755905 67.71653543307086 France
2034.6456692913387 3474.015748031496 233.0708661417323 67.71653543307086 sous
2181.1023622047246 3474.015748031496 174.8031496062992 67.71653543307086 le
2267.716535433071 3474.015748031496 289.76377952755905 67.71653543307086 régime
2470.8661417322833 3474.015748031496 174.8031496062992 67.71653543307086 de
2557.48031496063 3474.015748031496 174.8031496062992 67.71653543307086 la
2645.6692913385828 3474.015748031496 261.4173228346457 67.71653543307086 libre
2790.551181102362 3474.015748031496 348.0314960629921 67.71653543307086 publi

322.8346456692913 3552.755905511811 377.9527559055118 66.14173228346456 cation
612.5984251968504 3552.755905511811 174.8031496062992 66.14173228346456 et
699.2125984251968 3552.755905511811 203.1496062992126 66.14173228346456 non
815.7480314960629 3552.755905511811 233.0708661417323 66.14173228346456 sous
960.6299212598425 3552.755905511811 261.4173228346457 66.14173228346456 celui
1135.4330708661416 3552.755905511811 174.8031496062992 66.14173228346456 de
1222.0472440944882 3552.755905511811 174.8031496062992 66.14173228346456 la
1308.6614173228347 3552.755905511811 319.68503937007875 66.14173228346456 censure
1541.732283464567 3552.755905511811 406.2992125984252 66.14173228346456 préalable?
1861.4173228346456 3552.755905511811 581.1023622047244 66.14173228346456 L'expert-vendeur
2354.3307086614172 3552.755905511811 203.1496062992126 66.14173228346456 est
2470.8661417322833 3552.755905511811 174.8031496062992 66.14173228346456 un
2557.48031496063 3552.755905511811 406.2992125984252 66.14173228346456 commerçant
2848.818897637795 3552.755905511811 289.76377952755905 66.14173228346456 res

319.68503937007875 3626.771653543307 414.1732283464567 66.14173228346456 ponsable
651.9685039370079 3626.771653543307 165.35433070866142 66.14173228346456 et
733.8582677165355 3626.771653543307 220.4724409448819 66.14173228346456 peut
872.4409448818898 3626.771653543307 330.70866141732284 66.14173228346456 toujours
1119.6850393700788 3626.771653543307 220.4724409448819 66.14173228346456 être
1258.267716535433 3626.771653543307 359.0551181102362 66.14173228346456 poursuivi
1533.8582677165355 3626.771653543307 193.70078740157481 66.14173228346456 par
1644.0944881889764 3626.771653543307 330.70866141732284 66.14173228346456 l’auteur
1891.3385826771653 3626.771653543307 193.70078740157481 66.14173228346456 qui
2001.5748031496064 3626.771653543307 440.9448818897638 66.14173228346456 s’estimerait
2332.283464566929 3626.771653543307 303.93700787401576 66.14173228346456 lésé.

472.4409448818898 3703.9370078740158 355.90551181102364 62.99212598425197 Quant
738.5826771653543 3703.9370078740158 148.03149606299212 62.99212598425197 à
798.4251968503937 3703.9370078740158 177.95275590551182 62.99212598425197 la
888.1889763779527 3703.9370078740158 355.90551181102364 62.99212598425197 question
1154.3307086614172 3703.9370078740158 562.2047244094488 62.99212598425197 d’authenticité,
1628.3464566929133 3703.9370078740158 355.90551181102364 62.99212598425197 soulevée
1894.4881889763778 3703.9370078740158 207.8740157480315 62.99212598425197 par
2012.5984251968505 3703.9370078740158 177.95275590551182 62.99212598425197 M.
2102.3622047244094 3703.9370078740158 236.2204724409449 62.99212598425197 Paul
2250.3937007874015 3703.9370078740158 296.06299212598424 62.99212598425197 Souday
2456.6929133858266 3703.9370078740158 177.95275590551182 62.99212598425197 et
2546.4566929133857 3703.9370078740158 207.8740157480315 62.99212598425197 par
2664.566929133858 3703.9370078740158 207.8740157480315 62.99212598425197 son
2752.755905511811 3703.9370078740158 385.8267716535433 62.99212598425197 corres

318.1102362204724 3771.6535433070867 426.7716535433071 70.86614173228347 pondant,
659.8425196850394 3771.6535433070867 170.07874015748033 70.86614173228347 on
744.8818897637796 3771.6535433070867 170.07874015748033 70.86614173228347 me
829.9212598425197 3771.6535433070867 370.0787401574803 70.86614173228347 permettra
1114.9606299212599 3771.6535433070867 285.03937007874015 70.86614173228347 d’être
1313.3858267716535 3771.6535433070867 398.4251968503937 70.86614173228347 sceptique.
1626.7716535433071 3771.6535433070867 228.3464566929134 70.86614173228347 Dans
1770.0787401574803 3771.6535433070867 228.3464566929134 70.86614173228347 bien
1911.8110236220473 3771.6535433070867 200.0 70.86614173228347 des
2025.1968503937007 3771.6535433070867 228.3464566929134 70.86614173228347 cas,
2168.503937007874 3771.6535433070867 511.81102362204723 70.86614173228347 l’appréciation
2595.2755905511813 3771.6535433070867 370.0787401574803 70.86614173228347 autorisée
2850.3937007874015 3771.6535433070867 285.03937007874015 70.86614173228347 d’un

318.1102362204724 3844.0944881889764 393.7007874015748 74.01574803149606 expert
620.4724409448819 3844.0944881889764 182.6771653543307 74.01574803149606 en
711.8110236220473 3844.0944881889764 455.11811023622045 74.01574803149606 autographes
1075.5905511811025 3844.0944881889764 242.51968503937007 74.01574803149606 aura
1226.7716535433071 3844.0944881889764 242.51968503937007 74.01574803149606 plus
1379.5275590551182 3844.0944881889764 182.6771653543307 74.01574803149606 de
1469.291338582677 3844.0944881889764 272.4409448818898 74.01574803149606 poids
1651.9685039370079 3844.0944881889764 212.5984251968504 74.01574803149606 que
1773.2283464566929 3844.0944881889764 182.6771653543307 74.01574803149606 la
1864.5669291338584 3844.0944881889764 333.8582677165354 74.01574803149606 mémoire
2107.0866141732286 3844.0944881889764 455.11811023622045 74.01574803149606 défaillante
2470.8661417322833 3844.0944881889764 242.51968503937007 74.01574803149606 d’un
2622.047244094488 3844.0944881889764 393.7007874015748 74.01574803149606 écrivain.
2894.488188976378 3844.0944881889764 242.51968503937007 74.01574803149606 Là

318.1102362204724 3922.834645669291 411.0236220472441 67.71653543307086 encore,
640.9448818897638 3922.834645669291 176.3779527559055 67.71653543307086 en
729.1338582677165 3922.834645669291 204.7244094488189 67.71653543307086 cas
847.2440944881889 3922.834645669291 176.3779527559055 67.71653543307086 de
935.4330708661417 3922.834645669291 499.21259842519686 67.71653543307086 contestation,
1346.4566929133857 3922.834645669291 176.3779527559055 67.71653543307086 le
1434.6456692913387 3922.834645669291 322.8346456692913 67.71653543307086 recours
1669.291338582677 3922.834645669291 204.7244094488189 67.71653543307086 aux
1785.8267716535433 3922.834645669291 381.1023622047244 67.71653543307086 tribunaux
2080.314960629921 3922.834645669291 204.7244094488189 67.71653543307086 est
2196.850393700787 3922.834645669291 352.755905511811 67.71653543307086 toujours
2461.417322834646 3922.834645669291 352.755905511811 67.71653543307086 possible
2725.984251968504 3922.834645669291 146.45669291338584 67.71653543307086 —
2784.251968503937 3922.834645669291 176.3779527559055 67.71653543307086 et
2844.0944881889764 3922.834645669291 292.9133858267717 67.71653543307086 même

318.1102362204724 4001.5748031496064 209.4488188976378 62.99212598425197 facile.

469.29133858267716 4064.566929133858 359.0551181102362 77.16535433070867 Qu’on
738.5826771653543 4064.566929133858 179.5275590551181 77.16535433070867 me
828.3464566929134 4064.566929133858 359.0551181102362 77.16535433070867 permette
1097.6377952755906 4064.566929133858 209.4488188976378 77.16535433070867 une
1217.3228346456692 4064.566929133858 359.0551181102362 77.16535433070867 dernière
1486.6141732283465 4064.566929133858 478.74015748031496 77.16535433070867 observation:
1877.1653543307086 4064.566929133858 179.5275590551181 77.16535433070867 la
1966.9291338582677 4064.566929133858 239.37007874015748 77.16535433070867 même
2116.535433070866 4064.566929133858 359.0551181102362 77.16535433070867 question
2385.8267716535433 4064.566929133858 149.60629921259843 77.16535433070867 a
2445.6692913385828 4064.566929133858 239.37007874015748 77.16535433070867 déjà
2595.2755905511813 4064.566929133858 209.4488188976378 77.16535433070867 été
2685.0393700787404 4064.566929133858 448.81889763779526 77.16535433070867 tranchée,

319.68503937007875 4144.881889763779 300.78740157480314 70.86614173228347 pour
538.5826771653543 4144.881889763779 163.7795275590551 70.86614173228347 un
620.4724409448819 4144.881889763779 192.1259842519685 70.86614173228347 cas
729.1338582677165 4144.881889763779 300.78740157480314 70.86614173228347 presque
948.0314960629921 4144.881889763779 382.6771653543307 70.86614173228347 identique,
1248.8188976377953 4144.881889763779 192.1259842519685 70.86614173228347 par
1357.4803149606298 4144.881889763779 382.6771653543307 70.86614173228347 l’autorité
1658.267716535433 4144.881889763779 437.79527559055117 70.86614173228347 législative.
2014.1732283464567 4144.881889763779 163.7795275590551 70.86614173228347 Il
2096.0629921259842 4144.881889763779 137.00787401574803 70.86614173228347 y
2151.181102362205 4144.881889763779 137.00787401574803 70.86614173228347 a
2206.299212598425 4144.881889763779 327.5590551181102 70.86614173228347 quelques
2451.968503937008 4144.881889763779 300.78740157480314 70.86614173228347 années,
2670.8661417322833 4144.881889763779 218.89763779527559 70.86614173228347 lors
2807.8740157480315 4144.881889763779 163.7795275590551 70.86614173228347 du
2861.417322834646 4144.881889763779 274.01574803149606 70.86614173228347 vote

318.1102362204724 4217.322834645669 244.09448818897638 74.01574803149606 de
480.31496062992125 4217.322834645669 162.20472440944883 74.01574803149606 la
562.2047244094488 4217.322834645669 188.9763779527559 74.01574803149606 loi
669.2913385826772 4217.322834645669 188.9763779527559 74.01574803149606 sur
777.9527559055118 4217.322834645669 162.20472440944883 74.01574803149606 la
859.8425196850394 4217.322834645669 352.755905511811 74.01574803149606 propriété
1130.708661417323 4217.322834645669 406.2992125984252 74.01574803149606 artistique,
1455.1181102362204 4217.322834645669 162.20472440944883 74.01574803149606 il
1537.007874015748 4217.322834645669 135.43307086614172 74.01574803149606 a
1590.5511811023623 4217.322834645669 188.9763779527559 74.01574803149606 été
1699.2125984251968 4217.322834645669 352.755905511811 74.01574803149606 nettement
1970.0787401574803 4217.322834645669 297.6377952755906 74.01574803149606 stipulé
2187.4015748031497 4217.322834645669 188.9763779527559 74.01574803149606 par
2296.0629921259842 4217.322834645669 188.9763779527559 74.01574803149606 les
2403.149606299213 4217.322834645669 324.40944881889766 74.01574803149606 Chambres
2647.244094488189 4217.322834645669 188.9763779527559 74.01574803149606 que
2755.9055118110236 4217.322834645669 162.20472440944883 74.01574803149606 la
2811.0236220472443 4217.322834645669 324.40944881889766 74.01574803149606 repro

318.1102362204724 4294.488188976378 393.7007874015748 70.86614173228347 duction
628.3464566929134 4294.488188976378 253.54330708661416 70.86614173228347 d’une
796.8503937007874 4294.488188976378 337.00787401574803 70.86614173228347 peinture
1050.3937007874015 4294.488188976378 450.3937007874016 70.86614173228347 moderne,
1415.748031496063 4294.488188976378 225.1968503937008 70.86614173228347 dans
1555.9055118110236 4294.488188976378 168.50393700787401 70.86614173228347 un
1640.9448818897638 4294.488188976378 365.3543307086614 70.86614173228347 catalogue
1922.8346456692914 4294.488188976378 168.50393700787401 70.86614173228347 de
2006.2992125984251 4294.488188976378 253.54330708661416 70.86614173228347 vente
2174.803149606299 4294.488188976378 365.3543307086614 70.86614173228347 distribué
2456.6929133858266 4294.488188976378 478.74015748031496 70.86614173228347 gratuitement,
2822.047244094488 4294.488188976378 310.23622047244095 70.86614173228347 ne

313.38582677165357 4363.779527559055 395.2755905511811 75.59055118110236 tombait
623.6220472440945 4363.779527559055 196.8503937007874 75.59055118110236 pas
737.007874015748 4363.779527559055 225.1968503937008 75.59055118110236 sous
877.1653543307086 4363.779527559055 168.50393700787401 75.59055118110236 le
962.2047244094488 4363.779527559055 225.1968503937008 75.59055118110236 coup
1102.3622047244094 4363.779527559055 168.50393700787401 75.59055118110236 de
1187.4015748031495 4363.779527559055 168.50393700787401 75.59055118110236 la
1272.4409448818897 4363.779527559055 196.8503937007874 75.59055118110236 loi
1384.251968503937 4363.779527559055 168.50393700787401 75.59055118110236 et
1469.291338582677 4363.779527559055 196.8503937007874 75.59055118110236 que
1582.6771653543308 4363.779527559055 168.50393700787401 75.59055118110236 le
1666.1417322834645 4363.779527559055 648.8188976377953 75.59055118110236 commissaire-priseur
2229.9212598425197 4363.779527559055 168.50393700787401 75.59055118110236 ne
2314.9606299212596 4363.779527559055 310.23622047244095 75.59055118110236 pouvait
2540.1574803149606 4363.779527559055 225.1968503937008 75.59055118110236 être
2681.8897637795276 4363.779527559055 253.54330708661416 75.59055118110236 tenu,
2850.3937007874015 4363.779527559055 168.50393700787401 75.59055118110236 ni
2907.0866141732286 4363.779527559055 225.1968503937008 75.59055118110236 de

316.53543307086613 4439.370078740158 478.74015748031496 74.01574803149606 solliciter
711.8110236220473 4439.370078740158 196.8503937007874 74.01574803149606 une
823.6220472440945 4439.370078740158 478.74015748031496 74.01574803149606 autorisation,
1218.8976377952756 4439.370078740158 168.50393700787401 74.01574803149606 ni
1303.9370078740158 4439.370078740158 168.50393700787401 74.01574803149606 de
1387.4015748031495 4439.370078740158 253.54330708661416 74.01574803149606 payer
1557.4803149606298 4439.370078740158 168.50393700787401 74.01574803149606 un
1640.9448818897638 4439.370078740158 253.54330708661416 74.01574803149606 droit
1811.023622047244 4439.370078740158 168.50393700787401 74.01574803149606 de
1894.4881889763778 4439.370078740158 478.74015748031496 74.01574803149606 reproduction.
2289.763779527559 4439.370078740158 168.50393700787401 74.01574803149606 Le
2374.803149606299 4439.370078740158 196.8503937007874 74.01574803149606 cas
2486.6141732283463 4439.370078740158 338.5826771653543 74.01574803149606 n’est-il
2740.1574803149606 4439.370078740158 196.8503937007874 74.01574803149606 pas
2825.196850393701 4439.370078740158 310.23622047244095 74.01574803149606 abso

318.1102362204724 4513.385826771653 370.0787401574803 75.59055118110236 lument
603.1496062992126 4513.385826771653 398.4251968503937 75.59055118110236 parallèle,
914.9606299212599 4513.385826771653 256.6929133858268 75.59055118110236 qu’il
1086.6141732283465 4513.385826771653 341.73228346456693 75.59055118110236 s’agisse
1341.732283464567 4513.385826771653 256.6929133858268 75.59055118110236 d’une
1513.3858267716535 4513.385826771653 341.73228346456693 75.59055118110236 peinture
1768.5039370078741 4513.385826771653 170.07874015748033 75.59055118110236 de
1853.5433070866143 4513.385826771653 256.6929133858268 75.59055118110236 Manet
2025.1968503937007 4513.385826771653 170.07874015748033 75.59055118110236 ou
2110.236220472441 4513.385826771653 256.6929133858268 75.59055118110236 d’une
2280.314960629921 4513.385826771653 285.03937007874015 75.59055118110236 lettre
2480.314960629921 4513.385826771653 170.07874015748033 75.59055118110236 de
2565.3543307086616 4513.385826771653 256.6929133858268 75.59055118110236 notre
2707.0866141732286 4513.385826771653 426.7716535433071 75.59055118110236 excellent

321.25984251968504 4598.425196850394 346.45669291338584 62.99212598425197 confrère
600.0 4598.425196850394 138.58267716535434 62.99212598425197 Y.
645.6692913385826 4598.425196850394 207.8740157480315 62.99212598425197 Z.?

1949.6062992125985 4721.259842519685 612.5984251968504 70.86614173228347 SEYMOUR
2393.700787401575 4721.259842519685 333.8582677165354 70.86614173228347 DE
2505.511811023622 4721.259842519685 445.6692913385827 70.86614173228347 RICCI.
