3283.464566929134 5390.5511811023625
826.7716535433071 285.03937007874015 1244.0944881889764 103.93700787401575 CATALOGUE

88.18897637795276 488.18897637795277 262.99212598425197 62.99212598425197 4201
253.54330708661416 488.18897637795277 525.9842519685039 62.99212598425197 ABOUT
680.3149606299213 488.18897637795277 428.34645669291336 62.99212598425197 (Edmond),
1009.4488188976378 488.18897637795277 362.20472440944883 62.99212598425197 célèbre
1240.9448818897638 488.18897637795277 229.92125984251967 62.99212598425197 écri-

163.7795275590551 563.7795275590552 278.74015748031496 64.56692913385827 vain.
349.6062992125984 563.7795275590552 154.33070866141733 64.56692913385827 —
412.59842519685037 563.7795275590552 185.82677165354332 64.56692913385827 L.
505.51181102362204 563.7795275590552 185.82677165354332 64.56692913385827 a.
598.4251968503937 563.7795275590552 217.3228346456693 64.56692913385827 s.,
722.8346456692914 563.7795275590552 278.74015748031496 64.56692913385827 1865,
908.6614173228346 563.7795275590552 154.33070866141733 64.56692913385827 3
970.0787401574803 563.7795275590552 185.82677165354332 64.56692913385827 p.
1062.992125984252 563.7795275590552 278.74015748031496 64.56692913385827 in-8.
1248.8188976377953 563.7795275590552 185.82677165354332 64.56692913385827 30
1311.8110236220473 563.7795275590552 154.33070866141733 64.56692913385827 fr.

296.06299212598424 662.992125984252 352.755905511811 55.118110236220474 Curieuse
562.2047244094488 662.992125984252 294.48818897637796 55.118110236220474 lettre
766.9291338582677 662.992125984252 236.2204724409449 55.118110236220474 dans
914.9606299212599 662.992125984252 352.755905511811 55.118110236220474 laquelle
1179.5275590551182 662.992125984252 176.3779527559055 55.118110236220474 il
1237.7952755905512 662.992125984252 236.2204724409449 55.118110236220474 reven-

225.1968503937008 719.6850393700787 288.18897637795277 55.118110236220474 dique
417.3228346456693 719.6850393700787 192.1259842519685 55.118110236220474 la
513.3858267716536 719.6850393700787 352.755905511811 55.118110236220474 liberté
768.503937007874 719.6850393700787 384.251968503937 55.118110236220474 complète
1058.267716535433 719.6850393700787 256.6929133858268 55.118110236220474 pour
1217.3228346456692 719.6850393700787 192.1259842519685 55.118110236220474 le
1281.8897637795276 719.6850393700787 192.1259842519685 55.118110236220474 com-

228.3464566929134 776.3779527559055 274.01574803149606 53.54330708661417 merce
411.0236220472441 776.3779527559055 182.6771653543307 53.54330708661417 de
502.3622047244094 776.3779527559055 182.6771653543307 53.54330708661417 la
593.7007874015748 776.3779527559055 426.7716535433071 53.54330708661417 librairie.
927.5590551181102 776.3779527559055 212.5984251968504 53.54330708661417 «La
1048.8188976377953 776.3779527559055 244.09448818897638 53.54330708661417 pire
1201.5748031496064 776.3779527559055 274.01574803149606 53.54330708661417 peste
1354.3307086614172 776.3779527559055 121.25984251968504 53.54330708661417 de

223.6220472440945 833.0708661417323 296.06299212598424 55.118110236220474 notre
420.4724409448819 833.0708661417323 262.99212598425197 55.118110236220474 pays
585.8267716535433 833.0708661417323 229.92125984251967 55.118110236220474 est
716.5354330708661 833.0708661417323 492.9133858267717 55.118110236220474 l’ignorance
1111.8110236220473 833.0708661417323 362.20472440944883 55.118110236220474 absolue
1341.732283464567 833.0708661417323 132.28346456692913 55.118110236220474 du

226.77165354330708 889.7637795275591 311.81102362204723 55.118110236220474 peuple
445.6692913385827 889.7637795275591 218.89763779527559 55.118110236220474 sur
570.0787401574803 889.7637795275591 218.89763779527559 55.118110236220474 les
694.488188976378 889.7637795275591 404.7244094488189 55.118110236220474 questions
1006.2992125984252 889.7637795275591 218.89763779527559 55.118110236220474 qui
1099.2125984251968 889.7637795275591 374.8031496062992 55.118110236220474 l’intéres-

226.77165354330708 948.0314960629921 262.99212598425197 53.54330708661417 sent
390.5511811023622 948.0314960629921 196.8503937007874 53.54330708661417 le
489.76377952755905 948.0314960629921 362.20472440944883 53.54330708661417 plus...
752.7559055118111 948.0314960629921 296.06299212598424 53.54330708661417 telle
949.6062992125984 948.0314960629921 362.20472440944883 53.54330708661417 commune
1212.5984251968505 948.0314960629921 196.8503937007874 53.54330708661417 où
1278.740157480315 948.0314960629921 196.8503937007874 53.54330708661417 per-

228.3464566929134 1001.5748031496063 274.01574803149606 51.968503937007874 sonne
411.0236220472441 1001.5748031496063 182.6771653543307 51.968503937007874 ne
502.3622047244094 1001.5748031496063 396.8503937007874 51.968503937007874 s’établit
806.2992125984252 1001.5748031496063 396.8503937007874 51.968503937007874 libraire,
1111.8110236220473 1001.5748031496063 182.6771653543307 51.968503937007874 se
1203.1496062992126 1001.5748031496063 305.51181102362204 51.968503937007874 mettra
1385.8267716535433 1001.5748031496063 91.33858267716535 51.968503937007874 à

226.77165354330708 1059.8425196850394 352.755905511811 55.118110236220474 acheter
481.8897637795276 1059.8425196850394 223.6220472440945 55.118110236220474 des
611.0236220472441 1059.8425196850394 319.68503937007875 55.118110236220474 livres
834.6456692913385 1059.8425196850394 288.18897637795277 55.118110236220474 quand
1026.7716535433071 1059.8425196850394 448.81889763779526 55.118110236220474 l’épicier,
1348.0314960629921 1059.8425196850394 127.55905511811024 55.118110236220474 le

231.49606299212599 1118.1102362204724 318.1102362204724 53.54330708661417 mercier
462.99212598425197 1118.1102362204724 173.22834645669292 53.54330708661417 et
549.6062992125984 1118.1102362204724 231.49606299212599 53.54330708661417 tous
694.488188976378 1118.1102362204724 203.1496062992126 53.54330708661417 les
811.0236220472441 1118.1102362204724 289.76377952755905 53.54330708661417 petits
1014.1732283464567 1118.1102362204724 376.37795275590554 53.54330708661417 marchands
1274.015748031496 1118.1102362204724 203.1496062992126 53.54330708661417 pour-

226.77165354330708 1174.8031496062993 261.4173228346457 42.51968503937008 ront
390.5511811023622 1174.8031496062993 195.2755905511811 42.51968503937008 en
455.11811023622045 1174.8031496062993 325.98425196850394 42.51968503937008 vendre.»

91.33858267716535 1274.015748031496 277.1653543307087 74.01574803149606 4202
264.56692913385825 1274.015748031496 656.6929133858267 74.01574803149606 ABRANTÈS
817.3228346456693 1274.015748031496 344.88188976377955 74.01574803149606 (Laure
1059.8425196850394 1274.015748031496 379.5275590551181 74.01574803149606 Permon,
1300.7874015748032 1274.015748031496 173.22834645669292 74.01574803149606 du

165.35433070866142 1359.0551181102362 344.88188976377955 64.56692913385827 chesse
406.2992125984252 1359.0551181102362 275.59055118110234 64.56692913385827 d’),
579.5275590551181 1359.0551181102362 310.23622047244095 64.56692913385827 femme
785.8267716535433 1359.0551181102362 206.29921259842519 64.56692913385827 du
889.7637795275591 1359.0551181102362 379.5275590551181 64.56692913385827 général
1165.3543307086613 1359.0551181102362 344.88188976377955 64.56692913385827 Junot.
1371.6535433070867 1359.0551181102362 103.93700787401575 64.56692913385827 —

160.62992125984252 1434.6456692913387 409.4488188976378 64.56692913385827 Lettre
447.244094488189 1434.6456692913387 245.66929133858267 64.56692913385827 a.
570.0787401574803 1434.6456692913387 286.61417322834643 64.56692913385827 s.,
733.8582677165355 1434.6456692913387 204.7244094488189 64.56692913385827 4
815.7480314960629 1434.6456692913387 245.66929133858267 64.56692913385827 p.
938.5826771653543 1434.6456692913387 368.503937007874 64.56692913385827 in-8.
1184.251968503937 1434.6456692913387 245.66929133858267 64.56692913385827 50
1266.1417322834645 1434.6456692913387 204.7244094488189 64.56692913385827 fr.

299.21259842519686 1532.283464566929 370.0787401574803 55.118110236220474 Superbe
568.503937007874 1532.283464566929 337.00787401574803 55.118110236220474 lettre
803.1496062992126 1532.283464566929 404.7244094488189 55.118110236220474 adressée
1107.0866141732283 1532.283464566929 168.50393700787401 55.118110236220474 à
1174.8031496062993 1532.283464566929 201.5748031496063 55.118110236220474 un
1240.9448818897638 1532.283464566929 236.2204724409449 55.118110236220474 jeune

234.64566929133858 1588.976377952756 303.93700787401576 53.54330708661417 poète.
447.244094488189 1588.976377952756 272.4409448818898 53.54330708661417 «J’ai
628.3464566929134 1588.976377952756 212.5984251968504 53.54330708661417 été
749.6062992125984 1588.976377952756 363.7795275590551 53.54330708661417 touchée,
1023.6220472440945 1588.976377952756 242.51968503937007 53.54330708661417 mais
1174.8031496062993 1588.976377952756 333.8582677165354 53.54330708661417 touchée
1387.4015748031495 1588.976377952756 91.33858267716535 53.54330708661417 à

233.0708661417323 1645.6692913385828 288.18897637795277 55.118110236220474 l’âme
423.62204724409446 1645.6692913385828 192.1259842519685 55.118110236220474 de
519.6850393700787 1645.6692913385828 288.18897637795277 55.118110236220474 votre
711.8110236220473 1645.6692913385828 415.748031496063 55.118110236220474 admirable
1031.4960629921259 1645.6692913385828 447.244094488189 55.118110236220474 simplicité
1351.1811023622047 1645.6692913385828 127.55905511811024 55.118110236220474 en

233.0708661417323 1703.9370078740158 311.81102362204723 53.54330708661417 louant
451.9685039370079 1703.9370078740158 311.81102362204723 53.54330708661417 Victor
669.2913385826772 1703.9370078740158 280.31496062992125 53.54330708661417 Hugo,
856.6929133858267 1703.9370078740158 187.4015748031496 53.54330708661417 en
949.6062992125984 1703.9370078740158 311.81102362204723 53.54330708661417 disant
1168.5039370078741 1703.9370078740158 218.89763779527559 53.54330708661417 ses
1261.4173228346456 1703.9370078740158 218.89763779527559 53.54330708661417 vers,

233.0708661417323 1759.0551181102362 187.4015748031496 55.118110236220474 en
327.5590551181102 1759.0551181102362 374.8031496062992 55.118110236220474 appuyant
607.8740157480315 1759.0551181102362 218.89763779527559 55.118110236220474 sur
732.2834645669292 1759.0551181102362 280.31496062992125 55.118110236220474 leurs
919.6850393700787 1759.0551181102362 374.8031496062992 55.118110236220474 beautés,
1201.5748031496064 1759.0551181102362 218.89763779527559 55.118110236220474 les
1294.4881889763778 1759.0551181102362 187.4015748031496 55.118110236220474 fai-

229.92125984251967 1817.3228346456692 286.61417322834643 53.54330708661417 sant
409.4488188976378 1817.3228346456692 464.56692913385825 53.54330708661417 remarquer
766.9291338582677 1817.3228346456692 286.61417322834643 53.54330708661417 avec
944.8818897637796 1817.3228346456692 250.39370078740157 53.54330708661417 une
1088.1889763779527 1817.3228346456692 393.7007874015748 53.54330708661417 adresse
1338.5826771653544 1817.3228346456692 143.30708661417322 53.54330708661417 de

234.64566929133858 1872.4409448818897 318.1102362204724 51.968503937007874 frère.
456.6929133858268 1872.4409448818897 255.11811023622047 51.968503937007874 Cela
617.3228346456693 1872.4409448818897 223.6220472440945 51.968503937007874 est
744.8818897637796 1872.4409448818897 286.61417322834643 51.968503937007874 bien,
935.4330708661417 1872.4409448818897 382.6771653543307 51.968503937007874 vraiment
1190.5511811023623 1872.4409448818897 286.61417322834643 51.968503937007874 bien...

233.0708661417323 1930.708661417323 192.1259842519685 53.54330708661417 Je
329.13385826771656 1930.708661417323 256.6929133858268 53.54330708661417 dois
488.18897637795277 1930.708661417323 352.755905511811 53.54330708661417 ajouter
744.8818897637796 1930.708661417323 415.748031496063 53.54330708661417 qu’aimant
1066.1417322834645 1930.708661417323 319.68503937007875 53.54330708661417 Victor
1258.267716535433 1930.708661417323 223.6220472440945 53.54330708661417 Hugo,

236.2204724409449 1985.8267716535433 274.01574803149606 53.54330708661417 étant
418.8976377952756 1985.8267716535433 456.6929133858268 53.54330708661417 admiratrice
784.2519685039371 1985.8267716535433 182.6771653543307 53.54330708661417 de
875.5905511811023 1985.8267716535433 212.5984251968504 53.54330708661417 son
996.8503937007874 1985.8267716535433 303.93700787401576 53.54330708661417 talent
1209.4488188976377 1985.8267716535433 182.6771653543307 53.54330708661417 au
1270.8661417322835 1985.8267716535433 212.5984251968504 53.54330708661417 point

239.37007874015748 2044.0944881889764 170.07874015748033 53.54330708661417 de
324.40944881889766 2044.0944881889764 310.23622047244095 53.54330708661417 prendre
549.6062992125984 2044.0944881889764 170.07874015748033 53.54330708661417 le
634.6456692913385 2044.0944881889764 198.4251968503937 53.54330708661417 nom
748.0314960629921 2044.0944881889764 677.1653543307086 53.54330708661417 d’hugonienne,
1311.8110236220473 2044.0944881889764 170.07874015748033 53.54330708661417 j’ai

234.64566929133858 2099.212598425197 248.8188976377953 55.118110236220474 joui
390.5511811023622 2099.212598425197 187.4015748031496 55.118110236220474 de
485.03937007874015 2099.212598425197 218.89763779527559 55.118110236220474 son
609.4488188976378 2099.212598425197 280.31496062992125 55.118110236220474 éloge
796.8503937007874 2099.212598425197 248.8188976377953 55.118110236220474 fait
951.1811023622047 2099.212598425197 218.89763779527559 55.118110236220474 par
1077.1653543307086 2099.212598425197 187.4015748031496 55.118110236220474 un
1170.0787401574803 2099.212598425197 280.31496062992125 55.118110236220474 homme
1325.984251968504 2099.212598425197 155.90551181102362 55.118110236220474 tel

236.2204724409449 2168.503937007874 226.77165354330708 42.51968503937008 que
333.8582677165354 2168.503937007874 324.40944881889766 42.51968503937008 vous...»

99.21259842519684 2266.1417322834645 262.99212598425197 64.56692913385827 4203
264.56692913385825 2266.1417322834645 625.1968503937007 64.56692913385827 ABRANTES
790.5511811023622 2266.1417322834645 494.48818897637796 64.56692913385827 (Joséphine,
1152.755905511811 2266.1417322834645 329.13385826771656 64.56692913385827 duchesse

176.3779527559055 2341.732283464567 255.11811023622047 64.56692913385827 d’),
335.43307086614175 2341.732283464567 286.61417322834643 64.56692913385827 fille
525.9842519685039 2341.732283464567 190.5511811023622 64.56692913385827 de
622.0472440944882 2341.732283464567 190.5511811023622 64.56692913385827 la
716.5354330708661 2341.732283464567 477.1653543307087 64.56692913385827 précédente.
1099.2125984251968 2341.732283464567 159.0551181102362 64.56692913385827 —
1162.2047244094488 2341.732283464567 318.1102362204724 64.56692913385827 Lettre
1352.755905511811 2341.732283464567 127.55905511811024 64.56692913385827 a.

171.6535433070866 2417.3228346456694 218.89763779527559 64.56692913385827 s.
280.31496062992125 2417.3228346456694 181.10236220472441 64.56692913385827 à
352.755905511811 2417.3228346456694 218.89763779527559 64.56692913385827 un
462.99212598425197 2417.3228346456694 400.0 64.56692913385827 docteur
752.7559055118111 2417.3228346456694 327.5590551181102 64.56692913385827 (vers
971.6535433070866 2417.3228346456694 363.7795275590551 64.56692913385827 1839),
1225.1968503937007 2417.3228346456694 255.11811023622047 64.56692913385827 une
1335.4330708661416 2417.3228346456694 144.88188976377953 64.56692913385827 p.

103.93700787401575 2492.9133858267714 954.3307086614174 50.39370078740158 in-8.
740.1574803149606 2492.9133858267714 636.2204724409448 50.39370078740158 15
951.1811023622047 2492.9133858267714 530.7086614173228 50.39370078740158 fr.

308.66141732283467 2588.9763779527557 228.3464566929134 56.69291338582677 «Ne
439.37007874015745 2588.9763779527557 261.4173228346457 56.69291338582677 vous
603.1496062992126 2588.9763779527557 458.26771653543307 56.69291338582677 étiez-vous
963.7795275590552 2588.9763779527557 228.3464566929134 56.69291338582677 pas
1094.4881889763778 2588.9763779527557 425.1968503937008 56.69291338582677 intéressé
1388.976377952756 2588.9763779527557 97.63779527559055 56.69291338582677 à

239.37007874015748 2647.244094488189 203.1496062992126 53.54330708661417 ma
340.15748031496065 2647.244094488189 303.93700787401576 53.54330708661417 mère,
543.3070866141733 2647.244094488189 203.1496062992126 53.54330708661417 ne
644.0944881889764 2647.244094488189 540.1574803149606 53.54330708661417 l’aviez-vous
1083.4645669291338 2647.244094488189 236.2204724409449 53.54330708661417 pas
1184.251968503937 2647.244094488189 303.93700787401576 53.54330708661417 soignée

240.9448818897638 2703.9370078740158 274.01574803149606 53.54330708661417 comme
423.62204724409446 2703.9370078740158 182.6771653543307 53.54330708661417 un
514.9606299212599 2703.9370078740158 274.01574803149606 53.54330708661417 fils.
697.6377952755905 2703.9370078740158 182.6771653543307 53.54330708661417 Si
788.9763779527559 2703.9370078740158 244.09448818897638 53.54330708661417 vous
941.7322834645669 2703.9370078740158 396.8503937007874 53.54330708661417 l’eussiez
1215.748031496063 2703.9370078740158 274.01574803149606 53.54330708661417 soignée

239.37007874015748 2760.6299212598424 296.06299212598424 55.118110236220474 seul,
436.2204724409449 2760.6299212598424 426.7716535433071 55.118110236220474 peut-être
765.3543307086615 2760.6299212598424 525.9842519685039 55.118110236220474 vivrait-elle
1159.0551181102362 2760.6299212598424 329.13385826771656 55.118110236220474 encore?»

107.08661417322834 2874.015748031496 256.6929133858268 62.99212598425197 4204
267.7165354330709 2874.015748031496 481.8897637795276 62.99212598425197 ADAM
651.9685039370079 2874.015748031496 450.3937007874016 62.99212598425197 (Adolphe),
1006.2992125984252 2874.015748031496 481.8897637795276 62.99212598425197 compositeur
1359.0551181102362 2874.015748031496 129.13385826771653 62.99212598425197 de

181.10236220472441 2949.6062992125985 411.0236220472441 62.99212598425197 musique.
489.76377952755905 2949.6062992125985 171.6535433070866 62.99212598425197 —
559.0551181102362 2949.6062992125985 206.29921259842519 62.99212598425197 L.
661.4173228346457 2949.6062992125985 206.29921259842519 62.99212598425197 a.
765.3543307086615 2949.6062992125985 206.29921259842519 62.99212598425197 s.
867.7165354330708 2949.6062992125985 171.6535433070866 62.99212598425197 à
935.4330708661417 2949.6062992125985 206.29921259842519 62.99212598425197 M.
1039.3700787401574 2949.6062992125985 377.9527559055118 62.99212598425197 Bocage,
1313.3858267716535 2949.6062992125985 171.6535433070866 62.99212598425197 2
1348.0314960629921 2949.6062992125985 137.00787401574803 62.99212598425197 p.

113.38582677165354 3023.6220472440946 951.1811023622047 50.39370078740158 in-8.
746.4566929133858 3023.6220472440946 634.6456692913385 50.39370078740158 20
959.0551181102362 3023.6220472440946 527.5590551181102 50.39370078740158 fr.

310.23622047244095 3110.236220472441 686.6141732283464 45.669291338582674 Recommandation
881.8897637795276 3110.236220472441 228.3464566929134 45.669291338582674 en
996.8503937007874 3110.236220472441 381.1023622047244 45.669291338582674 faveur
1225.1968503937007 3110.236220472441 267.7165354330709 45.669291338582674 d’une

226.77165354330708 3170.0787401574803 266.1417322834646 42.51968503937008 actrice.

111.81102362204724 3278.740157480315 269.29133858267716 62.99212598425197 4205
280.31496062992125 3278.740157480315 505.51181102362204 62.99212598425197 ADAM
683.4645669291339 3278.740157480315 437.79527559055117 62.99212598425197 (Edmond),
1020.4724409448819 3278.740157480315 337.00787401574803 62.99212598425197 préfet
1255.1181102362204 3278.740157480315 201.5748031496063 62.99212598425197 de
1322.8346456692914 3278.740157480315 168.50393700787401 62.99212598425197 Po-

187.4015748031496 3352.755905511811 278.74015748031496 64.56692913385827 lice.
373.2283464566929 3352.755905511811 154.33070866141733 64.56692913385827 —
436.2204724409449 3352.755905511811 185.82677165354332 64.56692913385827 L.
529.1338582677165 3352.755905511811 185.82677165354332 64.56692913385827 a.
622.0472440944882 3352.755905511811 185.82677165354332 64.56692913385827 s.
714.9606299212599 3352.755905511811 340.15748031496065 64.56692913385827 janvier
962.2047244094488 3352.755905511811 278.74015748031496 64.56692913385827 1871,
1148.0314960629921 3352.755905511811 154.33070866141733 64.56692913385827 1
1209.4488188976377 3352.755905511811 185.82677165354332 64.56692913385827 p.
1270.8661417322835 3352.755905511811 217.3228346456693 64.56692913385827 in

1286.6141732283465 3428.3464566929133 174.8031496062992 48.818897637795274 12
1344.8818897637796 3428.3464566929133 146.45669291338584 48.818897637795274 fr.

322.8346456692913 3518.1102362204724 220.4724409448819 51.968503937007874 Il
433.07086614173227 3518.1102362204724 513.3858267716536 51.968503937007874 recommande
834.6456692913385 3518.1102362204724 220.4724409448819 51.968503937007874 un
944.8818897637796 3518.1102362204724 329.13385826771656 51.968503937007874 jeune
1165.3543307086613 3518.1102362204724 329.13385826771656 51.968503937007874 homme
1348.0314960629921 3518.1102362204724 146.45669291338584 51.968503937007874 et

247.24409448818898 3573.228346456693 392.12598425196853 45.669291338582674 demande
532.2834645669292 3573.228346456693 214.17322834645668 45.669291338582674 de
639.3700787401575 3573.228346456693 214.17322834645668 45.669291338582674 le
746.4566929133858 3573.228346456693 321.25984251968504 45.669291338582674 faire
960.6299212598425 3573.228346456693 355.90551181102364 45.669291338582674 entrer
1209.4488188976377 3573.228346456693 285.03937007874015 45.669291338582674 dans
1352.755905511811 3573.228346456693 141.73228346456693 45.669291338582674 la

256.6929133858268 3631.496062992126 288.18897637795277 50.39370078740158 Garde
448.81889763779526 3631.496062992126 415.748031496063 50.39370078740158 Nationale
737.007874015748 3631.496062992126 415.748031496063 50.39370078740158 sédentaire.

116.53543307086615 3741.732283464567 256.6929133858268 62.99212598425197 4206
277.1653543307087 3741.732283464567 544.8818897637796 62.99212598425197 AICARD
725.9842519685039 3741.732283464567 352.755905511811 62.99212598425197 (Jean),
982.6771653543307 3741.732283464567 288.18897637795277 62.99212598425197 poète
1174.8031496062993 3741.732283464567 192.1259842519685 62.99212598425197 et
1239.3700787401574 3741.732283464567 256.6929133858268 62.99212598425197 roman

190.5511811023622 3815.748031496063 308.66141732283467 59.84251968503937 cier.
396.8503937007874 3815.748031496063 171.6535433070866 59.84251968503937 —
466.1417322834646 3815.748031496063 206.29921259842519 59.84251968503937 L.
568.503937007874 3815.748031496063 206.29921259842519 59.84251968503937 a.
672.4409448818898 3815.748031496063 206.29921259842519 59.84251968503937 s.
774.8031496062993 3815.748031496063 171.6535433070866 59.84251968503937 à
844.0944881889764 3815.748031496063 206.29921259842519 59.84251968503937 un
946.4566929133858 3815.748031496063 447.244094488189 59.84251968503937 confrère,
1255.1181102362204 3815.748031496063 240.9448818897638 59.84251968503937 1899,

157.48031496062993 3891.3385826771655 371.65354330708664 64.56692913385827 1
305.51181102362204 3891.3385826771655 445.6692913385827 64.56692913385827 p.
529.1338582677165 3891.3385826771655 669.2913385826772 64.56692913385827 in-8.
974.8031496062993 3891.3385826771655 445.6692913385827 64.56692913385827 15
1124.4094488188975 3891.3385826771655 371.65354330708664 64.56692913385827 fr.

330.70866141732284 3987.4015748031497 190.5511811023622 56.69291338582677 Il
425.1968503937008 3987.4015748031497 348.0314960629921 56.69291338582677 renvoie
678.7401574803149 3987.4015748031497 222.04724409448818 56.69291338582677 des
806.2992125984252 3987.4015748031497 379.5275590551181 56.69291338582677 épreuves
1091.3385826771653 3987.4015748031497 411.0236220472441 56.69291338582677 corrigées
1376.3779527559054 3987.4015748031497 125.98425196850394 56.69291338582677 et

256.6929133858268 4045.6692913385828 269.29133858267716 45.669291338582674 deux
425.1968503937008 4045.6692913385828 269.29133858267716 45.669291338582674 vers
593.7007874015748 4045.6692913385828 505.51181102362204 45.669291338582674 transformés
996.8503937007874 4045.6692913385828 303.93700787401576 45.669291338582674 comme
1200.0 4045.6692913385828 201.5748031496063 45.669291338582674 il
1266.1417322834645 4045.6692913385828 236.2204724409449 45.669291338582674 suit.

330.70866141732284 4121.259842519685 366.92913385826773 50.39370078740158 «Vous
604.7244094488188 4121.259842519685 244.09448818897638 50.39370078740158 êtes
757.4803149606299 4121.259842519685 214.17322834645668 50.39370078740158 mes
880.3149606299213 4121.259842519685 305.51181102362204 50.39370078740158 biens,
1094.4881889763778 4121.259842519685 214.17322834645668 50.39370078740158 mon
1185.8267716535433 4121.259842519685 275.59055118110234 50.39370078740158 château

335.43307086614175 4177.952755905511 174.8031496062992 51.968503937007874 Ma
422.0472440944882 4177.952755905511 261.4173228346457 51.968503937007874 Belle
595.2755905511812 4177.952755905511 289.76377952755905 51.968503937007874 Etoile
798.4251968503937 4177.952755905511 174.8031496062992 51.968503937007874 et
886.6141732283464 4177.952755905511 203.1496062992126 51.968503937007874 mon
973.2283464566929 4177.952755905511 464.56692913385825 51.968503937007874 flambeau.»

121.25984251968504 4288.188976377953 277.1653543307087 62.99212598425197 4207
294.48818897637796 4288.188976377953 587.4015748031496 62.99212598425197 ALBANY
777.9527559055118 4288.188976377953 277.1653543307087 62.99212598425197 (Mme
951.1811023622047 4288.188976377953 311.81102362204723 62.99212598425197 Th.),
1124.4094488188975 4288.188976377953 379.5275590551181 62.99212598425197 chanteuse

200.0 4362.204724409449 445.6692913385827 66.14173228346456 anglaise.
543.3070866141733 4362.204724409449 206.29921259842519 66.14173228346456 —-
645.6692913385826 4362.204724409449 206.29921259842519 66.14173228346456 L.
749.6062992125984 4362.204724409449 206.29921259842519 66.14173228346456 a.
851.9685039370079 4362.204724409449 206.29921259842519 66.14173228346456 s.
954.3307086614174 4362.204724409449 239.37007874015748 66.14173228346456 (en
1092.9133858267717 4362.204724409449 445.6692913385827 66.14173228346456 anglais),
1401.5748031496064 4362.204724409449 102.36220472440945 66.14173228346456 à

201.5748031496063 4436.220472440945 343.3070866141732 66.14173228346456 Mischa
442.5196850393701 4436.220472440945 308.66141732283467 66.14173228346456 Léon,
647.2440944881889 4436.220472440945 308.66141732283467 66.14173228346456 1923,
853.5433070866142 4436.220472440945 171.6535433070866 66.14173228346456 1
921.2598425196851 4436.220472440945 206.29921259842519 66.14173228346456 p.
1023.6220472440945 4436.220472440945 343.3070866141732 66.14173228346456 in-12.
1264.5669291338584 4436.220472440945 206.29921259842519 66.14173228346456 10
1332.283464566929 4436.220472440945 171.6535433070866 66.14173228346456 fr.

127.55905511811024 4544.881889763779 245.66929133858267 80.31496062992126 4208
280.31496062992125 4544.881889763779 584.2519685039371 80.31496062992126 ALGÉRIE.
771.6535433070866 4544.881889763779 154.33070866141733 80.31496062992126 —
833.0708661417323 4544.881889763779 307.0866141732283 80.31496062992126 Pièces
1048.8188976377953 4544.881889763779 461.4173228346457 80.31496062992126 officielles
1385.8267716535433 4544.881889763779 122.83464566929133 80.31496062992126 du

196.8503937007874 4618.897637795276 472.4409448818898 78.74015748031496 Ministère
560.6299212598425 4618.897637795276 218.89763779527559 78.74015748031496 de
669.2913385826772 4618.897637795276 218.89763779527559 78.74015748031496 la
777.9527559055118 4618.897637795276 400.0 78.74015748031496 Guerre,
1069.291338582677 4618.897637795276 472.4409448818898 78.74015748031496 relatives
1396.8503937007874 4618.897637795276 108.66141732283465 78.74015748031496 à

196.8503937007874 4689.763779527559 425.1968503937008 81.88976377952756 l’Algérie.
530.7086614173228 4689.763779527559 151.1811023622047 81.88976377952756 —
590.5511811023622 4689.763779527559 395.2755905511811 81.88976377952756 a)
894.488188976378 4689.763779527559 274.01574803149606 81.88976377952756 Copie
1077.1653543307086 4689.763779527559 274.01574803149606 81.88976377952756 d’une
1228.3464566929133 4689.763779527559 274.01574803149606 81.88976377952756 dépêche

192.1259842519685 4766.929133858268 225.1968503937008 81.88976377952756 du
305.51181102362204 4766.929133858268 411.0236220472441 81.88976377952756 général
604.7244094488188 4766.929133858268 598.4251968503937 81.88976377952756 Marey-Monge,
1053.5433070866143 4766.929133858268 448.81889763779526 81.88976377952756 gouverneur

203.1496062992126 4842.51968503937 177.95275590551182 83.46456692913385 de
292.9133858267717 4842.51968503937 415.748031496063 83.46456692913385 l’Algérie,
618.8976377952756 4842.51968503937 267.7165354330709 83.46456692913385 1848.
796.8503937007874 4842.51968503937 148.03149606299212 83.46456692913385 —
856.6929133858267 4842.51968503937 385.8267716535433 83.46456692913385 b)
1152.755905511811 4842.51968503937 267.7165354330709 83.46456692913385 Copie
1300.7874015748032 4842.51968503937 207.8740157480315 83.46456692913385 d’une

1626.7716535433071 489.76377952755905 354.3307086614173 64.56692913385827 lettre
1875.5905511811025 489.76377952755905 212.5984251968504 64.56692913385827 du
1982.6771653543308 489.76377952755905 390.5511811023622 64.56692913385827 général
2266.1417322834645 489.76377952755905 496.06299212598424 64.56692913385827 Herbillon,
2620.472440944882 489.76377952755905 319.68503937007875 64.56692913385827 comman-

1629.9212598425197 565.3543307086615 267.7165354330709 64.56692913385827 dant
1796.8503937007874 565.3543307086615 201.5748031496063 64.56692913385827 la
1897.6377952755906 565.3543307086615 401.5748031496063 64.56692913385827 province
2200.0 565.3543307086615 201.5748031496063 64.56692913385827 de
2300.787401574803 565.3543307086615 537.007874015748 64.56692913385827 Constantine,
2702.3622047244094 565.3543307086615 234.64566929133858 64.56692913385827 1848.

1620.4724409448818 640.9448818897638 351.18110236220474 62.99212598425197 ens.
1840.9448818897638 640.9448818897638 218.89763779527559 62.99212598425197 6
1927.5590551181103 640.9448818897638 262.99212598425197 62.99212598425197 p.
2059.8425196850394 640.9448818897638 218.89763779527559 62.99212598425197 1
2148.031496062992 640.9448818897638 307.0866141732283 62.99212598425197 /2,
2322.834645669291 640.9448818897638 439.37007874015745 62.99212598425197 in-f°;
2631.496062992126 640.9448818897638 262.99212598425197 62.99212598425197 25
2719.685039370079 640.9448818897638 218.89763779527559 62.99212598425197 fr.

1762.2047244094488 738.5826771653543 371.65354330708664 58.267716535433074 Relatif
2031.4960629921259 738.5826771653543 168.50393700787401 58.267716535433074 à
2099.212598425197 738.5826771653543 439.37007874015745 58.267716535433074 l’affaire
2436.220472440945 738.5826771653543 203.1496062992126 58.267716535433074 du
2538.582677165354 738.5826771653543 404.7244094488189 58.267716535433074 Zouagha,
2807.8740157480315 738.5826771653543 135.43307086614172 58.267716535433074 en

1689.763779527559 795.2755905511812 466.1417322834646 58.267716535433074 Khabylie.
2048.818897637795 795.2755905511812 215.748031496063 58.267716535433074 La
2155.9055118110236 795.2755905511812 359.0551181102362 58.267716535433074 Guerre
2407.8740157480315 795.2755905511812 359.0551181102362 58.267716535433074 Sainte
2622.047244094488 795.2755905511812 322.8346456692913 58.267716535433074 prêchée

1692.9133858267717 851.9685039370079 229.92125984251967 58.267716535433074 par
1825.1968503937007 851.9685039370079 198.4251968503937 58.267716535433074 le
1924.4094488188975 851.9685039370079 395.2755905511811 58.267716535433074 marabout
2220.472440944882 851.9685039370079 461.4173228346457 58.267716535433074 Bilkassem.
2582.6771653543306 851.9685039370079 362.20472440944883 58.267716535433074 Capture
2812.5984251968503 851.9685039370079 132.28346456692913 58.267716535433074 du

1689.763779527559 908.6614173228346 341.73228346456693 55.118110236220474 Cheik
1918.1102362204724 908.6614173228346 456.6929133858268 55.118110236220474 Mohammed
2259.8425196850394 908.6614173228346 266.1417322834646 55.118110236220474 ben
2412.5984251968503 908.6614173228346 456.6929133858268 55.118110236220474 Azzedin,
2716.535433070866 908.6614173228346 228.3464566929134 55.118110236220474 etc.

1555.9055118110236 1018.8976377952756 285.03937007874015 67.71653543307086 4209
1733.8582677165355 1018.8976377952756 639.3700787401575 67.71653543307086 ALOPEUS
2267.716535433071 1018.8976377952756 390.5511811023622 67.71653543307086 (David,
2552.755905511811 1018.8976377952756 319.68503937007875 67.71653543307086 comte
2730.7086614173227 1018.8976377952756 212.5984251968504 67.71653543307086 d’),

1628.3464566929133 1094.4881889763778 502.3622047244094 66.14173228346456 diplomate
2015.748031496063 1094.4881889763778 385.8267716535433 66.14173228346456 russe:
2286.6141732283463 1094.4881889763778 541.7322834645669 66.14173228346456 gouverneur
2711.8110236220473 1094.4881889763778 231.49606299212599 66.14173228346456 de
2788.9763779527557 1094.4881889763778 154.33070866141733 66.14173228346456 la

1634.6456692913387 1170.0787401574803 414.1732283464567 53.54330708661417 Lorraine
1944.8818897637796 1170.0787401574803 206.29921259842519 53.54330708661417 en
2048.818897637795 1170.0787401574803 310.23622047244095 53.54330708661417 1814.
2255.1181102362207 1170.0787401574803 171.6535433070866 53.54330708661417 —
2324.4094488188975 1170.0787401574803 206.29921259842519 53.54330708661417 L.
2428.3464566929133 1170.0787401574803 206.29921259842519 53.54330708661417 a.
2530.7086614173227 1170.0787401574803 206.29921259842519 53.54330708661417 s.
2634.6456692913384 1170.0787401574803 206.29921259842519 53.54330708661417 en
2703.9370078740158 1170.0787401574803 240.9448818897638 53.54330708661417 fran-

1633.0708661417323 1245.6692913385828 310.23622047244095 64.56692913385827 çais;
1839.3700787401574 1245.6692913385828 379.5275590551181 64.56692913385827 Berlin,
2116.535433070866 1245.6692913385828 310.23622047244095 64.56692913385827 1824,
2322.834645669291 1245.6692913385828 171.6535433070866 64.56692913385827 1
2392.1259842519685 1245.6692913385828 206.29921259842519 64.56692913385827 p.
2494.488188976378 1245.6692913385828 310.23622047244095 64.56692913385827 in-4.
2702.3622047244094 1245.6692913385828 206.29921259842519 64.56692913385827 20
2771.6535433070867 1245.6692913385828 171.6535433070866 64.56692913385827 fr.

1759.0551181102362 1344.8818897637796 396.8503937007874 55.118110236220474 Lettre
2036.2204724409448 1344.8818897637796 237.79527559055117 55.118110236220474 de
2155.9055118110236 1344.8818897637796 714.9606299212599 55.118110236220474 recommandation
2711.8110236220473 1344.8818897637796 237.79527559055117 55.118110236220474 pour

1696.0629921259842 1401.5748031496064 330.70866141732284 56.69291338582677 Madame
1927.5590551181103 1401.5748031496064 198.4251968503937 56.69291338582677 de
2026.7716535433071 1401.5748031496064 462.99212598425197 56.69291338582677 Korsakoff,
2388.9763779527557 1401.5748031496064 297.6377952755906 56.69291338582677 veuve
2587.4015748031497 1401.5748031496064 264.56692913385825 56.69291338582677 d’un
2719.685039370079 1401.5748031496064 231.49606299212599 56.69291338582677 géné-

1697.6377952755906 1458.267716535433 236.2204724409449 56.69291338582677 ral,
1845.6692913385828 1458.267716535433 206.29921259842519 56.69291338582677 qui
1963.7795275590552 1458.267716535433 296.06299212598424 56.69291338582677 désire
2171.6535433070867 1458.267716535433 324.40944881889766 56.69291338582677 visiter
2377.952755905512 1458.267716535433 236.2204724409449 56.69291338582677 Nancy.

1559.0551181102362 1568.5039370078741 277.1653543307087 64.56692913385827 4210
1732.283464566929 1568.5039370078741 625.1968503937007 64.56692913385827 ALVAREZ
2253.5433070866143 1568.5039370078741 277.1653543307087 64.56692913385827 (Mme
2426.771653543307 1568.5039370078741 207.8740157480315 64.56692913385827 T.
2530.7086614173227 1568.5039370078741 277.1653543307087 64.56692913385827 d’),
2670.8661417322833 1568.5039370078741 277.1653543307087 64.56692913385827 canta-

1637.7952755905512 1644.0944881889764 302.3622047244094 64.56692913385827 trice
1839.3700787401574 1644.0944881889764 437.79527559055117 64.56692913385827 anglaise.
2176.3779527559054 1644.0944881889764 168.50393700787401 64.56692913385827 —
2242.51968503937 1644.0944881889764 337.00787401574803 64.56692913385827 Lettre
2478.740157480315 1644.0944881889764 201.5748031496063 64.56692913385827 a.
2579.527559055118 1644.0944881889764 201.5748031496063 64.56692913385827 s.
2680.314960629921 1644.0944881889764 236.2204724409449 64.56692913385827 (en
2781.1023622047246 1644.0944881889764 168.50393700787401 64.56692913385827 an-

1640.9448818897638 1719.6850393700788 341.73228346456693 64.56692913385827 glais).
1889.763779527559 1719.6850393700788 373.2283464566929 64.56692913385827 Londres,
2170.0787401574803 1719.6850393700788 185.82677165354332 64.56692913385827 s.
2262.9921259842517 1719.6850393700788 217.3228346456693 64.56692913385827 d.,
2387.4015748031497 1719.6850393700788 155.90551181102362 64.56692913385827 2
2448.818897637795 1719.6850393700788 185.82677165354332 64.56692913385827 p.
2541.732283464567 1719.6850393700788 280.31496062992125 64.56692913385827 in-4.
2729.1338582677167 1719.6850393700788 185.82677165354332 64.56692913385827 15
2790.551181102362 1719.6850393700788 155.90551181102362 64.56692913385827 fr.

1565.3543307086613 1842.5196850393702 262.99212598425197 74.01574803149606 4211
1730.708661417323 1842.5196850393702 560.6299212598425 74.01574803149606 AMPÈRE
2192.1259842519685 1842.5196850393702 626.7716535433071 74.01574803149606 (Jean-Jacques),
2686.6141732283463 1842.5196850393702 262.99212598425197 74.01574803149606 litté

1644.0944881889764 1927.5590551181103 325.98425196850394 64.56692913385827 rateur.
1881.8897637795276 1927.5590551181103 148.03149606299212 64.56692913385827 —
1941.732283464567 1927.5590551181103 177.95275590551182 64.56692913385827 L.
2029.9212598425197 1927.5590551181103 177.95275590551182 64.56692913385827 a.
2119.685039370079 1927.5590551181103 207.8740157480315 64.56692913385827 s.,
2237.7952755905512 1927.5590551181103 207.8740157480315 64.56692913385827 1/2
2355.9055118110236 1927.5590551181103 177.95275590551182 64.56692913385827 p.
2445.6692913385828 1927.5590551181103 267.7165354330709 64.56692913385827 in-8,
2623.6220472440946 1927.5590551181103 296.06299212598424 64.56692913385827 collée
2801.5748031496064 1927.5590551181103 148.03149606299212 64.56692913385827 sur

1606.2992125984251 2003.1496062992126 670.8661417322835 61.41732283464567 papier
2077.165354330709 2003.1496062992126 604.7244094488188 61.41732283464567 fort.
2480.314960629921 2003.1496062992126 403.1496062992126 61.41732283464567 10
2614.1732283464567 2003.1496062992126 335.43307086614175 61.41732283464567 fr.

1562.2047244094488 2116.535433070866 300.78740157480314 74.01574803149606 4212
1749.6062992125985 2116.535433070866 751.1811023622047 74.01574803149606 ANGOULÊME
2351.181102362205 2116.535433070866 600.0 74.01574803149606 (Louis

1640.9448818897638 2201.5748031496064 229.92125984251967 64.56692913385827 duc
1771.6535433070867 2201.5748031496064 261.4173228346457 64.56692913385827 d’),
1935.4330708661416 2201.5748031496064 261.4173228346457 64.56692913385827 fils
2099.212598425197 2201.5748031496064 196.8503937007874 64.56692913385827 de
2198.4251968503936 2201.5748031496064 360.62992125984255 64.56692913385827 Charles
2459.8425196850394 2201.5748031496064 196.8503937007874 64.56692913385827 X,
2557.48031496063 2201.5748031496064 294.48818897637796 64.56692913385827 époux
2754.3307086614172 2201.5748031496064 196.8503937007874 64.56692913385827 de
2820.472440944882 2201.5748031496064 130.70866141732284 64.56692913385827 la

1639.3700787401574 2275.5905511811025 294.48818897637796 53.54330708661417 fille
1836.2204724409448 2275.5905511811025 196.8503937007874 53.54330708661417 de
1935.4330708661416 2275.5905511811025 294.48818897637796 53.54330708661417 Louis
2130.7086614173227 2275.5905511811025 262.99212598425197 53.54330708661417 XVI.
2296.0629921259842 2275.5905511811025 163.7795275590551 53.54330708661417 —
2360.6299212598424 2275.5905511811025 196.8503937007874 53.54330708661417 L.
2459.8425196850394 2275.5905511811025 196.8503937007874 53.54330708661417 a.
2557.48031496063 2275.5905511811025 196.8503937007874 53.54330708661417 s.
2656.6929133858266 2275.5905511811025 163.7795275590551 53.54330708661417 à
2721.259842519685 2275.5905511811025 196.8503937007874 53.54330708661417 M.
2787.4015748031497 2275.5905511811025 163.7795275590551 53.54330708661417 Ra-

1615.748031496063 2352.755905511811 464.56692913385825 61.41732283464567 vez,
1905.5118110236222 2352.755905511811 348.0314960629921 61.41732283464567 1.
2080.314960629921 2352.755905511811 289.76377952755905 61.41732283464567 p
2195.2755905511813 2352.755905511811 521.2598425196851 61.41732283464567 in-4.
2543.3070866141734 2352.755905511811 348.0314960629921 61.41732283464567 25
2659.8425196850394 2352.755905511811 289.76377952755905 61.41732283464567 fr.

1774.8031496062993 2448.818897637795 337.00787401574803 56.69291338582677 «C’est
2011.023622047244 2448.818897637795 270.86614173228344 56.69291338582677 tout
2179.527559055118 2448.818897637795 203.1496062992126 56.69291338582677 de
2280.314960629921 2448.818897637795 303.93700787401576 56.69291338582677 notre
2483.464566929134 2448.818897637795 270.86614173228344 56.69291338582677 cœur
2651.968503937008 2448.818897637795 236.2204724409449 56.69291338582677 que
2752.755905511811 2448.818897637795 203.1496062992126 56.69291338582677 nous

1703.9370078740158 2507.0866141732286 417.3228346456693 53.54330708661417 donnons,
2017.3228346456692 2507.0866141732286 209.4488188976378 53.54330708661417 la
2121.259842519685 2507.0866141732286 417.3228346456693 53.54330708661417 Duchesse
2434.6456692913384 2507.0866141732286 521.2598425196851 53.54330708661417 d’Angoulême
2817.3228346456694 2507.0866141732286 138.58267716535434 53.54330708661417 et

1703.9370078740158 2563.779527559055 278.74015748031496 53.54330708661417 moi,
1877.1653543307086 2563.779527559055 313.38582677165357 53.54330708661417 notre
2086.6141732283463 2563.779527559055 382.6771653543307 53.54330708661417 entière
2365.3543307086616 2563.779527559055 521.2598425196851 53.54330708661417 approbation
2782.6771653543306 2563.779527559055 173.22834645669292 53.54330708661417 à
2817.3228346456694 2563.779527559055 138.58267716535434 53.54330708661417 la

1711.8110236220473 2620.472440944882 379.5275590551181 51.968503937007874 nomination
2009.4488188976377 2620.472440944882 217.3228346456693 51.968503937007874 d’un
2144.8818897637793 2620.472440944882 244.09448818897638 51.968503937007874 aussi
2307.0866141732286 2620.472440944882 244.09448818897638 51.968503937007874 fidel
2469.2913385826773 2620.472440944882 433.07086614173227 51.968503937007874 (sic)
2795.2755905511813 2620.472440944882 162.20472440944883 51.968503937007874 ser-

1703.9370078740158 2677.165354330709 348.0314960629921 53.54330708661417 viteur
1948.0314960629921 2677.165354330709 209.4488188976378 53.54330708661417 du
2051.968503937008 2677.165354330709 244.09448818897638 53.54330708661417 Roi
2190.551181102362 2677.165354330709 244.09448818897638 53.54330708661417 que
2330.7086614173227 2677.165354330709 313.38582677165357 53.54330708661417 vous,
2540.1574803149606 2677.165354330709 244.09448818897638 53.54330708661417 qui
2678.740157480315 2677.165354330709 174.8031496062992 53.54330708661417 a
2713.3858267716537 2677.165354330709 244.09448818897638 53.54330708661417 donné

1708.6614173228347 2733.8582677165355 321.25984251968504 51.968503937007874 autant
1932.283464566929 2733.8582677165355 192.1259842519685 51.968503937007874 de
2028.3464566929133 2733.8582677165355 352.755905511811 51.968503937007874 preuves
2285.0393700787404 2733.8582677165355 256.6929133858268 51.968503937007874 dans
2445.6692913385828 2733.8582677165355 256.6929133858268 51.968503937007874 tous
2606.299212598425 2733.8582677165355 225.1968503937008 51.968503937007874 les
2702.3622047244094 2733.8582677165355 256.6929133858268 51.968503937007874 tems.»

1571.6535433070867 2853.5433070866143 269.29133858267716 62.99212598425197 4213
1740.1574803149606 2853.5433070866143 607.8740157480315 62.99212598425197 ANTOINE
2212.5984251968503 2853.5433070866143 741.7322834645669 62.99212598425197 (François

1645.6692913385828 2929.1338582677167 240.9448818897638 59.84251968503937 duc
1784.251968503937 2929.1338582677167 206.29921259842519 59.84251968503937 de
1886.6141732283465 2929.1338582677167 344.88188976377955 59.84251968503937 Cadix,
2129.1338582677167 2929.1338582677167 310.23622047244095 59.84251968503937 frère
2335.433070866142 2929.1338582677167 206.29921259842519 59.84251968503937 de
2439.3700787401576 2929.1338582677167 448.81889763779526 59.84251968503937 Ferdinand
2749.6062992125985 2929.1338582677167 206.29921259842519 59.84251968503937 VII,

1644.0944881889764 3004.7244094488187 255.11811023622047 62.99212598425197 roi
1790.5511811023623 3004.7244094488187 474.01574803149606 62.99212598425197 d’Espagne
2154.3307086614172 3004.7244094488187 584.2519685039371 62.99212598425197 (1795-1860).
2628.3464566929133 3004.7244094488187 182.6771653543307 62.99212598425197 —
2666.1417322834645 3004.7244094488187 291.33858267716533 62.99212598425197 Lettre

1653.5433070866143 3078.740157480315 174.8031496062992 62.99212598425197 a.
1740.1574803149606 3078.740157480315 174.8031496062992 62.99212598425197 s.
1826.7716535433071 3078.740157480315 144.88188976377953 62.99212598425197 à
1885.0393700787401 3078.740157480315 754.3307086614174 62.99212598425197 Louis-Philippe,
2552.755905511811 3078.740157480315 203.1496062992126 62.99212598425197 Roi
2669.2913385826773 3078.740157480315 203.1496062992126 62.99212598425197 des
2755.9055118110236 3078.740157480315 203.1496062992126 62.99212598425197 Fran-

1648.8188976377953 3154.3307086614172 294.48818897637796 62.99212598425197 çais.
1845.6692913385828 3154.3307086614172 360.62992125984255 62.99212598425197 Madrid,
2107.0866141732286 3154.3307086614172 294.48818897637796 62.99212598425197 1848,
2303.9370078740158 3154.3307086614172 163.7795275590551 62.99212598425197 2
2370.0787401574803 3154.3307086614172 196.8503937007874 62.99212598425197 p.
2467.716535433071 3154.3307086614172 294.48818897637796 62.99212598425197 in-4,
2664.566929133858 3154.3307086614172 261.4173228346457 62.99212598425197 avec
2795.2755905511813 3154.3307086614172 163.7795275590551 62.99212598425197 en-

1634.6456692913387 3229.9212598425197 519.6850393700787 62.99212598425197 veloppe
2012.5984251968505 3229.9212598425197 377.9527559055118 62.99212598425197 aut,
2248.818897637795 3229.9212598425197 519.6850393700787 62.99212598425197 cachet.
2626.771653543307 3229.9212598425197 283.46456692913387 62.99212598425197 40
2721.259842519685 3229.9212598425197 236.2204724409449 62.99212598425197 fr.

1782.6771653543308 3327.5590551181103 381.1023622047244 53.54330708661417 «Demain
2059.8425196850394 3327.5590551181103 311.81102362204723 53.54330708661417 matin
2267.716535433071 3327.5590551181103 277.1653543307087 53.54330708661417 aura
2442.51968503937 3327.5590551181103 277.1653543307087 53.54330708661417 lieu
2615.748031496063 3327.5590551181103 207.8740157480315 53.54330708661417 le
2685.0393700787404 3327.5590551181103 277.1653543307087 53.54330708661417 départ

1713.3858267716535 3382.6771653543306 196.8503937007874 53.54330708661417 de
1812.5984251968505 3382.6771653543306 196.8503937007874 53.54330708661417 ma
1910.236220472441 3382.6771653543306 262.99212598425197 53.54330708661417 bien
2075.5905511811025 3382.6771653543306 296.06299212598424 53.54330708661417 aimée
2272.4409448818897 3382.6771653543306 329.13385826771656 53.54330708661417 Louise
2502.3622047244094 3382.6771653543306 229.92125984251967 53.54330708661417 qui
2633.0708661417325 3382.6771653543306 196.8503937007874 53.54330708661417 se
2732.283464566929 3382.6771653543306 262.99212598425197 53.54330708661417 rend
2862.9921259842517 3382.6771653543306 99.21259842519684 53.54330708661417 à

1714.9606299212599 3439.3700787401576 296.06299212598424 55.118110236220474 Paris
1911.8110236220473 3439.3700787401576 262.99212598425197 55.118110236220474 avec
2077.165354330709 3439.3700787401576 229.92125984251967 55.118110236220474 son
2207.8740157480315 3439.3700787401576 296.06299212598424 55.118110236220474 époux
2404.7244094488187 3439.3700787401576 196.8503937007874 55.118110236220474 le
2503.9370078740158 3439.3700787401576 229.92125984251967 55.118110236220474 duc
2634.6456692913384 3439.3700787401576 196.8503937007874 55.118110236220474 de
2700.787401574803 3439.3700787401576 262.99212598425197 55.118110236220474 Sassa.

1718.1102362204724 3497.6377952755906 170.07874015748033 53.54330708661417 Je
1803.1496062992126 3497.6377952755906 340.15748031496065 53.54330708661417 profitte
2058.267716535433 3497.6377952755906 226.77165354330708 53.54330708661417 donc
2200.0 3497.6377952755906 170.07874015748033 53.54330708661417 de
2285.0393700787404 3497.6377952755906 255.11811023622047 53.54330708661417 cette
2455.1181102362207 3497.6377952755906 340.15748031496065 53.54330708661417 occasion
2710.236220472441 3497.6377952755906 226.77165354330708 53.54330708661417 pour
2823.6220472440946 3497.6377952755906 141.73228346456693 53.54330708661417 re-

1716.5354330708662 3552.755905511811 415.748031496063 53.54330708661417 nouveller
2036.2204724409448 3552.755905511811 160.62992125984252 53.54330708661417 à
2100.787401574803 3552.755905511811 288.18897637795277 53.54330708661417 Votre
2292.9133858267714 3552.755905511811 352.755905511811 53.54330708661417 Majesté
2549.6062992125985 3552.755905511811 192.1259842519685 53.54330708661417 ma
2612.5984251968503 3552.755905511811 352.755905511811 53.54330708661417 gratitude

1716.5354330708662 3609.448818897638 270.86614173228344 55.118110236220474 pour
1885.0393700787401 3609.448818897638 337.00787401574803 55.118110236220474 toutes
2121.259842519685 3609.448818897638 236.2204724409449 55.118110236220474 ses
2256.6929133858266 3609.448818897638 337.00787401574803 55.118110236220474 bontés
2492.9133858267714 3609.448818897638 337.00787401574803 55.118110236220474 envers
2729.1338582677167 3609.448818897638 236.2204724409449 55.118110236220474 moi
2829.9212598425197 3609.448818897638 135.43307086614172 55.118110236220474 et

1718.1102362204724 3666.1417322834645 192.1259842519685 53.54330708661417 ma
1814.1732283464567 3666.1417322834645 384.251968503937 53.54330708661417 famille,
2100.787401574803 3666.1417322834645 319.68503937007875 53.54330708661417 bontés
2325.984251968504 3666.1417322834645 351.18110236220474 53.54330708661417 qu’elle
2581.1023622047246 3666.1417322834645 319.68503937007875 53.54330708661417 voudra
2773.228346456693 3666.1417322834645 192.1259842519685 53.54330708661417 bien

1713.3858267716535 3724.4094488188975 466.1417322834646 51.968503937007874 dispenser
2072.4409448818897 3724.4094488188975 250.39370078740157 51.968503937007874 aux
2215.748031496063 3724.4094488188975 357.4803149606299 51.968503937007874 jeunes
2429.9212598425197 3724.4094488188975 537.007874015748 51.968503937007874 voyageurs...»

1579.5275590551182 3831.496062992126 283.46456692913387 61.41732283464567 4214
1757.4803149606298 3831.496062992126 568.503937007874 61.41732283464567 ARAGO
2184.251968503937 3831.496062992126 781.1023622047244 61.41732283464567 (François

1653.5433070866143 3907.0866141732286 450.3937007874016 62.99212598425197 manuel),
1992.1259842519685 3907.0866141732286 337.00787401574803 62.99212598425197 homme
2217.3228346456694 3907.0866141732286 525.9842519685039 62.99212598425197 politique.
2629.9212598425197 3907.0866141732286 187.4015748031496 62.99212598425197 —
2666.1417322834645 3907.0866141732286 300.78740157480314 62.99212598425197 Quatre

1661.4173228346456 3982.6771653543306 341.73228346456693 62.99212598425197 lettres
1910.236220472441 3982.6771653543306 185.82677165354332 62.99212598425197 a.
2003.1496062992126 3982.6771653543306 185.82677165354332 62.99212598425197 s.
2097.6377952755906 3982.6771653543306 280.31496062992125 62.99212598425197 (vers
2283.464566929134 3982.6771653543306 310.23622047244095 62.99212598425197 1841);
2500.787401574803 3982.6771653543306 248.8188976377953 62.99212598425197 ens.
2656.6929133858266 3982.6771653543306 185.82677165354332 62.99212598425197 4.
2749.6062992125985 3982.6771653543306 155.90551181102362 62.99212598425197 p
2781.1023622047246 3982.6771653543306 185.82677165354332 62.99212598425197 1/2,

1596.8503937007874 4058.267716535433 979.5275590551181 50.39370078740158 in-12.
2281.8897637795276 4058.267716535433 587.4015748031496 50.39370078740158 25
2477.165354330709 4058.267716535433 489.76377952755905 50.39370078740158 fr.

1793.7007874015749 4155.905511811024 278.74015748031496 44.09448818897638 Envoi
1981.1023622047244 4155.905511811024 278.74015748031496 44.09448818897638 d’une
2166.9291338582675 4155.905511811024 310.23622047244095 44.09448818897638 stalle
2384.251968503937 4155.905511811024 185.82677165354332 44.09448818897638 de
2477.165354330709 4155.905511811024 371.65354330708664 44.09448818897638 théâtre.
2724.4094488188975 4155.905511811024 248.8188976377953 44.09448818897638 Excuse

1722.8346456692914 4212.59842519685 220.4724409448819 51.968503937007874 de
1833.0708661417323 4212.59842519685 220.4724409448819 51.968503937007874 ne
1943.3070866141732 4212.59842519685 332.2834645669291 51.968503937007874 point
2163.779527559055 4212.59842519685 220.4724409448819 51.968503937007874 se
2275.5905511811025 4212.59842519685 368.503937007874 51.968503937007874 rendre
2532.283464566929 4212.59842519685 184.251968503937 51.968503937007874 à
2606.299212598425 4212.59842519685 258.26771653543307 51.968503937007874 une
2716.535433070866 4212.59842519685 258.26771653543307 51.968503937007874 invi-

1722.8346456692914 4269.291338582677 382.6771653543307 51.968503937007874 tation.
2001.5748031496064 4269.291338582677 417.3228346456693 51.968503937007874 Demandes
2313.3858267716537 4269.291338582677 209.4488188976378 51.968503937007874 de
2418.8976377952754 4269.291338582677 451.9685039370079 51.968503937007874 documents
2730.7086614173227 4269.291338582677 244.09448818897638 51.968503937007874 judi-

1722.8346456692914 4325.9842519685035 428.34645669291336 51.968503937007874 ciaires.
2045.6692913385828 4325.9842519685035 321.25984251968504 51.968503937007874 «Vous
2259.8425196850394 4325.9842519685035 357.4803149606299 51.968503937007874 m’avez
2510.236220472441 4325.9842519685035 357.4803149606299 51.968503937007874 promis
2760.6299212598424 4325.9842519685035 214.17322834645668 51.968503937007874 de
2831.496062992126 4325.9842519685035 143.30708661417322 51.968503937007874 me

1724.4094488188975 4381.102362204724 395.2755905511811 55.118110236220474 remettre
2020.4724409448818 4381.102362204724 395.2755905511811 55.118110236220474 quelques
2318.1102362204724 4381.102362204724 428.34645669291336 55.118110236220474 documents
2647.244094488189 4381.102362204724 198.4251968503937 55.118110236220474 de
2713.3858267716537 4381.102362204724 262.99212598425197 55.118110236220474 juris-

1727.5590551181103 4439.370078740158 393.7007874015748 51.968503937007874 prudence
2023.6220472440946 4439.370078740158 229.92125984251967 51.968503937007874 sur
2154.3307086614172 4439.370078740158 229.92125984251967 51.968503937007874 une
2286.6141732283463 4439.370078740158 393.7007874015748 51.968503937007874 question
2582.6771653543306 4439.370078740158 196.8503937007874 51.968503937007874 de
2647.244094488189 4439.370078740158 329.13385826771656 51.968503937007874 diffama-

1727.5590551181103 4496.062992125984 303.93700787401576 51.968503937007874 tion,
1929.1338582677165 4496.062992125984 303.93700787401576 51.968503937007874 entre
2132.283464566929 4496.062992125984 337.00787401574803 51.968503937007874 autres
2368.503937007874 4496.062992125984 203.1496062992126 51.968503937007874 un
2469.2913385826773 4496.062992125984 404.7244094488189 51.968503937007874 jugement
2773.228346456693 4496.062992125984 203.1496062992126 51.968503937007874 de
2840.9448818897636 4496.062992125984 135.43307086614172 51.968503937007874 la

1730.708661417323 4551.181102362205 297.6377952755906 44.09448818897638 Police
1938.5826771653544 4551.181102362205 593.7007874015748 44.09448818897638 correctionnelle.
2444.0944881889764 4551.181102362205 207.8740157480315 44.09448818897638 Mon
2562.2047244094488 4551.181102362205 325.98425196850394 44.09448818897638 affaire
2770.0787401574803 4551.181102362205 207.8740157480315 44.09448818897638 vient

1689.763779527559 4607.8740157480315 354.3307086614173 42.51968503937008 demain.»

1590.5511811023623 4707.086614173229 270.86614173228344 62.99212598425197 4215
1759.0551181102362 4707.086614173229 541.7322834645669 62.99212598425197 ARCOS
2198.4251968503936 4707.086614173229 371.65354330708664 62.99212598425197 (René),
2469.2913385826773 4707.086614173229 541.7322834645669 62.99212598425197 littérateur.
2875.5905511811025 4707.086614173229 100.78740157480316 62.99212598425197 —

1667.716535433071 4782.677165354331 201.5748031496063 62.99212598425197 L.
1768.5039370078741 4782.677165354331 201.5748031496063 62.99212598425197 a.
1869.291338582677 4782.677165354331 201.5748031496063 62.99212598425197 s.
1970.0787401574803 4782.677165354331 168.50393700787401 62.99212598425197 à
2036.2204724409448 4782.677165354331 201.5748031496063 62.99212598425197 un
2137.0078740157483 4782.677165354331 436.2204724409449 62.99212598425197 confrère,
2474.015748031496 4782.677165354331 168.50393700787401 62.99212598425197 1
2541.732283464567 4782.677165354331 201.5748031496063 62.99212598425197 p.
2642.51968503937 4782.677165354331 168.50393700787401 62.99212598425197 1
2708.6614173228345 4782.677165354331 201.5748031496063 62.99212598425197 2,
2776.3779527559054 4782.677165354331 201.5748031496063 62.99212598425197 in

1655.1181102362204 4856.692913385827 365.3543307086614 64.56692913385827 obl.
1883.4645669291338 4856.692913385827 228.3464566929134 64.56692913385827 à
1974.8031496062993 4856.692913385827 502.3622047244094 64.56692913385827 l’encre
2340.1574803149606 4856.692913385827 456.6929133858268 64.56692913385827 rouge.
2658.267716535433 4856.692913385827 274.01574803149606 64.56692913385827 12
2749.6062992125985 4856.692913385827 228.3464566929134 64.56692913385827 fr.

771.6535433070866 4990.5511811023625 425.1968503937008 69.29133858267717 ACHAT
1055.1181102362204 4990.5511811023625 283.46456692913387 69.29133858267717 DE
1196.8503937007874 4990.5511811023625 472.4409448818898 69.29133858267717 LIVRES
1527.5590551181103 4990.5511811023625 283.46456692913387 69.29133858267717 ET
1620.4724409448818 4990.5511811023625 708.6614173228346 69.29133858267717 D’AUTOGRAPHES
