3340.1574803149606 5390.5511811023625
319.68503937007875 297.6377952755906 108.66141732283465 64.56692913385827 4

2296.0629921259842 319.68503937007875 574.8031496062993 55.118110236220474 LIBRAIRIE
2737.0078740157483 319.68503937007875 396.8503937007874 55.118110236220474 SIMON
2959.0551181102364 319.68503937007875 220.4724409448819 55.118110236220474 KRA

566.9291338582677 442.5196850393701 403.1496062992126 55.118110236220474 «Comment
869.2913385826772 442.5196850393701 370.0787401574803 55.118110236220474 marquer
1137.007874015748 442.5196850393701 201.5748031496063 55.118110236220474 de
1237.7952755905512 442.5196850393701 436.2204724409449 55.118110236220474 l’intérêt
1573.2283464566929 442.5196850393701 168.50393700787401 55.118110236220474 à
1607.8740157480315 442.5196850393701 133.85826771653544 55.118110236220474 la

503.93700787401576 500.78740157480314 303.93700787401576 45.669291338582674 Revue
730.7086614173228 500.78740157480314 176.3779527559055 45.669291338582674 des
833.0708661417323 500.78740157480314 277.1653543307087 45.669291338582674 Lettres
1034.6456692913387 500.78740157480314 151.1811023622047 45.669291338582674 et
1110.236220472441 500.78740157480314 176.3779527559055 45.669291338582674 des
1211.023622047244 500.78740157480314 303.93700787401576 45.669291338582674 Arts
1439.3700787401574 500.78740157480314 226.77165354330708 45.669291338582674 sinon
1590.5511811023623 500.78740157480314 151.1811023622047 45.669291338582674 en
1640.9448818897638 500.78740157480314 100.78740157480316 45.669291338582674 la

500.78740157480314 557.4803149606299 291.33858267716533 44.09448818897638 lisant
703.9370078740158 557.4803149606299 174.8031496062992 44.09448818897638 et
790.5511811023622 557.4803149606299 174.8031496062992 44.09448818897638 la
878.7401574803149 557.4803149606299 319.68503937007875 44.09448818897638 faisant
1081.8897637795276 557.4803149606299 233.0708661417323 44.09448818897638 lire.»

360.62992125984255 686.6141732283464 269.29133858267716 64.56692913385827 4216
527.5590551181102 686.6141732283464 672.4409448818898 64.56692913385827 ARISTIPPE
1099.2125984251968 686.6141732283464 470.86614173228344 64.56692913385827 (Aristippe
1434.6456692913387 686.6141732283464 302.3622047244094 64.56692913385827 Bernier

434.6456692913386 762.2047244094488 190.5511811023622 62.99212598425197 de
529.1338582677165 762.2047244094488 381.1023622047244 62.99212598425197 Maligny,
814.1732283464567 762.2047244094488 285.03937007874015 62.99212598425197 dit),
1004.7244094488188 762.2047244094488 316.53543307086613 62.99212598425197 acteur
1226.7716535433071 762.2047244094488 381.1023622047244 62.99212598425197 français
1480.3149606299212 762.2047244094488 253.54330708661416 62.99212598425197 (1790-

429.9212598425197 836.2204724409448 373.2283464566929 64.56692913385827 1864).
691.3385826771654 836.2204724409448 185.82677165354332 64.56692913385827 —
765.3543307086615 836.2204724409448 373.2283464566929 64.56692913385827 Lettre
1026.7716535433071 836.2204724409448 223.6220472440945 64.56692913385827 a.
1138.5826771653544 836.2204724409448 223.6220472440945 64.56692913385827 s.
1250.3937007874015 836.2204724409448 185.82677165354332 64.56692913385827 à
1325.984251968504 836.2204724409448 409.4488188976378 64.56692913385827 Manière
1585.8267716535433 836.2204724409448 149.60629921259843 64.56692913385827 de

437.79527559055117 911.8110236220473 253.54330708661416 61.41732283464567 Saint
606.2992125984252 911.8110236220473 140.15748031496062 61.41732283464567 -
662.992125984252 911.8110236220473 337.00787401574803 61.41732283464567 Gervais,
916.5354330708661 911.8110236220473 365.3543307086614 61.41732283464567 Sainte
1198.4251968503936 911.8110236220473 450.3937007874016 61.41732283464567 Pélagie,
1535.4330708661416 911.8110236220473 196.8503937007874 61.41732283464567 1822,

429.9212598425197 987.4015748031496 162.20472440944883 62.99212598425197 3
496.06299212598424 987.4015748031496 195.2755905511811 62.99212598425197 p.
593.7007874015748 987.4015748031496 292.9133858267717 62.99212598425197 in-4.
787.4015748031496 987.4015748031496 195.2755905511811 62.99212598425197 On
885.0393700787401 987.4015748031496 162.20472440944883 62.99212598425197 y
951.1811023622047 987.4015748031496 162.20472440944883 62.99212598425197 a
1015.7480314960629 987.4015748031496 292.9133858267717 62.99212598425197 joint
1211.023622047244 987.4015748031496 195.2755905511811 62.99212598425197 un
1308.6614173228347 987.4015748031496 324.40944881889766 62.99212598425197 billet
1535.4330708661416 987.4015748031496 195.2755905511811 62.99212598425197 a.
1600.0 987.4015748031496 130.70866141732284 62.99212598425197 s.

428.34645669291336 1062.992125984252 206.29921259842519 58.267716535433074 de
532.2834645669292 1062.992125984252 617.3228346456693 58.267716535433074 Saint-Gervais,
1045.6692913385828 1062.992125984252 308.66141732283467 58.267716535433074 1826,
1250.3937007874015 1062.992125984252 239.37007874015748 58.267716535433074 une
1387.4015748031495 1062.992125984252 206.29921259842519 58.267716535433074 p.
1456.6929133858268 1062.992125984252 274.01574803149606 58.267716535433074 in

1521.259842519685 1138.5826771653544 181.10236220472441 48.818897637795274 25
1581.1023622047244 1138.5826771653544 151.1811023622047 48.818897637795274 fr.

563.7795275590552 1233.0708661417323 390.5511811023622 55.118110236220474 «J’avais
856.6929133858267 1233.0708661417323 259.84251968503935 55.118110236220474 fait
1020.4724409448819 1233.0708661417323 228.3464566929134 55.118110236220474 une
1149.6062992125985 1233.0708661417323 325.98425196850394 55.118110236220474 lettre
1377.9527559055118 1233.0708661417323 195.2755905511811 55.118110236220474 de
1442.5196850393702 1233.0708661417323 292.9133858267717 55.118110236220474 change,

496.06299212598424 1289.763779527559 236.2204724409449 55.118110236220474 tout
644.0944881889764 1289.763779527559 148.03149606299212 55.118110236220474 à
703.9370078740158 1289.763779527559 236.2204724409449 55.118110236220474 coup
850.3937007874016 1289.763779527559 177.95275590551182 55.118110236220474 on
940.1574803149606 1289.763779527559 266.1417322834646 55.118110236220474 s'est
1116.5354330708662 1289.763779527559 354.3307086614173 55.118110236220474 présenté
1382.6771653543308 1289.763779527559 177.95275590551182 55.118110236220474 et
1470.8661417322835 1289.763779527559 177.95275590551182 55.118110236220474 on
1530.708661417323 1289.763779527559 206.29921259842519 55.118110236220474 vient

492.9133858267717 1346.4566929133857 185.82677165354332 53.54330708661417 de
585.8267716535433 1346.4566929133857 185.82677165354332 53.54330708661417 me
680.3149606299213 1346.4566929133857 310.23622047244095 53.54330708661417 mettre
897.6377952755905 1346.4566929133857 155.90551181102362 53.54330708661417 à
959.0551181102362 1346.4566929133857 310.23622047244095 53.54330708661417 Sainte
1177.9527559055118 1346.4566929133857 373.2283464566929 53.54330708661417 Pélagie.
1456.6929133858268 1346.4566929133857 217.3228346456693 53.54330708661417 Mon
1551.1811023622047 1346.4566929133857 185.82677165354332 53.54330708661417 état

494.48818897637796 1403.1496062992126 223.6220472440945 53.54330708661417 est
622.0472440944882 1403.1496062992126 286.61417322834643 53.54330708661417 perdu
812.5984251968504 1403.1496062992126 190.5511811023622 53.54330708661417 si
908.6614173228346 1403.1496062992126 223.6220472440945 53.54330708661417 j’y
1036.2204724409448 1403.1496062992126 286.61417322834643 53.54330708661417 reste
1226.7716535433071 1403.1496062992126 414.1732283464567 53.54330708661417 seulement
1513.3858267716535 1403.1496062992126 223.6220472440945 53.54330708661417 trois

492.9133858267717 1461.4173228346456 296.06299212598424 51.968503937007874 jours.
700.7874015748032 1461.4173228346456 177.95275590551182 51.968503937007874 Je
788.9763779527559 1461.4173228346456 236.2204724409449 51.968503937007874 suis
937.007874015748 1461.4173228346456 236.2204724409449 51.968503937007874 allé
1085.0393700787401 1461.4173228346456 177.95275590551182 51.968503937007874 en
1174.8031496062993 1461.4173228346456 296.06299212598424 51.968503937007874 soirée
1381.1023622047244 1461.4173228346456 236.2204724409449 51.968503937007874 chez
1529.1338582677165 1461.4173228346456 177.95275590551182 51.968503937007874 le
1588.976377952756 1461.4173228346456 148.03149606299212 51.968503937007874 duc

489.76377952755905 1518.1102362204724 415.748031496063 51.968503937007874 d’Aumont
801.5748031496063 1518.1102362204724 207.8740157480315 51.968503937007874 où
905.511811023622 1518.1102362204724 277.1653543307087 51.968503937007874 j’ai
1078.740157480315 1518.1102362204724 311.81102362204723 51.968503937007874 perdu
1285.0393700787401 1518.1102362204724 242.51968503937007 51.968503937007874 mon
1423.6220472440946 1518.1102362204724 346.45669291338584 51.968503937007874 argent
1631.4960629921259 1518.1102362204724 103.93700787401575 51.968503937007874 à

467.7165354330709 1574.8031496062993 349.6062992125984 42.51968503937008 l’écarté.»

355.90551181102364 1694.4881889763778 234.64566929133858 59.84251968503937 4217
502.3622047244094 1694.4881889763778 497.6377952755906 59.84251968503937 ARMÉE.
913.3858267716536 1694.4881889763778 146.45669291338584 59.84251968503937 —
971.6535433070866 1694.4881889763778 262.99212598425197 59.84251968503937 Pièce
1148.0314960629921 1694.4881889763778 176.3779527559055 59.84251968503937 s.
1236.2204724409448 1694.4881889763778 176.3779527559055 59.84251968503937 de
1294.4881889763778 1694.4881889763778 439.37007874015745 59.84251968503937 Claude

426.7716535433071 1779.5275590551182 576.3779527559055 58.267716535433074 Dameuse,
911.8110236220473 1779.5275590551182 455.11811023622045 58.267716535433074 commissaire
1245.6692913385828 1779.5275590551182 486.61417322834643 58.267716535433074 extraordinaire

426.7716535433071 1855.1181102362204 200.0 59.84251968503937 de
525.9842519685039 1855.1181102362204 568.503937007874 59.84251968503937 l'artillerie;
995.2755905511812 1855.1181102362204 502.3622047244094 59.84251968503937 Strasbourg,
1396.8503937007874 1855.1181102362204 300.78740157480314 59.84251968503937 1696,
1563.7795275590552 1855.1181102362204 166.9291338582677 59.84251968503937 une

426.7716535433071 1929.1338582677165 267.7165354330709 64.56692913385827 page
593.7007874015748 1929.1338582677165 333.8582677165354 64.56692913385827 in-12,
826.7716535433071 1929.1338582677165 267.7165354330709 64.56692913385827 obl.
993.7007874015748 1929.1338582677165 233.0708661417323 64.56692913385827 sur
1127.5590551181103 1929.1338582677165 366.92913385826773 64.56692913385827 formule
1362.2047244094488 1929.1338582677165 366.92913385826773 64.56692913385827 imprimée,

395.2755905511811 2006.2992125984251 381.1023622047244 62.99212598425197 s.
585.8267716535433 2006.2992125984251 888.1889763779527 62.99212598425197 parchemin.
1283.4645669291338 2006.2992125984251 381.1023622047244 62.99212598425197 30
1411.023622047244 2006.2992125984251 318.1102362204724 62.99212598425197 fr.

555.9055118110236 2100.787401574803 261.4173228346457 55.118110236220474 Reçu
719.6850393700787 2100.787401574803 195.2755905511811 55.118110236220474 de
817.3228346456693 2100.787401574803 392.12598425196853 55.118110236220474 soixante
1111.8110236220473 2100.787401574803 325.98425196850394 55.118110236220474 quinze
1340.1574803149606 2100.787401574803 325.98425196850394 55.118110236220474 livres
1537.007874015748 2100.787401574803 195.2755905511811 55.118110236220474 pour

481.8897637795276 2157.48031496063 242.51968503937007 55.118110236220474 les
620.4724409448819 2157.48031496063 348.0314960629921 55.118110236220474 «Aydes
864.5669291338583 2157.48031496063 207.8740157480315 55.118110236220474 et
968.503937007874 2157.48031496063 659.8425196850394 55.118110236220474 extraordinaires
1489.763779527559 2157.48031496063 242.51968503937007 55.118110236220474 d’Es-

486.61417322834643 2217.3228346456694 337.00787401574803 47.24409448818898 tienne
721.2598425196851 2217.3228346456694 403.1496062992126 47.24409448818898 Landais,
1023.6220472440945 2217.3228346456694 437.79527559055117 47.24409448818898 Trésorier
1360.6299212598426 2217.3228346456694 370.0787401574803 47.24409448818898 Général
1596.8503937007874 2217.3228346456694 133.85826771653544 47.24409448818898 de

489.76377952755905 2272.4409448818897 450.3937007874016 50.39370078740158 l’Artillerie
856.6929133858267 2272.4409448818897 168.50393700787401 50.39370078740158 de
940.1574803149606 2272.4409448818897 310.23622047244095 50.39370078740158 France,
1165.3543307086613 2272.4409448818897 140.15748031496062 50.39370078740158 à
1222.0472440944882 2272.4409448818897 168.50393700787401 50.39370078740158 la
1307.0866141732283 2272.4409448818897 253.54330708661416 50.39370078740158 suite
1475.5905511811025 2272.4409448818897 168.50393700787401 50.39370078740158 de
1532.283464566929 2272.4409448818897 196.8503937007874 50.39370078740158 l’ar-

477.1653543307087 2329.1338582677167 283.46456692913387 55.118110236220474 mée
639.3700787401575 2329.1338582677167 242.51968503937007 55.118110236220474 du
760.6299212598425 2329.1338582677167 283.46456692913387 55.118110236220474 Roy
922.8346456692914 2329.1338582677167 525.9842519685039 55.118110236220474 commandée
1325.984251968504 2329.1338582677167 283.46456692913387 55.118110236220474 par
1488.1889763779527 2329.1338582677167 242.51968503937007 55.118110236220474 M.
1568.5039370078741 2329.1338582677167 162.20472440944883 55.118110236220474 le

486.61417322834643 2387.4015748031497 420.4724409448819 42.51968503937008 Mareschal
811.0236220472441 2387.4015748031497 193.70078740157481 42.51968503937008 de
875.5905511811023 2387.4015748031497 388.9763779527559 42.51968503937008 Choiseul.»

335.43307086614175 2516.535433070866 346.45669291338584 48.818897637795274 4218
552.7559055118111 2516.535433070866 779.5275590551181 48.818897637795274 ASSOCIATION
1203.1496062992126 2516.535433070866 303.93700787401576 48.818897637795274 DES
1332.283464566929 2516.535433070866 390.5511811023622 48.818897637795274 LETTRES

415.748031496063 2592.1259842519685 223.6220472440945 48.818897637795274 ET
527.5590551181102 2592.1259842519685 261.4173228346457 48.818897637795274 DES
677.1653543307086 2592.1259842519685 486.61417322834643 48.818897637795274 ARTS.
1051.9685039370079 2592.1259842519685 187.4015748031496 48.818897637795274 —
1125.984251968504 2592.1259842519685 373.2283464566929 48.818897637795274 Lettre
1351.1811023622047 2592.1259842519685 373.2283464566929 48.818897637795274 adressée

425.1968503937008 2667.716535433071 159.0551181102362 62.99212598425197 au
505.51181102362204 2667.716535433071 264.56692913385825 62.99212598425197 Duc
689.7637795275591 2667.716535433071 159.0551181102362 62.99212598425197 de
770.0787401574803 2667.716535433071 396.8503937007874 62.99212598425197 Luynes,
1086.6141732283465 2667.716535433071 237.79527559055117 62.99212598425197 1852,
1245.6692913385828 2667.716535433071 132.28346456692913 62.99212598425197 2
1297.6377952755906 2667.716535433071 159.0551181102362 62.99212598425197 p.
1377.9527559055118 2667.716535433071 237.79527559055117 62.99212598425197 in-4.
1535.4330708661416 2667.716535433071 159.0551181102362 62.99212598425197 25
1588.976377952756 2667.716535433071 132.28346456692913 62.99212598425197 fr.

549.6062992125984 2774.803149606299 538.5826771653543 53.54330708661417 Remerciements
993.7007874015748 2774.803149606299 253.54330708661416 53.54330708661417 pour
1152.755905511811 2774.803149606299 222.04724409448818 53.54330708661417 les
1278.740157480315 2774.803149606299 349.6062992125984 53.54330708661417 billets
1532.283464566929 2774.803149606299 190.5511811023622 53.54330708661417 de
1595.275590551181 2774.803149606299 127.55905511811024 53.54330708661417 la

481.8897637795276 2829.9212598425197 368.503937007874 55.118110236220474 Loterie
749.6062992125984 2829.9212598425197 201.5748031496063 55.118110236220474 de
850.3937007874016 2829.9212598425197 535.4330708661417 55.118110236220474 Bienfaisance
1285.0393700787401 2829.9212598425197 234.64566929133858 55.118110236220474 que
1420.4724409448818 2829.9212598425197 201.5748031496063 55.118110236220474 le
1519.6850393700788 2829.9212598425197 234.64566929133858 55.118110236220474 Duc
1620.4724409448818 2829.9212598425197 100.78740157480316 55.118110236220474 a

485.03937007874015 2888.1889763779527 201.5748031496063 53.54330708661417 bien
611.0236220472441 2888.1889763779527 226.77165354330708 53.54330708661417 voulu
762.2047244094488 2888.1889763779527 302.3622047244094 53.54330708661417 prendre.
988.9763779527559 2888.1889763779527 277.1653543307087 53.54330708661417 Environ
1192.1259842519685 2888.1889763779527 151.1811023622047 53.54330708661417 80
1242.5196850393702 2888.1889763779527 478.74015748031496 53.54330708661417 signatures

481.8897637795276 2944.8818897637793 593.7007874015748 53.54330708661417 autographes
993.7007874015748 2944.8818897637793 242.51968503937007 53.54330708661417 parmi
1155.9055118110236 2944.8818897637793 404.7244094488189 53.54330708661417 lesquelles:
1453.5433070866143 2944.8818897637793 269.29133858267716 53.54330708661417 Ambroise

477.1653543307087 3001.5748031496064 401.5748031496063 51.968503937007874 Thomas,
768.503937007874 3001.5748031496064 329.13385826771656 51.968503937007874 Emile
988.9763779527559 3001.5748031496064 475.59055118110234 51.968503937007874 Ollivier,
1318.1102362204724 3001.5748031496064 401.5748031496063 51.968503937007874 Jouffroy,

496.06299212598424 3058.267716535433 337.00787401574803 53.54330708661417 Taylor,
740.1574803149606 3058.267716535433 182.6771653543307 53.54330708661417 F.
831.496062992126 3058.267716535433 337.00787401574803 53.54330708661417 Halévy,
1075.5905511811025 3058.267716535433 337.00787401574803 53.54330708661417 Taskin,
1321.259842519685 3058.267716535433 337.00787401574803 53.54330708661417 Onslow,
1535.4330708661416 3058.267716535433 182.6771653543307 53.54330708661417 etc.

338.5826771653543 3184.251968503937 267.7165354330709 61.41732283464567 4219
505.51181102362204 3184.251968503937 570.0787401574803 61.41732283464567 AUBERT
974.8031496062993 3184.251968503937 403.1496062992126 61.41732283464567 (Louis),
1244.0944881889764 3184.251968503937 469.29133858267716 61.41732283464567 compositeur.

412.59842519685037 3259.8425196850394 154.33070866141733 61.41732283464567 —
475.59055118110234 3259.8425196850394 308.66141732283467 61.41732283464567 Lettre
691.3385826771654 3259.8425196850394 185.82677165354332 61.41732283464567 a.
784.2519685039371 3259.8425196850394 185.82677165354332 61.41732283464567 s.
877.1653543307086 3259.8425196850394 308.66141732283467 61.41732283464567 Paris,
1092.9133858267717 3259.8425196850394 277.1653543307087 61.41732283464567 1924,
1277.1653543307086 3259.8425196850394 215.748031496063 61.41732283464567 une
1401.5748031496064 3259.8425196850394 185.82677165354332 61.41732283464567 p.
1462.992125984252 3259.8425196850394 247.24409448818898 61.41732283464567 in

1508.6614173228347 3333.8582677165355 174.8031496062992 48.818897637795274 15
1566.9291338582677 3333.8582677165355 146.45669291338584 48.818897637795274 fr.

546.4566929133858 3431.496062992126 220.4724409448819 55.118110236220474 «Je
672.4409448818898 3431.496062992126 188.9763779527559 55.118110236220474 me
766.9291338582677 3431.496062992126 348.0314960629921 55.118110236220474 réjouis
1020.4724409448819 3431.496062992126 316.53543307086613 55.118110236220474 d’être
1240.9448818897638 3431.496062992126 442.5196850393701 55.118110236220474 interprété
1557.4803149606298 3431.496062992126 157.48031496062993 55.118110236220474 par

470.86614173228344 3489.763779527559 281.8897637795276 51.968503937007874 vous
645.6692913385826 3489.763779527559 211.0236220472441 51.968503937007874 en
716.5354330708661 3489.763779527559 422.0472440944882 51.968503937007874 Amérique.»

329.13385826771656 3617.3228346456694 289.76377952755905 61.41732283464567 4220
510.23622047244095 3617.3228346456694 617.3228346456693 61.41732283464567 AUMALE
982.6771653543307 3617.3228346456694 725.9842519685039 61.41732283464567 (Henri-

407.87401574803147 3691.3385826771655 499.21259842519686 66.14173228346456 lippe-Louis
807.8740157480315 3691.3385826771655 466.1417322834646 66.14173228346456 d’Orléans,
1173.2283464566929 3691.3385826771655 233.0708661417323 66.14173228346456 duc
1307.0866141732283 3691.3385826771655 266.1417322834646 66.14173228346456 d’).
1474.015748031496 3691.3385826771655 166.9291338582677 66.14173228346456 —
1507.0866141732283 3691.3385826771655 200.0 66.14173228346456 Deux

404.7244094488189 3766.9291338582675 376.37795275590554 59.84251968503937 lettres
678.7401574803149 3766.9291338582675 274.01574803149606 59.84251968503937 dont
850.3937007874016 3766.9291338582675 239.37007874015748 59.84251968503937 une
987.4015748031496 3766.9291338582675 204.7244094488189 59.84251968503937 a.
1089.763779527559 3766.9291338582675 204.7244094488189 59.84251968503937 s.
1192.1259842519685 3766.9291338582675 204.7244094488189 59.84251968503937 et
1294.4881889763778 3766.9291338582675 376.37795275590554 59.84251968503937 l’autre
1533.8582677165355 3766.9291338582675 171.6535433070866 59.84251968503937 s.;

407.87401574803147 3842.51968503937 442.5196850393701 62.99212598425197 Chantilly,
755.9055118110236 3842.51968503937 442.5196850393701 62.99212598425197 1884-1885,
1102.3622047244094 3842.51968503937 157.48031496062993 62.99212598425197 2
1165.3543307086613 3842.51968503937 188.9763779527559 62.99212598425197 p.
1259.8425196850394 3842.51968503937 316.53543307086613 62.99212598425197 in-12.
1481.8897637795276 3842.51968503937 188.9763779527559 62.99212598425197 15
1544.8818897637796 3842.51968503937 157.48031496062993 62.99212598425197 fr.

529.1338582677165 3948.031496062992 645.6692913385826 45.669291338582674 Remerciements
1061.4173228346456 3948.031496062992 190.5511811023622 45.669291338582674 à
1137.007874015748 3948.031496062992 228.3464566929134 45.669291338582674 un
1250.3937007874015 3948.031496062992 456.6929133858268 45.669291338582674 confrère
1554.3307086614172 3948.031496062992 152.75590551181102 45.669291338582674 de

462.99212598425197 4006.299212598425 486.61417322834643 53.54330708661417 l’Académie,
853.5433070866142 4006.299212598425 259.84251968503935 53.54330708661417 pour
1015.7480314960629 4006.299212598425 357.4803149606299 53.54330708661417 volumes
1242.5196850393702 4006.299212598425 324.40944881889766 53.54330708661417 envoyés.

333.8582677165354 4133.858267716535 214.17322834645668 62.99212598425197 4221
467.7165354330709 4133.858267716535 428.34645669291336 62.99212598425197 AUREL
815.7480314960629 4133.858267716535 535.4330708661417 62.99212598425197 (Madame).
1270.8661417322835 4133.858267716535 133.85826771653544 62.99212598425197 —
1297.6377952755906 4133.858267716535 401.5748031496063 62.99212598425197 ALFRED

398.4251968503937 4207.8740157480315 618.8976377952756 62.99212598425197 MORTIER.
919.6850393700787 4207.8740157480315 162.20472440944883 62.99212598425197 —
984.2519685039371 4207.8740157480315 259.84251968503935 62.99212598425197 Deux
1148.0314960629921 4207.8740157480315 390.5511811023622 62.99212598425197 articles
1407.8740157480315 4207.8740157480315 292.9133858267717 62.99212598425197 biogra-

395.2755905511811 4283.464566929134 447.244094488189 62.99212598425197 phiques,
730.7086614173228 4283.464566929134 373.2283464566929 62.99212598425197 écrits
992.1259842519685 4283.464566929134 261.4173228346457 62.99212598425197 par
1141.732283464567 4283.464566929134 297.6377952755906 62.99212598425197 deux
1327.5590551181103 4283.464566929134 373.2283464566929 62.99212598425197 Hommes
1551.1811023622047 4283.464566929134 149.60629921259843 62.99212598425197 de

400.0 4357.48031496063 388.9763779527559 61.41732283464567 Lettres;
692.9133858267717 4357.48031496063 388.9763779527559 61.41732283464567 ensemble
984.2519685039371 4357.48031496063 162.20472440944883 61.41732283464567 8
1048.8188976377953 4357.48031496063 291.33858267716533 61.41732283464567 pages
1244.0944881889764 4357.48031496063 259.84251968503935 61.41732283464567 aut.
1373.2283464566929 4357.48031496063 324.40944881889766 61.41732283464567 signées.

1491.3385826771653 4433.070866141732 174.8031496062992 48.818897637795274 60
1549.6062992125985 4433.070866141732 146.45669291338584 48.818897637795274 fr.

319.68503937007875 4563.779527559055 261.4173228346457 72.44094488188976 4222
483.46456692913387 4563.779527559055 522.8346456692914 72.44094488188976 AVÈZE
908.6614173228346 4563.779527559055 458.26771653543307 72.44094488188976 (Marquisat
1269.291338582677 4563.779527559055 261.4173228346457 72.44094488188976 d’).
1433.0708661417323 4563.779527559055 163.7795275590551 72.44094488188976 —
1466.1417322834645 4563.779527559055 228.3464566929134 72.44094488188976 Pièce

395.2755905511811 4647.244094488189 200.0 50.39370078740158 s.
494.48818897637796 4647.244094488189 200.0 50.39370078740158 de
595.2755905511812 4647.244094488189 333.8582677165354 50.39370078740158 Victor
828.3464566929134 4647.244094488189 200.0 50.39370078740158 de
927.5590551181102 4647.244094488189 366.92913385826773 50.39370078740158 Tresars
1195.275590551181 4647.244094488189 200.0 50.39370078740158 de
1294.4881889763778 4647.244094488189 400.0 50.39370078740158 Beaufort
1560.6299212598426 4647.244094488189 133.85826771653544 50.39370078740158 de

393.7007874015748 4722.834645669292 385.8267716535433 62.99212598425197 Vabres,
674.0157480314961 4722.834645669292 422.0472440944882 62.99212598425197 seigneur
990.5511811023622 4722.834645669292 211.0236220472441 62.99212598425197 et
1096.0629921259842 4722.834645669292 385.8267716535433 62.99212598425197 Marquis
1376.3779527559054 4722.834645669292 211.0236220472441 62.99212598425197 de
1447.244094488189 4722.834645669292 245.66929133858267 62.99212598425197 Beau-

392.12598425196853 4796.850393700787 259.84251968503935 61.41732283464567 fort
554.3307086614174 4796.850393700787 422.0472440944882 61.41732283464567 d’Avèze.;
878.7401574803149 4796.850393700787 195.2755905511811 61.41732283464567 s.
976.3779527559055 4796.850393700787 195.2755905511811 61.41732283464567 l.
1074.015748031496 4796.850393700787 291.33858267716533 61.41732283464567 1682,
1267.716535433071 4796.850393700787 226.77165354330708 61.41732283464567 une
1398.4251968503936 4796.850393700787 195.2755905511811 61.41732283464567 p.
1462.992125984252 4796.850393700787 226.77165354330708 61.41732283464567 in

388.9763779527559 4870.866141732284 296.06299212598424 64.56692913385827 obl.
574.8031496062993 4870.866141732284 518.1102362204724 64.56692913385827 parchemin,
982.6771653543307 4870.866141732284 296.06299212598424 64.56692913385827 avec
1168.5039370078741 4870.866141732284 370.0787401574803 64.56692913385827 sceau.
1426.7716535433071 4870.866141732284 222.04724409448818 64.56692913385827 30
1500.7874015748032 4870.866141732284 185.82677165354332 64.56692913385827 fr.

2028.3464566929133 448.81889763779526 283.46456692913387 58.267716535433074 Pièce
2217.3228346456694 448.81889763779526 376.37795275590554 58.267716535433074 relative
2499.212598425197 448.81889763779526 188.9763779527559 58.267716535433074 au
2593.700787401575 448.81889763779526 407.87401574803147 58.267716535433074 marquisat
2877.165354330709 448.81889763779526 313.38582677165357 58.267716535433074 d’Avèze.

1955.9055118110236 505.51181102362204 478.74015748031496 56.69291338582677 Nomination
2332.283464566929 505.51181102362204 204.7244094488189 56.69291338582677 de
2434.6456692913384 505.51181102362204 341.73228346456693 56.69291338582677 Michel
2674.015748031496 505.51181102362204 307.0866141732283 56.69291338582677 Point
2844.0944881889764 505.51181102362204 341.73228346456693 56.69291338582677 Chabrit,

1960.6299212598426 560.6299212598425 138.58267716535434 61.41732283464567 à
2017.3228346456692 560.6299212598425 333.8582677165354 61.41732283464567 l’office
2267.716535433071 560.6299212598425 166.9291338582677 61.41732283464567 de
2351.181102362205 560.6299212598425 390.5511811023622 61.41732283464567 procureur,
2658.267716535433 560.6299212598425 223.6220472440945 61.41732283464567 dans
2796.850393700787 560.6299212598425 166.9291338582677 61.41732283464567 ce
2853.5433070866143 560.6299212598425 333.8582677165354 61.41732283464567 marquisat,

1960.6299212598426 620.4724409448819 357.4803149606299 55.118110236220474 «voulant
2229.9212598425197 620.4724409448819 299.21259842519686 55.118110236220474 oultre
2437.7952755905512 620.4724409448819 269.29133858267716 55.118110236220474 qu’il
2617.3228346456694 620.4724409448819 209.4488188976378 55.118110236220474 ait
2737.0078740157483 620.4724409448819 209.4488188976378 55.118110236220474 son
2826.771653543307 620.4724409448819 357.4803149606299 55.118110236220474 habitation

1955.9055118110236 677.1653543307086 251.96850393700788 53.54330708661417 avec
2113.3858267716537 677.1653543307086 188.9763779527559 53.54330708661417 sa
2207.8740157480315 677.1653543307086 346.45669291338584 53.54330708661417 famille
2459.8425196850394 677.1653543307086 188.9763779527559 53.54330708661417 sy
2554.3307086614172 677.1653543307086 220.4724409448819 53.54330708661417 bon
2680.314960629921 677.1653543307086 220.4724409448819 53.54330708661417 luy
2806.299212598425 677.1653543307086 314.96062992125985 53.54330708661417 semble
2995.2755905511813 677.1653543307086 188.9763779527559 53.54330708661417 dans

1952.755905511811 732.2834645669292 296.06299212598424 44.09448818897638 notre
2149.6062992125985 732.2834645669292 395.2755905511811 44.09448818897638 chasteau
2412.5984251968503 732.2834645669292 362.20472440944883 44.09448818897638 d’Avèze.»

1815.748031496063 848.8188976377953 288.18897637795277 69.29133858267717 4223
1995.275590551181 848.8188976377953 719.6850393700787 69.29133858267717 BACHELIER
2571.6535433070867 848.8188976377953 612.5984251968504 69.29133858267717 (Jean

1889.763779527559 924.4094488188977 384.251968503937 64.56692913385827 peintre
2170.0787401574803 924.4094488188977 209.4488188976378 64.56692913385827 de
2274.015748031496 924.4094488188977 455.11811023622045 64.56692913385827 paysages,
2623.6220472440946 924.4094488188977 455.11811023622045 64.56692913385827 directeur
2974.803149606299 924.4094488188977 209.4488188976378 64.56692913385827 de
3044.0944881889764 924.4094488188977 140.15748031496062 64.56692913385827 la

1889.763779527559 1000.0 524.4094488188977 62.99212598425197 manufacture
2308.6614173228345 1000.0 209.4488188976378 62.99212598425197 de
2414.1732283464567 1000.0 384.251968503937 62.99212598425197 Sèvres.
2694.488188976378 1000.0 174.8031496062992 62.99212598425197 —
2763.779527559055 1000.0 209.4488188976378 62.99212598425197 P.
2869.2913385826773 1000.0 209.4488188976378 62.99212598425197 s.
2938.582677165354 1000.0 245.66929133858267 62.99212598425197 1777,

1897.6377952755906 1074.015748031496 157.48031496062993 64.56692913385827 1
1960.6299212598426 1074.015748031496 188.9763779527559 64.56692913385827 p.
2055.1181102362207 1074.015748031496 344.88188976377955 64.56692913385827 in-fol.
2305.511811023622 1074.015748031496 281.8897637795276 64.56692913385827 impr.
2494.488188976378 1074.015748031496 188.9763779527559 64.56692913385827 et
2587.4015748031497 1074.015748031496 470.86614173228344 64.56692913385827 manuscrite.
2965.3543307086616 1074.015748031496 188.9763779527559 64.56692913385827 20
3026.771653543307 1074.015748031496 157.48031496062993 64.56692913385827 fr.

2020.4724409448818 1171.6535433070867 316.53543307086613 55.118110236220474 Brevet
2240.9448818897636 1171.6535433070867 188.9763779527559 55.118110236220474 de
2337.0078740157483 1171.6535433070867 316.53543307086613 55.118110236220474 second
2557.48031496063 1171.6535433070867 251.96850393700788 55.118110236220474 prix
2683.464566929134 1171.6535433070867 505.51181102362204 55.118110236220474 d’architecture

1959.0551181102362 1228.3464566929133 294.48818897637796 55.118110236220474 décerné
2173.228346456693 1228.3464566929133 133.85826771653544 55.118110236220474 à
2226.771653543307 1228.3464566929133 588.9763779527559 55.118110236220474 Hassenfratz
2733.8582677165355 1228.3464566929133 187.4015748031496 55.118110236220474 (le
2840.9448818897636 1228.3464566929133 294.48818897637796 55.118110236220474 célèbre
3028.3464566929133 1228.3464566929133 160.62992125984252 55.118110236220474 chi-

1963.7795275590552 1285.0393700787401 258.26771653543307 55.118110236220474 miste),
2151.181102362205 1285.0393700787401 211.0236220472441 55.118110236220474 élève
2292.9133858267714 1285.0393700787401 140.15748031496062 55.118110236220474 de
2362.2047244094488 1285.0393700787401 329.13385826771656 55.118110236220474 l’Ecole
2620.472440944882 1285.0393700787401 281.8897637795276 55.118110236220474 gratuite
2831.496062992126 1285.0393700787401 140.15748031496062 55.118110236220474 de
2878.740157480315 1285.0393700787401 305.51181102362204 55.118110236220474 dessin.

1814.1732283464567 1401.5748031496064 303.93700787401576 58.267716535433074 4224
2004.724409448819 1401.5748031496064 837.7952755905512 58.267716535433074 BADEN-BADEN
2689.763779527559 1401.5748031496064 494.48818897637796 58.267716535433074 (Ferdinand-

1892.9133858267717 1477.1653543307086 496.06299212598424 66.14173228346456 Maximilien,
2289.763779527559 1477.1653543307086 330.70866141732284 66.14173228346456 prince
2521.259842519685 1477.1653543307086 264.56692913385825 66.14173228346456 de),
2685.0393700787404 1477.1653543307086 198.4251968503937 66.14173228346456 né
2784.251968503937 1477.1653543307086 198.4251968503937 66.14173228346456 en
2883.464566929134 1477.1653543307086 297.6377952755906 66.14173228346456 1600,
3048.818897637795 1477.1653543307086 132.28346456692913 66.14173228346456 m.

1889.763779527559 1554.3307086614172 204.7244094488189 66.14173228346456 en
1992.1259842519685 1554.3307086614172 305.51181102362204 66.14173228346456 1669.
2196.850393700787 1554.3307086614172 170.07874015748033 66.14173228346456 —
2264.566929133858 1554.3307086614172 340.15748031496065 66.14173228346456 Lettre
2502.3622047244094 1554.3307086614172 204.7244094488189 66.14173228346456 s.
2604.7244094488187 1554.3307086614172 237.79527559055117 66.14173228346456 (en
2740.1574803149606 1554.3307086614172 475.59055118110234 66.14173228346456 français),
3080.314960629921 1554.3307086614172 102.36220472440945 66.14173228346456 5

1894.4881889763778 1626.7716535433071 314.96062992125985 67.71653543307086 lignes
2114.9606299212596 1626.7716535433071 344.88188976377955 67.71653543307086 autogr.
2365.3543307086616 1626.7716535433071 314.96062992125985 67.71653543307086 Baden,
2585.8267716535433 1626.7716535433071 283.46456692913387 67.71653543307086 1668,
2774.803149606299 1626.7716535433071 220.4724409448819 67.71653543307086 une
2899.212598425197 1626.7716535433071 188.9763779527559 67.71653543307086 p.
2962.2047244094488 1626.7716535433071 220.4724409448819 67.71653543307086 in

1891.3385826771653 1702.3622047244094 349.6062992125984 50.39370078740158 cachet.
2146.4566929133857 1702.3622047244094 190.5511811023622 50.39370078740158 25
2209.448818897638 1702.3622047244094 159.0551181102362 50.39370078740158 fr.

2020.4724409448818 1800.0 299.21259842519686 58.267716535433074 «J’ay
2218.8976377952754 1800.0 233.0708661417323 58.267716535433074 veu
2352.755905511811 1800.0 233.0708661417323 58.267716535433074 que
2485.0393700787404 1800.0 266.1417322834646 58.267716535433074 vous
2651.968503937008 1800.0 266.1417322834646 58.267716535433074 avez
2817.3228346456694 1800.0 299.21259842519686 58.267716535433074 encor
2982.6771653543306 1800.0 200.0 58.267716535433074 pris

1952.755905511811 1856.6929133858268 184.251968503937 58.267716535433074 la
2045.6692913385828 1856.6929133858268 277.1653543307087 58.267716535433074 peine
2229.9212598425197 1856.6929133858268 461.4173228346457 58.267716535433074 d'entrouver
2600.0 1856.6929133858268 184.251968503937 58.267716535433074 un
2691.3385826771655 1856.6929133858268 215.748031496063 58.267716535433074 bon
2815.748031496063 1856.6929133858268 338.5826771653543 58.267716535433074 Maistre
3029.9212598425197 1856.6929133858268 154.33070866141733 58.267716535433074 qui

1949.6062992125985 1911.8110236220473 400.0 48.818897637795274 s’entend
2248.818897637795 1911.8110236220473 266.1417322834646 48.818897637795274 fort
2415.748031496063 1911.8110236220473 266.1417322834646 48.818897637795274 bien
2582.6771653543306 1911.8110236220473 166.9291338582677 48.818897637795274 à
2615.748031496063 1911.8110236220473 566.9291338582677 48.818897637795274 l’architecture.

1952.755905511811 1970.0787401574803 182.6771653543307 53.54330708661417 Je
2044.0944881889764 1970.0787401574803 244.09448818897638 53.54330708661417 vous
2196.850393700787 1970.0787401574803 182.6771653543307 53.54330708661417 ay
2288.1889763779527 1970.0787401574803 244.09448818897638 53.54330708661417 bien
2440.9448818897636 1970.0787401574803 182.6771653543307 53.54330708661417 de
2502.3622047244094 1970.0787401574803 549.6062992125984 53.54330708661417 l’obligation...»

1809.4488188976377 2088.1889763779527 171.6535433070866 64.56692913385827 —
1878.740157480315 2088.1889763779527 581.1023622047244 64.56692913385827 BALZAC
2357.48031496063 2088.1889763779527 376.37795275590554 64.56692913385827 (Honoré
2631.496062992126 2088.1889763779527 274.01574803149606 64.56692913385827 de).
2801.5748031496064 2088.1889763779527 171.6535433070866 64.56692913385827 —
2870.8661417322833 2088.1889763779527 274.01574803149606 64.56692913385827 Voir
3006.299212598425 2088.1889763779527 171.6535433070866 64.56692913385827 Nos

1886.6141732283465 2162.2047244094488 292.9133858267717 59.84251968503937 4345,
2083.464566929134 2162.2047244094488 292.9133858267717 59.84251968503937 4420,
2245.6692913385828 2162.2047244094488 228.3464566929134 59.84251968503937 4627.

1812.5984251968505 2283.464566929134 253.54330708661416 66.14173228346456 4225
1970.0787401574803 2283.464566929134 601.5748031496063 66.14173228346456 BANVILLE
2477.165354330709 2283.464566929134 412.59842519685037 66.14173228346456 (Théodore
2795.2755905511813 2283.464566929134 253.54330708661416 66.14173228346456 de),
2921.259842519685 2283.464566929134 253.54330708661416 66.14173228346456 poète.

1883.4645669291338 2360.6299212598424 157.48031496062993 64.56692913385827 —
1946.4566929133857 2360.6299212598424 188.9763779527559 64.56692913385827 L.
2040.9448818897638 2360.6299212598424 188.9763779527559 64.56692913385827 a.
2135.433070866142 2360.6299212598424 188.9763779527559 64.56692913385827 s.
2229.9212598425197 2360.6299212598424 157.48031496062993 64.56692913385827 à
2292.9133858267714 2360.6299212598424 188.9763779527559 64.56692913385827 M.
2387.4015748031497 2360.6299212598424 346.45669291338584 64.56692913385827 Léonce,
2639.3700787401576 2360.6299212598424 283.46456692913387 64.56692913385827 1895,
2828.3464566929133 2360.6299212598424 157.48031496062993 64.56692913385827 1
2891.3385826771655 2360.6299212598424 188.9763779527559 64.56692913385827 p.
2954.3307086614172 2360.6299212598424 220.4724409448819 64.56692913385827 in

2966.9291338582675 2437.7952755905512 176.3779527559055 50.39370078740158 20
3026.771653543307 2437.7952755905512 146.45669291338584 50.39370078740158 fr.

2015.748031496063 2533.8582677165355 464.56692913385825 53.54330708661417 Invitation
2381.1023622047246 2533.8582677165355 266.1417322834646 53.54330708661417 pour
2546.4566929133857 2533.8582677165355 332.2834645669291 53.54330708661417 «venir
2779.527559055118 2533.8582677165355 332.2834645669291 53.54330708661417 manger
2977.952755905512 2533.8582677165355 200.0 53.54330708661417 avec

1946.4566929133857 2590.551181102362 277.1653543307087 55.118110236220474 nous,
2132.283464566929 2590.551181102362 245.66929133858267 55.118110236220474 chez
2285.0393700787404 2590.551181102362 277.1653543307087 55.118110236220474 Magny
2470.8661417322833 2590.551181102362 184.251968503937 55.118110236220474 la
2562.2047244094488 2590.551181102362 277.1653543307087 55.118110236220474 belle
2746.4566929133857 2590.551181102362 277.1653543307087 55.118110236220474 dinde
2900.787401574803 2590.551181102362 277.1653543307087 55.118110236220474 truffée

1941.732283464567 2658.267716535433 242.51968503937007 42.51968503937008 que
2080.314960629921 2658.267716535433 277.1653543307087 42.51968503937008 vous
2218.8976377952754 2658.267716535433 310.23622047244095 42.51968503937008 savez.»

1804.724409448819 2754.3307086614172 280.31496062992125 64.56692913385827 4226
1979.5275590551182 2754.3307086614172 455.11811023622045 64.56692913385827 BARBEY
2330.7086614173227 2754.3307086614172 666.1417322834645 64.56692913385827 D'AUREVILLY
2856.6929133858266 2754.3307086614172 314.96062992125985 64.56692913385827 (Jules)

1881.8897637795276 2828.3464566929133 502.3622047244094 66.14173228346456 littérateur.
2289.763779527559 2828.3464566929133 157.48031496062993 66.14173228346456 —
2352.755905511811 2828.3464566929133 188.9763779527559 66.14173228346456 L.
2447.244094488189 2828.3464566929133 188.9763779527559 66.14173228346456 a.
2541.732283464567 2828.3464566929133 188.9763779527559 66.14173228346456 s.
2636.220472440945 2828.3464566929133 157.48031496062993 66.14173228346456 à
2699.212598425197 2828.3464566929133 188.9763779527559 66.14173228346456 M.
2793.700787401575 2828.3464566929133 314.96062992125985 66.14173228346456 Nadar,
3012.5984251968503 2828.3464566929133 157.48031496062993 66.14173228346456 1
3044.0944881889764 2828.3464566929133 125.98425196850394 66.14173228346456 p.

1869.291338582677 2903.9370078740158 335.43307086614175 66.14173228346456 in-8
2078.740157480315 2903.9370078740158 251.96850393700788 66.14173228346456 (à
2204.7244094488187 2903.9370078740158 461.4173228346457 66.14173228346456 l’encre
2540.1574803149606 2903.9370078740158 461.4173228346457 66.14173228346456 rouge).
2875.5905511811025 2903.9370078740158 251.96850393700788 66.14173228346456 35
2959.0551181102364 2903.9370078740158 209.4488188976378 66.14173228346456 fr.

2006.2992125984251 3001.5748031496064 308.66141732283467 53.54330708661417 «Vous
2212.5984251968503 3001.5748031496064 274.01574803149606 53.54330708661417 avez
2384.251968503937 3001.5748031496064 206.29921259842519 53.54330708661417 dû
2486.6141732283463 3001.5748031496064 411.0236220472441 53.54330708661417 recevoir
2795.2755905511813 3001.5748031496064 206.29921259842519 53.54330708661417 le
2862.9921259842517 3001.5748031496064 308.66141732283467 53.54330708661417 premier

1937.007874015748 3056.6929133858266 400.0 55.118110236220474 chapitre
2236.220472440945 3056.6929133858266 200.0 55.118110236220474 de
2337.0078740157483 3056.6929133858266 233.0708661417323 55.118110236220474 mon
2470.8661417322833 3056.6929133858266 300.78740157480314 55.118110236220474 roman
2670.8661417322833 3056.6929133858266 200.0 55.118110236220474 et
2770.0787401574803 3056.6929133858266 266.1417322834646 55.118110236220474 j’ai
2903.9370078740158 3056.6929133858266 266.1417322834646 55.118110236220474 obtenu

1940.1574803149606 3114.9606299212596 179.5275590551181 53.54330708661417 du
2029.9212598425197 3114.9606299212596 209.4488188976378 53.54330708661417 Gil
2149.6062992125985 3114.9606299212596 239.37007874015748 53.54330708661417 Blas
2300.787401574803 3114.9606299212596 269.29133858267716 53.54330708661417 qu’on
2480.314960629921 3114.9606299212596 239.37007874015748 53.54330708661417 vous
2629.9212598425197 3114.9606299212596 300.78740157480314 53.54330708661417 ferait
2839.3700787401576 3114.9606299212596 179.5275590551181 53.54330708661417 le
2900.787401574803 3114.9606299212596 269.29133858267716 53.54330708661417 service

1938.5826771653544 3171.6535433070867 344.88188976377955 53.54330708661417 pendant
2188.9763779527557 3171.6535433070867 281.8897637795276 53.54330708661417 toute
2377.952755905512 3171.6535433070867 187.4015748031496 53.54330708661417 sa
2440.9448818897636 3171.6535433070867 470.86614173228344 53.54330708661417 publication.»

1798.4251968503936 3289.763779527559 266.1417322834646 62.99212598425197 4227
1965.3543307086613 3289.763779527559 631.496062992126 62.99212598425197 BARBUSSE
2497.6377952755906 3289.763779527559 400.0 62.99212598425197 (Henri),
2763.779527559055 3289.763779527559 400.0 62.99212598425197 romancier.

1870.8661417322835 3365.3543307086616 146.45669291338584 58.267716535433074 —
1930.708661417323 3365.3543307086616 176.3779527559055 58.267716535433074 L.
2018.8976377952756 3365.3543307086616 176.3779527559055 58.267716535433074 a.
2105.511811023622 3365.3543307086616 176.3779527559055 58.267716535433074 s.
2193.700787401575 3365.3543307086616 146.45669291338584 58.267716535433074 à
2253.5433070866143 3365.3543307086616 411.0236220472441 58.267716535433074 Laurent
2574.803149606299 3365.3543307086616 499.21259842519686 58.267716535433074 Tailhude,
2957.48031496063 3365.3543307086616 204.7244094488189 58.267716535433074 1919,

1833.0708661417323 3440.9448818897636 368.503937007874 61.41732283464567 1
1981.1023622047244 3440.9448818897636 442.5196850393701 61.41732283464567 p.
2201.5748031496064 3440.9448818897636 662.992125984252 61.41732283464567 in-4.
2644.0944881889764 3440.9448818897636 442.5196850393701 61.41732283464567 20
2790.551181102362 3440.9448818897636 368.503937007874 61.41732283464567 fr.

1998.4251968503936 3538.582677165354 204.7244094488189 53.54330708661417 Au
2100.787401574803 3538.582677165354 308.66141732283467 53.54330708661417 sujet
2307.0866141732286 3538.582677165354 204.7244094488189 53.54330708661417 de
2409.448818897638 3538.582677165354 204.7244094488189 53.54330708661417 la
2511.8110236220473 3538.582677165354 411.0236220472441 53.54330708661417 création
2820.472440944882 3538.582677165354 204.7244094488189 53.54330708661417 du
2888.1889763779527 3538.582677165354 274.01574803149606 53.54330708661417 groupe

1935.4330708661416 3595.2755905511813 368.503937007874 47.24409448818898 «Clarté»
2211.0236220472443 3595.2755905511813 184.251968503937 47.24409448818898 du
2302.3622047244094 3595.2755905511813 429.9212598425197 47.24409448818898 manifeste,
2640.9448818897636 3595.2755905511813 184.251968503937 47.24409448818898 du
2732.283464566929 3595.2755905511813 307.0866141732283 47.24409448818898 comité
2916.535433070866 3595.2755905511813 245.66929133858267 47.24409448818898 direc-

1930.708661417323 3650.3937007874015 262.99212598425197 53.54330708661417 teur,
2107.0866141732286 3650.3937007874015 176.3779527559055 53.54330708661417 et
2195.2755905511813 3650.3937007874015 204.7244094488189 53.54330708661417 des
2311.8110236220473 3650.3937007874015 351.18110236220474 53.54330708661417 statuts.
2576.3779527559054 3650.3937007874015 176.3779527559055 53.54330708661417 Il
2664.566929133858 3650.3937007874015 176.3779527559055 53.54330708661417 le
2751.181102362205 3650.3937007874015 234.64566929133858 53.54330708661417 prie
2899.212598425197 3650.3937007874015 176.3779527559055 53.54330708661417 de
2957.48031496063 3650.3937007874015 204.7244094488189 53.54330708661417 faire

1930.708661417323 3705.511811023622 314.96062992125985 55.118110236220474 savoir
2151.181102362205 3705.511811023622 251.96850393700788 55.118110236220474 s’il
2308.6614173228345 3705.511811023622 346.45669291338584 55.118110236220474 accepte
2560.6299212598424 3705.511811023622 188.9763779527559 55.118110236220474 de
2655.1181102362207 3705.511811023622 346.45669291338584 55.118110236220474 figurer
2907.0866141732286 3705.511811023622 251.96850393700788 55.118110236220474 dans
3033.0708661417325 3705.511811023622 125.98425196850394 55.118110236220474 le

1900.7874015748032 3763.779527559055 270.86614173228344 42.51968503937008 comité.

1788.976377952756 3864.566929133858 259.84251968503935 69.29133858267717 4228
1952.755905511811 3864.566929133858 554.3307086614174 69.29133858267717 BARRÈS
2407.8740157480315 3864.566929133858 456.6929133858268 69.29133858267717 (Maurice),
2766.9291338582675 3864.566929133858 423.62204724409446 69.29133858267717 écrivain.
3059.8425196850394 3864.566929133858 97.63779527559055 69.29133858267717 —

1864.5669291338584 3944.8818897637793 193.70078740157481 64.56692913385827 L.
1960.6299212598426 3944.8818897637793 193.70078740157481 64.56692913385827 a.
2056.6929133858266 3944.8818897637793 193.70078740157481 64.56692913385827 s.
2154.3307086614172 3944.8818897637793 160.62992125984252 64.56692913385827 à
2218.8976377952754 3944.8818897637793 193.70078740157481 64.56692913385827 un
2314.9606299212596 3944.8818897637793 258.26771653543307 64.56692913385827 ami,
2477.165354330709 3944.8818897637793 289.76377952755905 64.56692913385827 1907,
2670.8661417322833 3944.8818897637793 160.62992125984252 64.56692913385827 3
2735.433070866142 3944.8818897637793 193.70078740157481 64.56692913385827 p.
2831.496062992126 3944.8818897637793 258.26771653543307 64.56692913385827 in-8
2960.6299212598424 3944.8818897637793 193.70078740157481 64.56692913385827 avec

1851.9685039370079 4018.8976377952754 459.84251968503935 53.54330708661417 ratures
2187.4015748031497 4018.8976377952754 250.39370078740157 53.54330708661417 et
2313.3858267716537 4018.8976377952754 669.2913385826772 53.54330708661417 corrections.
2856.6929133858266 4018.8976377952754 250.39370078740157 53.54330708661417 40
2940.1574803149606 4018.8976377952754 209.4488188976378 53.54330708661417 fr.

1993.7007874015749 4114.96062992126 374.8031496062992 56.69291338582677 «J’avais
2275.5905511811025 4114.96062992126 250.39370078740157 56.69291338582677 prié
2431.496062992126 4114.96062992126 187.4015748031496 56.69291338582677 M.
2525.984251968504 4114.96062992126 313.38582677165357 56.69291338582677 Albert
2744.8818897637793 4114.96062992126 187.4015748031496 56.69291338582677 de
2837.7952755905512 4114.96062992126 313.38582677165357 56.69291338582677 renier
3026.771653543307 4114.96062992126 124.40944881889764 56.69291338582677 la

1927.5590551181103 4171.653543307087 396.8503937007874 51.968503937007874 traduction
2239.3700787401576 4171.653543307087 170.07874015748033 51.968503937007874 du
2324.4094488188975 4171.653543307087 340.15748031496065 51.968503937007874 Livre
2581.1023622047246 4171.653543307087 170.07874015748033 51.968503937007874 de
2637.7952755905512 4171.653543307087 510.23622047244095 51.968503937007874 l’Allemagne.

1924.4094488188975 4229.921259842519 188.9763779527559 51.968503937007874 On
2018.8976377952756 4229.921259842519 188.9763779527559 51.968503937007874 la
2113.3858267716537 4229.921259842519 218.89763779527559 51.968503937007874 lui
2237.7952755905512 4229.921259842519 157.48031496062993 51.968503937007874 a
2300.787401574803 4229.921259842519 313.38582677165357 51.968503937007874 remise
2521.259842519685 4229.921259842519 250.39370078740157 51.968503937007874 page
2677.165354330709 4229.921259842519 218.89763779527559 51.968503937007874 par
2803.149606299213 4229.921259842519 250.39370078740157 51.968503937007874 page
2959.0551181102364 4229.921259842519 188.9763779527559 51.968503937007874 et
3022.047244094488 4229.921259842519 125.98425196850394 51.968503937007874 on

1918.1102362204724 4285.03937007874 171.6535433070866 51.968503937007874 a
1987.4015748031495 4285.03937007874 274.01574803149606 51.968503937007874 tenu
2157.48031496063 4285.03937007874 307.0866141732283 51.968503937007874 aucun
2363.779527559055 4285.03937007874 341.73228346456693 51.968503937007874 compte
2603.149606299213 4285.03937007874 204.7244094488189 51.968503937007874 de
2705.511811023622 4285.03937007874 239.37007874015748 51.968503937007874 ses
2807.8740157480315 4285.03937007874 341.73228346456693 51.968503937007874 observa-

1922.8346456692914 4340.157480314961 359.0551181102362 53.54330708661417 tions...
2192.1259842519685 4340.157480314961 179.5275590551181 53.54330708661417 Je
2281.8897637795276 4340.157480314961 239.37007874015748 53.54330708661417 vais
2431.496062992126 4340.157480314961 388.9763779527559 53.54330708661417 protester
2729.1338582677167 4340.157480314961 209.4488188976378 53.54330708661417 par
2848.818897637795 4340.157480314961 209.4488188976378 53.54330708661417 les
2938.582677165354 4340.157480314961 209.4488188976378 53.54330708661417 jour-

1921.259842519685 4395.275590551181 327.5590551181102 47.24409448818898 naux...
2160.6299212598424 4395.275590551181 239.37007874015748 47.24409448818898 Donc
2308.6614173228345 4395.275590551181 269.29133858267716 47.24409448818898 cette
2488.1889763779527 4395.275590551181 327.5590551181102 47.24409448818898 affaire
2727.5590551181103 4395.275590551181 327.5590551181102 47.24409448818898 inutile
2935.433070866142 4395.275590551181 209.4488188976378 47.24409448818898 comme

1919.6850393700788 4451.968503937008 299.21259842519686 55.118110236220474 argent
2129.1338582677167 4451.968503937008 209.4488188976378 55.118110236220474 est
2248.818897637795 4451.968503937008 357.4803149606299 55.118110236220474 nuisible
2516.535433070866 4451.968503937008 566.9291338582677 55.118110236220474 littéralement,»
2963.779527559055 4451.968503937008 179.5275590551181 55.118110236220474 etc.

1779.5275590551182 4560.629921259842 259.84251968503935 64.56692913385827 4229
1941.732283464567 4560.629921259842 551.1811023622047 64.56692913385827 BARTET
2396.850393700787 4560.629921259842 355.90551181102364 64.56692913385827 (Jeanne
2655.1181102362207 4560.629921259842 422.0472440944882 64.56692913385827 Regnault,
2946.4566929133857 4560.629921259842 195.2755905511811 64.56692913385827 dite

1856.6929133858268 4634.645669291339 228.3464566929134 67.71653543307086 Mme)
1998.4251968503936 4634.645669291339 170.07874015748033 67.71653543307086 de
2083.464566929134 4634.645669291339 170.07874015748033 67.71653543307086 la
2170.0787401574803 4634.645669291339 313.38582677165357 67.71653543307086 Comédie
2396.850393700787 4634.645669291339 398.4251968503937 67.71653543307086 française.
2710.236220472441 4634.645669291339 141.73228346456693 67.71653543307086 —
2766.9291338582675 4634.645669291339 370.0787401574803 67.71653543307086 a)
3023.6220472440946 4634.645669291339 113.38582677165354 67.71653543307086 L.

1858.267716535433 4710.236220472441 159.0551181102362 62.99212598425197 a.
1938.5826771653544 4710.236220472441 159.0551181102362 62.99212598425197 s.
2017.3228346456692 4710.236220472441 239.37007874015748 62.99212598425197 1917,
2177.952755905512 4710.236220472441 132.28346456692913 62.99212598425197 1
2231.496062992126 4710.236220472441 159.0551181102362 62.99212598425197 p.
2310.236220472441 4710.236220472441 266.1417322834646 62.99212598425197 in-12.
2497.6377952755906 4710.236220472441 132.28346456692913 62.99212598425197 —
2549.6062992125985 4710.236220472441 346.45669291338584 62.99212598425197 b)
2815.748031496063 4710.236220472441 239.37007874015748 62.99212598425197 Carte
2976.3779527559054 4710.236220472441 159.0551181102362 62.99212598425197 a.
3028.3464566929133 4710.236220472441 107.08661417322834 62.99212598425197 s.

1861.4173228346456 4781.102362204724 248.8188976377953 67.71653543307086 1918,
2028.3464566929133 4781.102362204724 138.58267716535434 67.71653543307086 2
2083.464566929134 4781.102362204724 165.35433070866142 67.71653543307086 p.
2166.9291338582675 4781.102362204724 277.1653543307087 67.71653543307086 in-16.
2359.0551181102364 4781.102362204724 359.0551181102362 67.71653543307086 Chaque
2636.220472440945 4781.102362204724 414.1732283464567 67.71653543307086 lettre:
2968.503937007874 4781.102362204724 138.58267716535434 67.71653543307086 8
2995.2755905511813 4781.102362204724 138.58267716535434 67.71653543307086 fr.

1977.9527559055118 4878.740157480315 247.24409448818898 58.267716535433074 Elle
2133.8582677165355 4878.740157480315 278.74015748031496 58.267716535433074 parle
2319.685039370079 4878.740157480315 185.82677165354332 58.267716535433074 de
2412.5984251968503 4878.740157480315 217.3228346456693 58.267716535433074 son
2535.433070866142 4878.740157480315 247.24409448818898 58.267716535433074 état
2689.763779527559 4878.740157480315 185.82677165354332 58.267716535433074 de
2752.755905511811 4878.740157480315 247.24409448818898 58.267716535433074 santé.

951.1811023622047 5000.0 422.0472440944882 69.29133858267717 ACHAT
1233.0708661417323 5000.0 281.8897637795276 69.29133858267717 DE
1373.2283464566929 5000.0 469.29133858267716 69.29133858267717 LIVRES
1700.7874015748032 5000.0 281.8897637795276 69.29133858267717 ET
1795.275590551181 5000.0 702.3622047244095 69.29133858267717 D’AUTOGRAPHES
