<alto xmlns:xsi="http://www.w3.org/2001/XMLSchema-instance" xmlns="http://www.loc.gov/standards/alto/ns-v2#" xmlns:page="http://schema.primaresearch.org/PAGE/gts/pagecontent/2013-07-15" xsi:schemaLocation="http://www.loc.gov/standards/alto/ns-v2# http://www.loc.gov/standards/alto/alto.xsd">
  <Description>
    <MeasurementUnit>pixel</MeasurementUnit>
    <sourceImageInformation>
         <fileName>7.xml</fileName>
      </sourceImageInformation>
    <OCRProcessing ID="IdOcr">
      <ocrProcessingStep>
        <processingDateTime>2020-05-13T10:42:24.491+02:00</processingDateTime>
        <processingSoftware>
               <softwareCreator>CONTRIBUTORS</softwareCreator>
               <softwareName>pdfalto</softwareName>
               <softwareVersion>0.1</softwareVersion>
            </processingSoftware>
      </ocrProcessingStep>
    </OCRProcessing>
  </Description>
  <Styles>
     <TextStyle ID="FONT0" FONTFAMILY="unknown" FONTSIZE="unknown" FONTTYPE="unknown" FONTWIDTH="unknown" FONTCOLOR="unknown" FONTSTYLE=""/>
     <TextStyle ID="FONT1" FONTFAMILY="unknown" FONTSIZE="unknown" FONTTYPE="unknown" FONTWIDTH="unknown" FONTCOLOR="unknown" FONTSTYLE="bold"/>
     <TextStyle ID="FONT2" FONTFAMILY="unknown" FONTSIZE="unknown" FONTTYPE="unknown" FONTWIDTH="unknown" FONTCOLOR="unknown" FONTSTYLE="italics"/>
</Styles>
  <Tags/>
  <Layout>
    <Page ID="Page1" PHYSICAL_IMG_NR="1" HEIGHT="5440.944881889764" WIDTH="3349.6062992125985">
      <PrintSpace HEIGHT="5179.527559055118" WIDTH="3105.511811023622" VPOS="185.82677165354332" HPOS="170.07874015748033">
        <TextBlock ID="r_1_1" HEIGHT="75.59055118110236" WIDTH="963.7795275590552" VPOS="198.4251968503937" HPOS="206.29921259842519">
          <TextLine ID="tl_1" BASELINE="173" HEIGHT="72.44094488188976" WIDTH="960.6299212598425" VPOS="200.0" HPOS="207.8740157480315">
            <String HEIGHT="72.44094488188976" WIDTH="274.01574803149606" VPOS="200.0" HPOS="162.20472440944883" CONTENT="6," ID="tl_1_1" STYLEREFS="FONT0"/>
            <SP HEIGHT="72.44094488188976" WIDTH="45.669291338582674" VPOS="200.0" HPOS="436.2204724409449"/>
            <String HEIGHT="72.44094488188976" WIDTH="319.68503937007875" VPOS="200.0" HPOS="299.21259842519686" CONTENT="RUE" ID="tl_1_2" STYLEREFS="FONT0"/>
            <SP HEIGHT="72.44094488188976" WIDTH="45.669291338582674" VPOS="200.0" HPOS="618.8976377952756"/>
            <String HEIGHT="72.44094488188976" WIDTH="549.6062992125984" VPOS="200.0" HPOS="481.8897637795276" CONTENT="BLANCHE," ID="tl_1_3" STYLEREFS="FONT0"/>
            <SP HEIGHT="72.44094488188976" WIDTH="45.669291338582674" VPOS="200.0" HPOS="1031.4960629921259"/>
            <String HEIGHT="72.44094488188976" WIDTH="319.68503937007875" VPOS="200.0" HPOS="848.8188976377953" CONTENT="PARIS" ID="tl_1_4" STYLEREFS="FONT0"/>
          </TextLine>
        </TextBlock>
        <TextBlock ID="r_2_1" HEIGHT="70.86614173228347" WIDTH="42.51968503937008" VPOS="198.4251968503937" HPOS="2985.8267716535433">
          <TextLine ID="tl_2" BASELINE="170" HEIGHT="67.71653543307086" WIDTH="39.37007874015748" VPOS="200.0" HPOS="2987.4015748031497">
            <String HEIGHT="67.71653543307086" WIDTH="118.11023622047244" VPOS="200.0" HPOS="2908.6614173228345" CONTENT="5" ID="tl_2_1" STYLEREFS="FONT0"/>
          </TextLine>
        </TextBlock>
        <TextBlock ID="r_3_1" HEIGHT="203.1496062992126" WIDTH="1349.6062992125985" VPOS="349.6062992125984" HPOS="204.7244094488189">
          <TextLine ID="tl_3" BASELINE="263" HEIGHT="62.99212598425197" WIDTH="1346.4566929133857" VPOS="351.18110236220474" HPOS="206.29921259842519">
            <String HEIGHT="62.99212598425197" WIDTH="250.39370078740157" VPOS="351.18110236220474" HPOS="174.8031496062992" CONTENT="4230" ID="tl_3_1" STYLEREFS="FONT0"/>
            <SP HEIGHT="62.99212598425197" WIDTH="31.496062992125985" VPOS="351.18110236220474" HPOS="425.1968503937008"/>
            <String HEIGHT="62.99212598425197" WIDTH="532.2834645669292" VPOS="351.18110236220474" HPOS="332.2834645669291" CONTENT="BAUDRY" ID="tl_3_2" STYLEREFS="FONT1"/>
            <SP HEIGHT="62.99212598425197" WIDTH="31.496062992125985" VPOS="351.18110236220474" HPOS="864.5669291338583"/>
            <String HEIGHT="62.99212598425197" WIDTH="344.88188976377955" VPOS="351.18110236220474" HPOS="770.0787401574803" CONTENT="(Paul)," ID="tl_3_3" STYLEREFS="FONT0"/>
            <SP HEIGHT="62.99212598425197" WIDTH="31.496062992125985" VPOS="351.18110236220474" HPOS="1114.9606299212599"/>
            <String HEIGHT="62.99212598425197" WIDTH="187.4015748031496" VPOS="351.18110236220474" HPOS="1020.4724409448819" CONTENT="le" ID="tl_3_4" STYLEREFS="FONT0"/>
            <SP HEIGHT="62.99212598425197" WIDTH="31.496062992125985" VPOS="351.18110236220474" HPOS="1207.8740157480315"/>
            <String HEIGHT="62.99212598425197" WIDTH="344.88188976377955" VPOS="351.18110236220474" HPOS="1114.9606299212599" CONTENT="célèbre" ID="tl_3_5" STYLEREFS="FONT0"/>
            <SP HEIGHT="62.99212598425197" WIDTH="31.496062992125985" VPOS="351.18110236220474" HPOS="1458.267716535433"/>
            <String HEIGHT="62.99212598425197" WIDTH="218.89763779527559" VPOS="351.18110236220474" HPOS="1333.8582677165355" CONTENT="pein" SUBS_TYPE="HypPart1" SUBS_CONTENT="peintre." ID="tl_3_6" STYLEREFS="FONT0"/>
            <HYP CONTENT="-"/>
          </TextLine>
          <TextLine ID="tl_4" BASELINE="311" HEIGHT="64.56692913385827" WIDTH="1272.4409448818897" VPOS="425.1968503937008" HPOS="280.31496062992125">
            <String HEIGHT="64.56692913385827" WIDTH="275.59055118110234" VPOS="425.1968503937008" HPOS="245.66929133858267" CONTENT="tre." SUBS_TYPE="HypPart2" SUBS_CONTENT="peintre." ID="tl_4_1" STYLEREFS="FONT0"/>
            <SP HEIGHT="64.56692913385827" WIDTH="34.645669291338585" VPOS="425.1968503937008" HPOS="521.2598425196851"/>
            <String HEIGHT="64.56692913385827" WIDTH="171.6535433070866" VPOS="425.1968503937008" HPOS="417.3228346456693" CONTENT="—" ID="tl_4_2" STYLEREFS="FONT0"/>
            <SP HEIGHT="64.56692913385827" WIDTH="34.645669291338585" VPOS="425.1968503937008" HPOS="590.5511811023622"/>
            <String HEIGHT="64.56692913385827" WIDTH="206.29921259842519" VPOS="425.1968503937008" HPOS="486.61417322834643" CONTENT="L." ID="tl_4_3" STYLEREFS="FONT0"/>
            <SP HEIGHT="64.56692913385827" WIDTH="34.645669291338585" VPOS="425.1968503937008" HPOS="692.9133858267717"/>
            <String HEIGHT="64.56692913385827" WIDTH="206.29921259842519" VPOS="425.1968503937008" HPOS="590.5511811023622" CONTENT="a." ID="tl_4_4" STYLEREFS="FONT0"/>
            <SP HEIGHT="64.56692913385827" WIDTH="34.645669291338585" VPOS="425.1968503937008" HPOS="796.8503937007874"/>
            <String HEIGHT="64.56692913385827" WIDTH="206.29921259842519" VPOS="425.1968503937008" HPOS="692.9133858267717" CONTENT="s." ID="tl_4_5" STYLEREFS="FONT0"/>
            <SP HEIGHT="64.56692913385827" WIDTH="34.645669291338585" VPOS="425.1968503937008" HPOS="899.2125984251968"/>
            <String HEIGHT="64.56692913385827" WIDTH="171.6535433070866" VPOS="425.1968503937008" HPOS="796.8503937007874" CONTENT="à" ID="tl_4_6" STYLEREFS="FONT0"/>
            <SP HEIGHT="64.56692913385827" WIDTH="34.645669291338585" VPOS="425.1968503937008" HPOS="968.503937007874"/>
            <String HEIGHT="64.56692913385827" WIDTH="206.29921259842519" VPOS="425.1968503937008" HPOS="864.5669291338583" CONTENT="un" ID="tl_4_7" STYLEREFS="FONT0"/>
            <SP HEIGHT="64.56692913385827" WIDTH="34.645669291338585" VPOS="425.1968503937008" HPOS="1070.8661417322835"/>
            <String HEIGHT="64.56692913385827" WIDTH="275.59055118110234" VPOS="425.1968503937008" HPOS="968.503937007874" CONTENT="ami." ID="tl_4_8" STYLEREFS="FONT0"/>
            <SP HEIGHT="64.56692913385827" WIDTH="34.645669291338585" VPOS="425.1968503937008" HPOS="1242.5196850393702"/>
            <String HEIGHT="64.56692913385827" WIDTH="171.6535433070866" VPOS="425.1968503937008" HPOS="1140.1574803149606" CONTENT="4" ID="tl_4_9" STYLEREFS="FONT0"/>
            <SP HEIGHT="64.56692913385827" WIDTH="34.645669291338585" VPOS="425.1968503937008" HPOS="1311.8110236220473"/>
            <String HEIGHT="64.56692913385827" WIDTH="240.9448818897638" VPOS="425.1968503937008" HPOS="1209.4488188976377" CONTENT="pp." ID="tl_4_10" STYLEREFS="FONT0"/>
            <SP HEIGHT="64.56692913385827" WIDTH="34.645669291338585" VPOS="425.1968503937008" HPOS="1448.8188976377953"/>
            <String HEIGHT="64.56692913385827" WIDTH="240.9448818897638" VPOS="425.1968503937008" HPOS="1311.8110236220473" CONTENT="in" ID="tl_4_11" STYLEREFS="FONT0"/>
          </TextLine>
          <TextLine ID="tl_5" BASELINE="350" HEIGHT="51.968503937007874" WIDTH="1269.291338582677" VPOS="499.21259842519686" HPOS="281.8897637795276">
            <String HEIGHT="51.968503937007874" WIDTH="662.992125984252" VPOS="499.21259842519686" HPOS="226.77165354330708" CONTENT="écriture" ID="tl_5_1" STYLEREFS="FONT0"/>
            <SP HEIGHT="51.968503937007874" WIDTH="55.118110236220474" VPOS="499.21259842519686" HPOS="888.1889763779527"/>
            <String HEIGHT="51.968503937007874" WIDTH="606.2992125984252" VPOS="499.21259842519686" HPOS="722.8346456692914" CONTENT="serrée." ID="tl_5_2" STYLEREFS="FONT0"/>
            <SP HEIGHT="51.968503937007874" WIDTH="55.118110236220474" VPOS="499.21259842519686" HPOS="1330.708661417323"/>
            <String HEIGHT="51.968503937007874" WIDTH="330.70866141732284" VPOS="499.21259842519686" HPOS="1165.3543307086613" CONTENT="25" ID="tl_5_3" STYLEREFS="FONT0"/>
            <SP HEIGHT="51.968503937007874" WIDTH="55.118110236220474" VPOS="499.21259842519686" HPOS="1496.0629921259842"/>
            <String HEIGHT="51.968503937007874" WIDTH="275.59055118110234" VPOS="499.21259842519686" HPOS="1275.5905511811025" CONTENT="fr." ID="tl_5_4" STYLEREFS="FONT0"/>
          </TextLine>
        </TextBlock>
        <TextBlock ID="r_3_2" HEIGHT="215.748031496063" WIDTH="1217.3228346456692" VPOS="596.8503937007874" HPOS="338.5826771653543">
          <TextLine ID="tl_6" BASELINE="414" HEIGHT="53.54330708661417" WIDTH="1141.732283464567" VPOS="598.4251968503937" HPOS="411.0236220472441">
            <String HEIGHT="53.54330708661417" WIDTH="321.25984251968504" VPOS="598.4251968503937" HPOS="381.1023622047244" CONTENT="Parlant" ID="tl_6_1" STYLEREFS="FONT0"/>
            <SP HEIGHT="53.54330708661417" WIDTH="29.921259842519685" VPOS="598.4251968503937" HPOS="703.9370078740158"/>
            <String HEIGHT="53.54330708661417" WIDTH="176.3779527559055" VPOS="598.4251968503937" HPOS="615.7480314960629" CONTENT="de" ID="tl_6_2" STYLEREFS="FONT0"/>
            <SP HEIGHT="53.54330708661417" WIDTH="29.921259842519685" VPOS="598.4251968503937" HPOS="792.1259842519685"/>
            <String HEIGHT="53.54330708661417" WIDTH="204.7244094488189" VPOS="598.4251968503937" HPOS="703.9370078740158" CONTENT="son" ID="tl_6_3" STYLEREFS="FONT0"/>
            <SP HEIGHT="53.54330708661417" WIDTH="29.921259842519685" VPOS="598.4251968503937" HPOS="908.6614173228346"/>
            <String HEIGHT="53.54330708661417" WIDTH="292.9133858267717" VPOS="598.4251968503937" HPOS="820.4724409448819" CONTENT="séjour" ID="tl_6_4" STYLEREFS="FONT0"/>
            <SP HEIGHT="53.54330708661417" WIDTH="29.921259842519685" VPOS="598.4251968503937" HPOS="1113.3858267716535"/>
            <String HEIGHT="53.54330708661417" WIDTH="176.3779527559055" VPOS="598.4251968503937" HPOS="1025.1968503937007" CONTENT="en" ID="tl_6_5" STYLEREFS="FONT0"/>
            <SP HEIGHT="53.54330708661417" WIDTH="29.921259842519685" VPOS="598.4251968503937" HPOS="1201.5748031496064"/>
            <String HEIGHT="53.54330708661417" WIDTH="321.25984251968504" VPOS="598.4251968503937" HPOS="1113.3858267716535" CONTENT="Italie," ID="tl_6_6" STYLEREFS="FONT0"/>
            <SP HEIGHT="53.54330708661417" WIDTH="29.921259842519685" VPOS="598.4251968503937" HPOS="1436.2204724409448"/>
            <String HEIGHT="53.54330708661417" WIDTH="176.3779527559055" VPOS="598.4251968503937" HPOS="1348.0314960629921" CONTENT="il" ID="tl_6_7" STYLEREFS="FONT0"/>
            <SP HEIGHT="53.54330708661417" WIDTH="29.921259842519685" VPOS="598.4251968503937" HPOS="1522.8346456692914"/>
            <String HEIGHT="53.54330708661417" WIDTH="146.45669291338584" VPOS="598.4251968503937" HPOS="1406.2992125984251" CONTENT="lui" ID="tl_6_8" STYLEREFS="FONT0"/>
          </TextLine>
          <TextLine ID="tl_7" BASELINE="444" HEIGHT="44.09448818897638" WIDTH="1212.5984251968505" VPOS="655.1181102362204" HPOS="341.73228346456693">
            <String HEIGHT="44.09448818897638" WIDTH="485.03937007874015" VPOS="655.1181102362204" HPOS="307.0866141732283" CONTENT="recommande" ID="tl_7_1" STYLEREFS="FONT0"/>
            <SP HEIGHT="44.09448818897638" WIDTH="34.645669291338585" VPOS="655.1181102362204" HPOS="792.1259842519685"/>
            <String HEIGHT="44.09448818897638" WIDTH="381.1023622047244" VPOS="655.1181102362204" HPOS="688.1889763779527" CONTENT="l’achat" ID="tl_7_2" STYLEREFS="FONT0"/>
            <SP HEIGHT="44.09448818897638" WIDTH="34.645669291338585" VPOS="655.1181102362204" HPOS="1069.291338582677"/>
            <String HEIGHT="44.09448818897638" WIDTH="242.51968503937007" VPOS="655.1181102362204" HPOS="965.3543307086615" CONTENT="des" ID="tl_7_3" STYLEREFS="FONT0"/>
            <SP HEIGHT="44.09448818897638" WIDTH="34.645669291338585" VPOS="655.1181102362204" HPOS="1207.8740157480315"/>
            <String HEIGHT="44.09448818897638" WIDTH="415.748031496063" VPOS="655.1181102362204" HPOS="1103.9370078740158" CONTENT="tableaux" ID="tl_7_4" STYLEREFS="FONT0"/>
            <SP HEIGHT="44.09448818897638" WIDTH="34.645669291338585" VPOS="655.1181102362204" HPOS="1519.6850393700788"/>
            <String HEIGHT="44.09448818897638" WIDTH="173.22834645669292" VPOS="655.1181102362204" HPOS="1381.1023622047244" CONTENT="des" ID="tl_7_5" STYLEREFS="FONT0"/>
          </TextLine>
          <TextLine ID="tl_8" BASELINE="486" HEIGHT="53.54330708661417" WIDTH="1211.023622047244" VPOS="711.8110236220473" HPOS="341.73228346456693">
            <String HEIGHT="53.54330708661417" WIDTH="403.1496062992126" VPOS="711.8110236220473" HPOS="308.66141732283467" CONTENT="peintres" ID="tl_8_1" STYLEREFS="FONT0"/>
            <SP HEIGHT="53.54330708661417" WIDTH="33.07086614173228" VPOS="711.8110236220473" HPOS="711.8110236220473"/>
            <String HEIGHT="53.54330708661417" WIDTH="403.1496062992126" VPOS="711.8110236220473" HPOS="611.0236220472441" CONTENT="Bertaux," ID="tl_8_2" STYLEREFS="FONT0"/>
            <SP HEIGHT="53.54330708661417" WIDTH="33.07086614173228" VPOS="711.8110236220473" HPOS="1014.1732283464567"/>
            <String HEIGHT="53.54330708661417" WIDTH="337.00787401574803" VPOS="711.8110236220473" HPOS="913.3858267716536" CONTENT="Vimont" ID="tl_8_3" STYLEREFS="FONT0"/>
            <SP HEIGHT="53.54330708661417" WIDTH="33.07086614173228" VPOS="711.8110236220473" HPOS="1250.3937007874015"/>
            <String HEIGHT="53.54330708661417" WIDTH="201.5748031496063" VPOS="711.8110236220473" HPOS="1149.6062992125985" CONTENT="et" ID="tl_8_4" STYLEREFS="FONT0"/>
            <SP HEIGHT="53.54330708661417" WIDTH="33.07086614173228" VPOS="711.8110236220473" HPOS="1351.1811023622047"/>
            <String HEIGHT="53.54330708661417" WIDTH="337.00787401574803" VPOS="711.8110236220473" HPOS="1215.748031496063" CONTENT="Layraud." ID="tl_8_5" STYLEREFS="FONT0"/>
          </TextLine>
          <TextLine ID="tl_9" BASELINE="515" HEIGHT="42.51968503937008" WIDTH="343.3070866141732" VPOS="768.503937007874" HPOS="340.15748031496065">
            <String HEIGHT="42.51968503937008" WIDTH="237.79527559055117" VPOS="768.503937007874" HPOS="313.38582677165357" CONTENT="Belle" ID="tl_9_1" STYLEREFS="FONT0"/>
            <SP HEIGHT="42.51968503937008" WIDTH="26.771653543307085" VPOS="768.503937007874" HPOS="551.1811023622047"/>
            <String HEIGHT="42.51968503937008" WIDTH="237.79527559055117" VPOS="768.503937007874" HPOS="445.6692913385827" CONTENT="lettre." ID="tl_9_2" STYLEREFS="FONT0"/>
          </TextLine>
        </TextBlock>
        <TextBlock ID="r_3_3" HEIGHT="236.2204724409449" WIDTH="1349.6062992125985" VPOS="848.8188976377953" HPOS="203.1496062992126">
          <TextLine ID="tl_10" BASELINE="593" HEIGHT="83.46456692913385" WIDTH="1346.4566929133857" VPOS="850.3937007874016" HPOS="204.7244094488189">
            <String HEIGHT="83.46456692913385" WIDTH="283.46456692913387" VPOS="850.3937007874016" HPOS="170.07874015748033" CONTENT="4231" ID="tl_10_1" STYLEREFS="FONT0"/>
            <SP HEIGHT="83.46456692913385" WIDTH="36.22047244094488" VPOS="850.3937007874016" HPOS="453.54330708661416"/>
            <String HEIGHT="83.46456692913385" WIDTH="674.0157480314961" VPOS="850.3937007874016" HPOS="346.45669291338584" CONTENT="BEAUMONT" ID="tl_10_2" STYLEREFS="FONT1"/>
            <SP HEIGHT="83.46456692913385" WIDTH="36.22047244094488" VPOS="850.3937007874016" HPOS="1020.4724409448819"/>
            <String HEIGHT="83.46456692913385" WIDTH="319.68503937007875" VPOS="850.3937007874016" HPOS="913.3858267716536" CONTENT="(Elie" ID="tl_10_3" STYLEREFS="FONT0"/>
            <SP HEIGHT="83.46456692913385" WIDTH="36.22047244094488" VPOS="850.3937007874016" HPOS="1233.0708661417323"/>
            <String HEIGHT="83.46456692913385" WIDTH="283.46456692913387" VPOS="850.3937007874016" HPOS="1125.984251968504" CONTENT="de)," ID="tl_10_4" STYLEREFS="FONT0"/>
            <SP HEIGHT="83.46456692913385" WIDTH="36.22047244094488" VPOS="850.3937007874016" HPOS="1409.4488188976377"/>
            <String HEIGHT="83.46456692913385" WIDTH="283.46456692913387" VPOS="850.3937007874016" HPOS="1267.716535433071" CONTENT="géolo" SUBS_TYPE="HypPart1" SUBS_CONTENT="géologue." ID="tl_10_5" STYLEREFS="FONT0"/>
            <HYP CONTENT="-"/>
          </TextLine>
          <TextLine ID="tl_11" BASELINE="640" HEIGHT="61.41732283464567" WIDTH="1270.8661417322835" VPOS="946.4566929133858" HPOS="278.74015748031496">
            <String HEIGHT="61.41732283464567" WIDTH="247.24409448818898" VPOS="946.4566929133858" HPOS="247.24409448818898" CONTENT="gue." SUBS_TYPE="HypPart2" SUBS_CONTENT="géologue." ID="tl_11_1" STYLEREFS="FONT0"/>
            <SP HEIGHT="61.41732283464567" WIDTH="31.496062992125985" VPOS="946.4566929133858" HPOS="496.06299212598424"/>
            <String HEIGHT="61.41732283464567" WIDTH="154.33070866141733" VPOS="946.4566929133858" HPOS="403.1496062992126" CONTENT="—" ID="tl_11_2" STYLEREFS="FONT0"/>
            <SP HEIGHT="61.41732283464567" WIDTH="31.496062992125985" VPOS="946.4566929133858" HPOS="557.4803149606299"/>
            <String HEIGHT="61.41732283464567" WIDTH="185.82677165354332" VPOS="946.4566929133858" HPOS="464.56692913385825" CONTENT="L." ID="tl_11_3" STYLEREFS="FONT0"/>
            <SP HEIGHT="61.41732283464567" WIDTH="31.496062992125985" VPOS="946.4566929133858" HPOS="650.3937007874016"/>
            <String HEIGHT="61.41732283464567" WIDTH="185.82677165354332" VPOS="946.4566929133858" HPOS="557.4803149606299" CONTENT="a." ID="tl_11_4" STYLEREFS="FONT0"/>
            <SP HEIGHT="61.41732283464567" WIDTH="31.496062992125985" VPOS="946.4566929133858" HPOS="743.3070866141733"/>
            <String HEIGHT="61.41732283464567" WIDTH="185.82677165354332" VPOS="946.4566929133858" HPOS="650.3937007874016" CONTENT="s." ID="tl_11_5" STYLEREFS="FONT0"/>
            <SP HEIGHT="61.41732283464567" WIDTH="31.496062992125985" VPOS="946.4566929133858" HPOS="836.2204724409448"/>
            <String HEIGHT="61.41732283464567" WIDTH="185.82677165354332" VPOS="946.4566929133858" HPOS="743.3070866141733" CONTENT="au" ID="tl_11_6" STYLEREFS="FONT0"/>
            <SP HEIGHT="61.41732283464567" WIDTH="31.496062992125985" VPOS="946.4566929133858" HPOS="929.1338582677165"/>
            <String HEIGHT="61.41732283464567" WIDTH="434.6456692913386" VPOS="946.4566929133858" HPOS="836.2204724409448" CONTENT="secrétaire" ID="tl_11_7" STYLEREFS="FONT0"/>
            <SP HEIGHT="61.41732283464567" WIDTH="31.496062992125985" VPOS="946.4566929133858" HPOS="1270.8661417322835"/>
            <String HEIGHT="61.41732283464567" WIDTH="185.82677165354332" VPOS="946.4566929133858" HPOS="1177.9527559055118" CONTENT="de" ID="tl_11_8" STYLEREFS="FONT0"/>
            <SP HEIGHT="61.41732283464567" WIDTH="31.496062992125985" VPOS="946.4566929133858" HPOS="1363.7795275590552"/>
            <String HEIGHT="61.41732283464567" WIDTH="310.23622047244095" VPOS="946.4566929133858" HPOS="1239.3700787401574" CONTENT="l’Insti" SUBS_TYPE="HypPart1" SUBS_CONTENT="l’Institut," ID="tl_11_9" STYLEREFS="FONT0"/>
            <HYP CONTENT="-"/>
          </TextLine>
          <TextLine ID="tl_12" BASELINE="688" HEIGHT="62.99212598425197" WIDTH="1270.8661417322835" VPOS="1020.4724409448819" HPOS="275.59055118110234">
            <String HEIGHT="62.99212598425197" WIDTH="247.24409448818898" VPOS="1020.4724409448819" HPOS="244.09448818897638" CONTENT="tut," SUBS_TYPE="HypPart2" SUBS_CONTENT="l’Institut," ID="tl_12_1" STYLEREFS="FONT0"/>
            <SP HEIGHT="62.99212598425197" WIDTH="31.496062992125985" VPOS="1020.4724409448819" HPOS="492.9133858267717"/>
            <String HEIGHT="62.99212598425197" WIDTH="278.74015748031496" VPOS="1020.4724409448819" HPOS="400.0" CONTENT="1864," ID="tl_12_2" STYLEREFS="FONT0"/>
            <SP HEIGHT="62.99212598425197" WIDTH="31.496062992125985" VPOS="1020.4724409448819" HPOS="678.7401574803149"/>
            <String HEIGHT="62.99212598425197" WIDTH="154.33070866141733" VPOS="1020.4724409448819" HPOS="585.8267716535433" CONTENT="1" ID="tl_12_3" STYLEREFS="FONT0"/>
            <SP HEIGHT="62.99212598425197" WIDTH="31.496062992125985" VPOS="1020.4724409448819" HPOS="740.1574803149606"/>
            <String HEIGHT="62.99212598425197" WIDTH="185.82677165354332" VPOS="1020.4724409448819" HPOS="647.2440944881889" CONTENT="p." ID="tl_12_4" STYLEREFS="FONT0"/>
            <SP HEIGHT="62.99212598425197" WIDTH="31.496062992125985" VPOS="1020.4724409448819" HPOS="833.0708661417323"/>
            <String HEIGHT="62.99212598425197" WIDTH="278.74015748031496" VPOS="1020.4724409448819" HPOS="740.1574803149606" CONTENT="in-8," ID="tl_12_5" STYLEREFS="FONT0"/>
            <SP HEIGHT="62.99212598425197" WIDTH="31.496062992125985" VPOS="1020.4724409448819" HPOS="1018.8976377952756"/>
            <String HEIGHT="62.99212598425197" WIDTH="310.23622047244095" VPOS="1020.4724409448819" HPOS="925.9842519685039" CONTENT="collée" ID="tl_12_6" STYLEREFS="FONT0"/>
            <SP HEIGHT="62.99212598425197" WIDTH="31.496062992125985" VPOS="1020.4724409448819" HPOS="1236.2204724409448"/>
            <String HEIGHT="62.99212598425197" WIDTH="217.3228346456693" VPOS="1020.4724409448819" HPOS="1143.3070866141732" CONTENT="sur" ID="tl_12_7" STYLEREFS="FONT0"/>
            <SP HEIGHT="62.99212598425197" WIDTH="31.496062992125985" VPOS="1020.4724409448819" HPOS="1360.6299212598426"/>
            <String HEIGHT="62.99212598425197" WIDTH="310.23622047244095" VPOS="1020.4724409448819" HPOS="1236.2204724409448" CONTENT="bristol." ID="tl_12_8" STYLEREFS="FONT0"/>
          </TextLine>
        </TextBlock>
        <TextBlock ID="r_3_4" HEIGHT="51.968503937007874" WIDTH="177.95275590551182" VPOS="1096.0629921259842" HPOS="1370.0787401574803">
          <TextLine ID="tl_13" BASELINE="728" HEIGHT="48.818897637795274" WIDTH="174.8031496062992" VPOS="1097.6377952755906" HPOS="1371.6535433070867">
            <String HEIGHT="48.818897637795274" WIDTH="174.8031496062992" VPOS="1097.6377952755906" HPOS="1343.3070866141732" CONTENT="12" ID="tl_13_1" STYLEREFS="FONT0"/>
            <SP HEIGHT="48.818897637795274" WIDTH="29.921259842519685" VPOS="1097.6377952755906" HPOS="1518.1102362204724"/>
            <String HEIGHT="48.818897637795274" WIDTH="146.45669291338584" VPOS="1097.6377952755906" HPOS="1401.5748031496064" CONTENT="fr." ID="tl_13_2" STYLEREFS="FONT0"/>
          </TextLine>
        </TextBlock>
        <TextBlock ID="r_3_5" HEIGHT="56.69291338582677" WIDTH="869.2913385826772" VPOS="1173.2283464566929" HPOS="401.5748031496063">
          <TextLine ID="tl_14" BASELINE="780" HEIGHT="53.54330708661417" WIDTH="866.1417322834645" VPOS="1174.8031496062993" HPOS="403.1496062992126">
            <String HEIGHT="53.54330708661417" WIDTH="200.0" VPOS="1174.8031496062993" HPOS="370.0787401574803" CONTENT="Au" ID="tl_14_1" STYLEREFS="FONT0"/>
            <SP HEIGHT="53.54330708661417" WIDTH="33.07086614173228" VPOS="1174.8031496062993" HPOS="570.0787401574803"/>
            <String HEIGHT="53.54330708661417" WIDTH="299.21259842519686" VPOS="1174.8031496062993" HPOS="469.29133858267716" CONTENT="sujet" ID="tl_14_2" STYLEREFS="FONT0"/>
            <SP HEIGHT="53.54330708661417" WIDTH="33.07086614173228" VPOS="1174.8031496062993" HPOS="770.0787401574803"/>
            <String HEIGHT="53.54330708661417" WIDTH="200.0" VPOS="1174.8031496062993" HPOS="669.2913385826772" CONTENT="de" ID="tl_14_3" STYLEREFS="FONT0"/>
            <SP HEIGHT="53.54330708661417" WIDTH="33.07086614173228" VPOS="1174.8031496062993" HPOS="869.2913385826772"/>
            <String HEIGHT="53.54330708661417" WIDTH="200.0" VPOS="1174.8031496062993" HPOS="770.0787401574803" CONTENT="M." ID="tl_14_4" STYLEREFS="FONT0"/>
            <SP HEIGHT="53.54330708661417" WIDTH="33.07086614173228" VPOS="1174.8031496062993" HPOS="970.0787401574803"/>
            <String HEIGHT="53.54330708661417" WIDTH="200.0" VPOS="1174.8031496062993" HPOS="869.2913385826772" CONTENT="Le" ID="tl_14_5" STYLEREFS="FONT0"/>
            <SP HEIGHT="53.54330708661417" WIDTH="33.07086614173228" VPOS="1174.8031496062993" HPOS="1069.291338582677"/>
            <String HEIGHT="53.54330708661417" WIDTH="333.8582677165354" VPOS="1174.8031496062993" HPOS="935.4330708661417" CONTENT="Verrier." ID="tl_14_6" STYLEREFS="FONT0"/>
          </TextLine>
        </TextBlock>
        <TextBlock ID="r_3_6" HEIGHT="292.9133858267717" WIDTH="1354.3307086614172" VPOS="1292.9133858267717" HPOS="198.4251968503937">
          <TextLine ID="tl_15" BASELINE="862" HEIGHT="62.99212598425197" WIDTH="1351.1811023622047" VPOS="1294.4881889763778" HPOS="200.0">
            <String HEIGHT="62.99212598425197" WIDTH="262.99212598425197" VPOS="1294.4881889763778" HPOS="166.9291338582677" CONTENT="4232" ID="tl_15_1" STYLEREFS="FONT0"/>
            <SP HEIGHT="62.99212598425197" WIDTH="33.07086614173228" VPOS="1294.4881889763778" HPOS="429.9212598425197"/>
            <String HEIGHT="62.99212598425197" WIDTH="626.7716535433071" VPOS="1294.4881889763778" HPOS="332.2834645669291" CONTENT="BEAUNIER" ID="tl_15_2" STYLEREFS="FONT1"/>
            <SP HEIGHT="62.99212598425197" WIDTH="33.07086614173228" VPOS="1294.4881889763778" HPOS="957.4803149606299"/>
            <String HEIGHT="62.99212598425197" WIDTH="395.2755905511811" VPOS="1294.4881889763778" HPOS="859.8425196850394" CONTENT="(André)," ID="tl_15_3" STYLEREFS="FONT0"/>
            <SP HEIGHT="62.99212598425197" WIDTH="33.07086614173228" VPOS="1294.4881889763778" HPOS="1255.1181102362204"/>
            <String HEIGHT="62.99212598425197" WIDTH="428.34645669291336" VPOS="1294.4881889763778" HPOS="1155.9055118110236" CONTENT="écrivain." ID="tl_15_4" STYLEREFS="FONT0"/>
            <SP HEIGHT="62.99212598425197" WIDTH="33.07086614173228" VPOS="1294.4881889763778" HPOS="1584.251968503937"/>
            <String HEIGHT="62.99212598425197" WIDTH="99.21259842519684" VPOS="1294.4881889763778" HPOS="1451.9685039370079" CONTENT="—" ID="tl_15_5" STYLEREFS="FONT0"/>
          </TextLine>
          <TextLine ID="tl_16" BASELINE="910" HEIGHT="62.99212598425197" WIDTH="1274.015748031496" VPOS="1370.0787401574803" HPOS="270.86614173228344">
            <String HEIGHT="62.99212598425197" WIDTH="303.93700787401576" VPOS="1370.0787401574803" HPOS="242.51968503937007" CONTENT="Article" ID="tl_16_1" STYLEREFS="FONT0"/>
            <SP HEIGHT="62.99212598425197" WIDTH="28.346456692913385" VPOS="1370.0787401574803" HPOS="548.0314960629921"/>
            <String HEIGHT="62.99212598425197" WIDTH="166.9291338582677" VPOS="1370.0787401574803" HPOS="464.56692913385825" CONTENT="a." ID="tl_16_2" STYLEREFS="FONT0"/>
            <SP HEIGHT="62.99212598425197" WIDTH="28.346456692913385" VPOS="1370.0787401574803" HPOS="631.496062992126"/>
            <String HEIGHT="62.99212598425197" WIDTH="166.9291338582677" VPOS="1370.0787401574803" HPOS="548.0314960629921" CONTENT="s." ID="tl_16_3" STYLEREFS="FONT0"/>
            <SP HEIGHT="62.99212598425197" WIDTH="28.346456692913385" VPOS="1370.0787401574803" HPOS="713.3858267716536"/>
            <String HEIGHT="62.99212598425197" WIDTH="193.70078740157481" VPOS="1370.0787401574803" HPOS="631.496062992126" CONTENT="sur" ID="tl_16_4" STYLEREFS="FONT0"/>
            <SP HEIGHT="62.99212598425197" WIDTH="28.346456692913385" VPOS="1370.0787401574803" HPOS="825.1968503937007"/>
            <String HEIGHT="62.99212598425197" WIDTH="360.62992125984255" VPOS="1370.0787401574803" HPOS="741.7322834645669" CONTENT="Stuart" ID="tl_16_5" STYLEREFS="FONT2"/>
            <SP HEIGHT="62.99212598425197" WIDTH="28.346456692913385" VPOS="1370.0787401574803" HPOS="1102.3622047244094"/>
            <String HEIGHT="62.99212598425197" WIDTH="442.5196850393701" VPOS="1370.0787401574803" HPOS="1018.8976377952756" CONTENT="Merrill," ID="tl_16_6" STYLEREFS="FONT2"/>
            <SP HEIGHT="62.99212598425197" WIDTH="28.346456692913385" VPOS="1370.0787401574803" HPOS="1461.4173228346456"/>
            <String HEIGHT="62.99212598425197" WIDTH="166.9291338582677" VPOS="1370.0787401574803" HPOS="1377.9527559055118" CONTENT="17" ID="tl_16_7" STYLEREFS="FONT0"/>
            <SP HEIGHT="62.99212598425197" WIDTH="28.346456692913385" VPOS="1370.0787401574803" HPOS="1544.8818897637796"/>
            <String HEIGHT="62.99212598425197" WIDTH="110.23622047244095" VPOS="1370.0787401574803" HPOS="1434.6456692913387" CONTENT="p." ID="tl_16_8" STYLEREFS="FONT0"/>
          </TextLine>
          <TextLine ID="tl_17" BASELINE="958" HEIGHT="62.99212598425197" WIDTH="1272.4409448818897" VPOS="1445.6692913385828" HPOS="274.01574803149606">
            <String HEIGHT="62.99212598425197" WIDTH="278.74015748031496" VPOS="1445.6692913385828" HPOS="242.51968503937007" CONTENT="in-8," ID="tl_17_1" STYLEREFS="FONT0"/>
            <SP HEIGHT="62.99212598425197" WIDTH="31.496062992125985" VPOS="1445.6692913385828" HPOS="522.8346456692914"/>
            <String HEIGHT="62.99212598425197" WIDTH="278.74015748031496" VPOS="1445.6692913385828" HPOS="429.9212598425197" CONTENT="ayant" ID="tl_17_2" STYLEREFS="FONT0"/>
            <SP HEIGHT="62.99212598425197" WIDTH="31.496062992125985" VPOS="1445.6692913385828" HPOS="708.6614173228346"/>
            <String HEIGHT="62.99212598425197" WIDTH="278.74015748031496" VPOS="1445.6692913385828" HPOS="615.7480314960629" CONTENT="servi" ID="tl_17_3" STYLEREFS="FONT0"/>
            <SP HEIGHT="62.99212598425197" WIDTH="31.496062992125985" VPOS="1445.6692913385828" HPOS="894.488188976378"/>
            <String HEIGHT="62.99212598425197" WIDTH="155.90551181102362" VPOS="1445.6692913385828" HPOS="801.5748031496063" CONTENT="à" ID="tl_17_4" STYLEREFS="FONT0"/>
            <SP HEIGHT="62.99212598425197" WIDTH="31.496062992125985" VPOS="1445.6692913385828" HPOS="957.4803149606299"/>
            <String HEIGHT="62.99212598425197" WIDTH="527.5590551181102" VPOS="1445.6692913385828" HPOS="862.992125984252" CONTENT="l’impression," ID="tl_17_5" STYLEREFS="FONT0"/>
            <SP HEIGHT="62.99212598425197" WIDTH="31.496062992125985" VPOS="1445.6692913385828" HPOS="1390.5511811023623"/>
            <String HEIGHT="62.99212598425197" WIDTH="278.74015748031496" VPOS="1445.6692913385828" HPOS="1267.716535433071" CONTENT="ratures" ID="tl_17_6" STYLEREFS="FONT0"/>
          </TextLine>
          <TextLine ID="tl_18" BASELINE="1006" HEIGHT="62.99212598425197" WIDTH="1270.8661417322835" VPOS="1521.259842519685" HPOS="272.4409448818898">
            <String HEIGHT="62.99212598425197" WIDTH="223.6220472440945" VPOS="1521.259842519685" HPOS="234.64566929133858" CONTENT="et" ID="tl_18_1" STYLEREFS="FONT0"/>
            <SP HEIGHT="62.99212598425197" WIDTH="37.79527559055118" VPOS="1521.259842519685" HPOS="459.84251968503935"/>
            <String HEIGHT="62.99212598425197" WIDTH="560.6299212598425" VPOS="1521.259842519685" HPOS="346.45669291338584" CONTENT="corrections" ID="tl_18_2" STYLEREFS="FONT0"/>
            <SP HEIGHT="62.99212598425197" WIDTH="37.79527559055118" VPOS="1521.259842519685" HPOS="908.6614173228346"/>
            <String HEIGHT="62.99212598425197" WIDTH="598.4251968503937" VPOS="1521.259842519685" HPOS="795.2755905511812" CONTENT="autographes." ID="tl_18_3" STYLEREFS="FONT0"/>
            <SP HEIGHT="62.99212598425197" WIDTH="37.79527559055118" VPOS="1521.259842519685" HPOS="1393.7007874015749"/>
            <String HEIGHT="62.99212598425197" WIDTH="223.6220472440945" VPOS="1521.259842519685" HPOS="1281.8897637795276" CONTENT="25" ID="tl_18_4" STYLEREFS="FONT0"/>
            <SP HEIGHT="62.99212598425197" WIDTH="37.79527559055118" VPOS="1521.259842519685" HPOS="1505.5118110236222"/>
            <String HEIGHT="62.99212598425197" WIDTH="187.4015748031496" VPOS="1521.259842519685" HPOS="1355.9055118110236" CONTENT="fr." ID="tl_18_5" STYLEREFS="FONT0"/>
          </TextLine>
        </TextBlock>
        <TextBlock ID="r_3_7" HEIGHT="69.29133858267717" WIDTH="1352.755905511811" VPOS="1640.9448818897638" HPOS="192.1259842519685">
          <TextLine ID="tl_19" BASELINE="1085" HEIGHT="66.14173228346456" WIDTH="1349.6062992125985" VPOS="1642.5196850393702" HPOS="193.70078740157481">
            <String HEIGHT="66.14173228346456" WIDTH="269.29133858267716" VPOS="1642.5196850393702" HPOS="160.62992125984252" CONTENT="4233" ID="tl_19_1" STYLEREFS="FONT0"/>
            <SP HEIGHT="66.14173228346456" WIDTH="33.07086614173228" VPOS="1642.5196850393702" HPOS="429.9212598425197"/>
            <String HEIGHT="66.14173228346456" WIDTH="640.9448818897638" VPOS="1642.5196850393702" HPOS="329.13385826771656" CONTENT="BEAUVOIR" ID="tl_19_2" STYLEREFS="FONT1"/>
            <SP HEIGHT="66.14173228346456" WIDTH="33.07086614173228" VPOS="1642.5196850393702" HPOS="970.0787401574803"/>
            <String HEIGHT="66.14173228346456" WIDTH="607.8740157480315" VPOS="1642.5196850393702" HPOS="869.2913385826772" CONTENT="(Edouard-Roger" ID="tl_19_3" STYLEREFS="FONT0"/>
            <SP HEIGHT="66.14173228346456" WIDTH="33.07086614173228" VPOS="1642.5196850393702" HPOS="1475.5905511811025"/>
            <String HEIGHT="66.14173228346456" WIDTH="203.1496062992126" VPOS="1642.5196850393702" HPOS="1340.1574803149606" CONTENT="de)," ID="tl_19_4" STYLEREFS="FONT0"/>
          </TextLine>
        </TextBlock>
        <TextBlock ID="r_3_8" HEIGHT="434.6456692913386" WIDTH="1280.3149606299212" VPOS="1716.5354330708662" HPOS="266.1417322834646">
          <TextLine ID="tl_20" BASELINE="1130" HEIGHT="61.41732283464567" WIDTH="1272.4409448818897" VPOS="1718.1102362204724" HPOS="270.86614173228344">
            <String HEIGHT="61.41732283464567" WIDTH="286.61417322834643" VPOS="1718.1102362204724" HPOS="239.37007874015748" CONTENT="poète" ID="tl_20_1" STYLEREFS="FONT0"/>
            <SP HEIGHT="61.41732283464567" WIDTH="31.496062992125985" VPOS="1718.1102362204724" HPOS="525.9842519685039"/>
            <String HEIGHT="61.41732283464567" WIDTH="190.5511811023622" VPOS="1718.1102362204724" HPOS="429.9212598425197" CONTENT="et" ID="tl_20_2" STYLEREFS="FONT0"/>
            <SP HEIGHT="61.41732283464567" WIDTH="31.496062992125985" VPOS="1718.1102362204724" HPOS="620.4724409448819"/>
            <String HEIGHT="61.41732283464567" WIDTH="508.66141732283467" VPOS="1718.1102362204724" HPOS="525.9842519685039" CONTENT="littérateur," ID="tl_20_3" STYLEREFS="FONT0"/>
            <SP HEIGHT="61.41732283464567" WIDTH="31.496062992125985" VPOS="1718.1102362204724" HPOS="1034.6456692913387"/>
            <String HEIGHT="61.41732283464567" WIDTH="445.6692913385827" VPOS="1718.1102362204724" HPOS="938.5826771653543" CONTENT="1809-1866." ID="tl_20_4" STYLEREFS="FONT0"/>
            <SP HEIGHT="61.41732283464567" WIDTH="31.496062992125985" VPOS="1718.1102362204724" HPOS="1384.251968503937"/>
            <String HEIGHT="61.41732283464567" WIDTH="159.0551181102362" VPOS="1718.1102362204724" HPOS="1288.1889763779527" CONTENT="—" ID="tl_20_5" STYLEREFS="FONT0"/>
            <SP HEIGHT="61.41732283464567" WIDTH="31.496062992125985" VPOS="1718.1102362204724" HPOS="1447.244094488189"/>
            <String HEIGHT="61.41732283464567" WIDTH="222.04724409448818" VPOS="1718.1102362204724" HPOS="1321.259842519685" CONTENT="Trois" ID="tl_20_6" STYLEREFS="FONT0"/>
          </TextLine>
          <TextLine ID="tl_21" BASELINE="1172" HEIGHT="51.968503937007874" WIDTH="1275.5905511811025" VPOS="1793.7007874015749" HPOS="269.29133858267716">
            <String HEIGHT="51.968503937007874" WIDTH="311.81102362204723" VPOS="1793.7007874015749" HPOS="240.9448818897638" CONTENT="lettres" ID="tl_21_1" STYLEREFS="FONT0"/>
            <SP HEIGHT="51.968503937007874" WIDTH="28.346456692913385" VPOS="1793.7007874015749" HPOS="552.7559055118111"/>
            <String HEIGHT="51.968503937007874" WIDTH="170.07874015748033" VPOS="1793.7007874015749" HPOS="467.7165354330709" CONTENT="a." ID="tl_21_2" STYLEREFS="FONT0"/>
            <SP HEIGHT="51.968503937007874" WIDTH="28.346456692913385" VPOS="1793.7007874015749" HPOS="637.7952755905512"/>
            <String HEIGHT="51.968503937007874" WIDTH="170.07874015748033" VPOS="1793.7007874015749" HPOS="552.7559055118111" CONTENT="s." ID="tl_21_3" STYLEREFS="FONT0"/>
            <SP HEIGHT="51.968503937007874" WIDTH="28.346456692913385" VPOS="1793.7007874015749" HPOS="722.8346456692914"/>
            <String HEIGHT="51.968503937007874" WIDTH="226.77165354330708" VPOS="1793.7007874015749" HPOS="637.7952755905512" CONTENT="dont" ID="tl_21_4" STYLEREFS="FONT0"/>
            <SP HEIGHT="51.968503937007874" WIDTH="28.346456692913385" VPOS="1793.7007874015749" HPOS="864.5669291338583"/>
            <String HEIGHT="51.968503937007874" WIDTH="226.77165354330708" VPOS="1793.7007874015749" HPOS="779.5275590551181" CONTENT="deux" ID="tl_21_5" STYLEREFS="FONT0"/>
            <SP HEIGHT="51.968503937007874" WIDTH="28.346456692913385" VPOS="1793.7007874015749" HPOS="1006.2992125984252"/>
            <String HEIGHT="51.968503937007874" WIDTH="283.46456692913387" VPOS="1793.7007874015749" HPOS="921.2598425196851" CONTENT="ornées" ID="tl_21_6" STYLEREFS="FONT0"/>
            <SP HEIGHT="51.968503937007874" WIDTH="28.346456692913385" VPOS="1793.7007874015749" HPOS="1204.724409448819"/>
            <String HEIGHT="51.968503937007874" WIDTH="170.07874015748033" VPOS="1793.7007874015749" HPOS="1119.6850393700788" CONTENT="de" ID="tl_21_7" STYLEREFS="FONT0"/>
            <SP HEIGHT="51.968503937007874" WIDTH="28.346456692913385" VPOS="1793.7007874015749" HPOS="1289.763779527559"/>
            <String HEIGHT="51.968503937007874" WIDTH="368.503937007874" VPOS="1793.7007874015749" HPOS="1176.3779527559054" CONTENT="des" ID="tl_21_8" STYLEREFS="FONT2"/>
          </TextLine>
          <TextLine ID="tl_22" BASELINE="1227" HEIGHT="62.99212598425197" WIDTH="1274.015748031496" VPOS="1869.291338582677" HPOS="267.7165354330709">
            <String HEIGHT="62.99212598425197" WIDTH="311.81102362204723" VPOS="1869.291338582677" HPOS="239.37007874015748" CONTENT="sins" ID="tl_22_1" STYLEREFS="FONT2"/>
            <SP HEIGHT="62.99212598425197" WIDTH="28.346456692913385" VPOS="1869.291338582677" HPOS="551.1811023622047"/>
            <String HEIGHT="62.99212598425197" WIDTH="481.8897637795276" VPOS="1869.291338582677" HPOS="466.1417322834646" CONTENT="humoristiques" ID="tl_22_2" STYLEREFS="FONT2"/>
            <SP HEIGHT="62.99212598425197" WIDTH="28.346456692913385" VPOS="1869.291338582677" HPOS="946.4566929133858"/>
            <String HEIGHT="62.99212598425197" WIDTH="141.73228346456693" VPOS="1869.291338582677" HPOS="862.992125984252" CONTENT="à" ID="tl_22_3" STYLEREFS="FONT2"/>
            <SP HEIGHT="62.99212598425197" WIDTH="28.346456692913385" VPOS="1869.291338582677" HPOS="1003.1496062992126"/>
            <String HEIGHT="62.99212598425197" WIDTH="170.07874015748033" VPOS="1869.291338582677" HPOS="918.1102362204724" CONTENT="la" ID="tl_22_4" STYLEREFS="FONT2"/>
            <SP HEIGHT="62.99212598425197" WIDTH="28.346456692913385" VPOS="1869.291338582677" HPOS="1088.1889763779527"/>
            <String HEIGHT="62.99212598425197" WIDTH="396.8503937007874" VPOS="1869.291338582677" HPOS="1003.1496062992126" CONTENT="plume," ID="tl_22_5" STYLEREFS="FONT2"/>
            <SP HEIGHT="62.99212598425197" WIDTH="28.346456692913385" VPOS="1869.291338582677" HPOS="1400.0"/>
            <String HEIGHT="62.99212598425197" WIDTH="226.77165354330708" VPOS="1869.291338582677" HPOS="1314.9606299212599" CONTENT="1863" ID="tl_22_6" STYLEREFS="FONT0"/>
            <SP HEIGHT="62.99212598425197" WIDTH="28.346456692913385" VPOS="1869.291338582677" HPOS="1541.732283464567"/>
            <String HEIGHT="62.99212598425197" WIDTH="113.38582677165354" VPOS="1869.291338582677" HPOS="1428.3464566929133" CONTENT="et" ID="tl_22_7" STYLEREFS="FONT0"/>
          </TextLine>
          <TextLine ID="tl_23" BASELINE="1275" HEIGHT="62.99212598425197" WIDTH="1277.1653543307086" VPOS="1944.8818897637796" HPOS="267.7165354330709">
            <String HEIGHT="62.99212598425197" WIDTH="187.4015748031496" VPOS="1944.8818897637796" HPOS="236.2204724409449" CONTENT="s." ID="tl_23_1" STYLEREFS="FONT0"/>
            <SP HEIGHT="62.99212598425197" WIDTH="31.496062992125985" VPOS="1944.8818897637796" HPOS="423.62204724409446"/>
            <String HEIGHT="62.99212598425197" WIDTH="187.4015748031496" VPOS="1944.8818897637796" HPOS="330.70866141732284" CONTENT="d." ID="tl_23_2" STYLEREFS="FONT0"/>
            <SP HEIGHT="62.99212598425197" WIDTH="31.496062992125985" VPOS="1944.8818897637796" HPOS="516.5354330708661"/>
            <String HEIGHT="62.99212598425197" WIDTH="248.8188976377953" VPOS="1944.8818897637796" HPOS="423.62204724409446" CONTENT="ens." ID="tl_23_3" STYLEREFS="FONT0"/>
            <SP HEIGHT="62.99212598425197" WIDTH="31.496062992125985" VPOS="1944.8818897637796" HPOS="672.4409448818898"/>
            <String HEIGHT="62.99212598425197" WIDTH="155.90551181102362" VPOS="1944.8818897637796" HPOS="579.5275590551181" CONTENT="3" ID="tl_23_4" STYLEREFS="FONT0"/>
            <SP HEIGHT="62.99212598425197" WIDTH="31.496062992125985" VPOS="1944.8818897637796" HPOS="735.4330708661417"/>
            <String HEIGHT="62.99212598425197" WIDTH="187.4015748031496" VPOS="1944.8818897637796" HPOS="640.9448818897638" CONTENT="p." ID="tl_23_5" STYLEREFS="FONT0"/>
            <SP HEIGHT="62.99212598425197" WIDTH="31.496062992125985" VPOS="1944.8818897637796" HPOS="828.3464566929134"/>
            <String HEIGHT="62.99212598425197" WIDTH="155.90551181102362" VPOS="1944.8818897637796" HPOS="735.4330708661417" CONTENT="—" ID="tl_23_6" STYLEREFS="FONT0"/>
            <SP HEIGHT="62.99212598425197" WIDTH="31.496062992125985" VPOS="1944.8818897637796" HPOS="891.3385826771654"/>
            <String HEIGHT="62.99212598425197" WIDTH="187.4015748031496" VPOS="1944.8818897637796" HPOS="796.8503937007874" CONTENT="On" ID="tl_23_7" STYLEREFS="FONT0"/>
            <SP HEIGHT="62.99212598425197" WIDTH="31.496062992125985" VPOS="1944.8818897637796" HPOS="984.2519685039371"/>
            <String HEIGHT="62.99212598425197" WIDTH="155.90551181102362" VPOS="1944.8818897637796" HPOS="891.3385826771654" CONTENT="y" ID="tl_23_8" STYLEREFS="FONT0"/>
            <SP HEIGHT="62.99212598425197" WIDTH="31.496062992125985" VPOS="1944.8818897637796" HPOS="1047.244094488189"/>
            <String HEIGHT="62.99212598425197" WIDTH="155.90551181102362" VPOS="1944.8818897637796" HPOS="952.7559055118111" CONTENT="a" ID="tl_23_9" STYLEREFS="FONT0"/>
            <SP HEIGHT="62.99212598425197" WIDTH="31.496062992125985" VPOS="1944.8818897637796" HPOS="1108.6614173228347"/>
            <String HEIGHT="62.99212598425197" WIDTH="280.31496062992125" VPOS="1944.8818897637796" HPOS="1015.7480314960629" CONTENT="joint" ID="tl_23_10" STYLEREFS="FONT0"/>
            <SP HEIGHT="62.99212598425197" WIDTH="31.496062992125985" VPOS="1944.8818897637796" HPOS="1296.0629921259842"/>
            <String HEIGHT="62.99212598425197" WIDTH="217.3228346456693" VPOS="1944.8818897637796" HPOS="1201.5748031496064" CONTENT="une" ID="tl_23_11" STYLEREFS="FONT0"/>
            <SP HEIGHT="62.99212598425197" WIDTH="31.496062992125985" VPOS="1944.8818897637796" HPOS="1420.4724409448818"/>
            <String HEIGHT="62.99212598425197" WIDTH="248.8188976377953" VPOS="1944.8818897637796" HPOS="1296.0629921259842" CONTENT="lettre" ID="tl_23_12" STYLEREFS="FONT0"/>
          </TextLine>
          <TextLine ID="tl_24" BASELINE="1325" HEIGHT="66.14173228346456" WIDTH="1277.1653543307086" VPOS="2020.4724409448818" HPOS="267.7165354330709">
            <String HEIGHT="66.14173228346456" WIDTH="207.8740157480315" VPOS="2020.4724409448818" HPOS="233.0708661417323" CONTENT="a." ID="tl_24_1" STYLEREFS="FONT0"/>
            <SP HEIGHT="66.14173228346456" WIDTH="34.645669291338585" VPOS="2020.4724409448818" HPOS="440.9448818897638"/>
            <String HEIGHT="66.14173228346456" WIDTH="207.8740157480315" VPOS="2020.4724409448818" HPOS="337.00787401574803" CONTENT="s." ID="tl_24_2" STYLEREFS="FONT0"/>
            <SP HEIGHT="66.14173228346456" WIDTH="34.645669291338585" VPOS="2020.4724409448818" HPOS="543.3070866141733"/>
            <String HEIGHT="66.14173228346456" WIDTH="207.8740157480315" VPOS="2020.4724409448818" HPOS="440.9448818897638" CONTENT="de" ID="tl_24_3" STYLEREFS="FONT0"/>
            <SP HEIGHT="66.14173228346456" WIDTH="34.645669291338585" VPOS="2020.4724409448818" HPOS="647.2440944881889"/>
            <String HEIGHT="66.14173228346456" WIDTH="240.9448818897638" VPOS="2020.4724409448818" HPOS="543.3070866141733" CONTENT="son" ID="tl_24_4" STYLEREFS="FONT0"/>
            <SP HEIGHT="66.14173228346456" WIDTH="34.645669291338585" VPOS="2020.4724409448818" HPOS="785.8267716535433"/>
            <String HEIGHT="66.14173228346456" WIDTH="344.88188976377955" VPOS="2020.4724409448818" HPOS="681.8897637795276" CONTENT="second" ID="tl_24_5" STYLEREFS="FONT0"/>
            <SP HEIGHT="66.14173228346456" WIDTH="34.645669291338585" VPOS="2020.4724409448818" HPOS="1026.7716535433071"/>
            <String HEIGHT="66.14173228346456" WIDTH="310.23622047244095" VPOS="2020.4724409448818" HPOS="922.8346456692914" CONTENT="fils," ID="tl_24_6" STYLEREFS="FONT0"/>
            <SP HEIGHT="66.14173228346456" WIDTH="34.645669291338585" VPOS="2020.4724409448818" HPOS="1234.6456692913387"/>
            <String HEIGHT="66.14173228346456" WIDTH="448.81889763779526" VPOS="2020.4724409448818" HPOS="1096.0629921259842" CONTENT="Henri" ID="tl_24_7" STYLEREFS="FONT0"/>
          </TextLine>
          <TextLine ID="tl_25" BASELINE="1365" HEIGHT="55.118110236220474" WIDTH="1274.015748031496" VPOS="2094.488188976378" HPOS="267.7165354330709">
            <String HEIGHT="55.118110236220474" WIDTH="401.5748031496063" VPOS="2094.488188976378" HPOS="200.0" CONTENT="de" ID="tl_25_1" STYLEREFS="FONT0"/>
            <SP HEIGHT="55.118110236220474" WIDTH="67.71653543307086" VPOS="2094.488188976378" HPOS="603.1496062992126"/>
            <String HEIGHT="55.118110236220474" WIDTH="872.4409448818898" VPOS="2094.488188976378" HPOS="401.5748031496063" CONTENT="Beauvoir." ID="tl_25_2" STYLEREFS="FONT0"/>
            <SP HEIGHT="55.118110236220474" WIDTH="67.71653543307086" VPOS="2094.488188976378" HPOS="1274.015748031496"/>
            <String HEIGHT="55.118110236220474" WIDTH="401.5748031496063" VPOS="2094.488188976378" HPOS="1072.4409448818897" CONTENT="50" ID="tl_25_3" STYLEREFS="FONT0"/>
            <SP HEIGHT="55.118110236220474" WIDTH="67.71653543307086" VPOS="2094.488188976378" HPOS="1474.015748031496"/>
            <String HEIGHT="55.118110236220474" WIDTH="335.43307086614175" VPOS="2094.488188976378" HPOS="1206.2992125984251" CONTENT="fr." ID="tl_25_4" STYLEREFS="FONT0"/>
          </TextLine>
        </TextBlock>
        <TextBlock ID="r_3_9" HEIGHT="283.46456692913387" WIDTH="1220.4724409448818" VPOS="2190.551181102362" HPOS="325.98425196850394">
          <TextLine ID="tl_26" BASELINE="1427" HEIGHT="55.118110236220474" WIDTH="1144.8818897637796" VPOS="2192.1259842519685" HPOS="398.4251968503937">
            <String HEIGHT="55.118110236220474" WIDTH="322.8346456692913" VPOS="2192.1259842519685" HPOS="368.503937007874" CONTENT="Lettres" ID="tl_26_1" STYLEREFS="FONT0"/>
            <SP HEIGHT="55.118110236220474" WIDTH="29.921259842519685" VPOS="2192.1259842519685" HPOS="691.3385826771654"/>
            <String HEIGHT="55.118110236220474" WIDTH="234.64566929133858" VPOS="2192.1259842519685" HPOS="603.1496062992126" CONTENT="d'un" ID="tl_26_2" STYLEREFS="FONT0"/>
            <SP HEIGHT="55.118110236220474" WIDTH="29.921259842519685" VPOS="2192.1259842519685" HPOS="839.3700787401575"/>
            <String HEIGHT="55.118110236220474" WIDTH="264.56692913385825" VPOS="2192.1259842519685" HPOS="751.1811023622047" CONTENT="style" ID="tl_26_3" STYLEREFS="FONT0"/>
            <SP HEIGHT="55.118110236220474" WIDTH="29.921259842519685" VPOS="2192.1259842519685" HPOS="1014.1732283464567"/>
            <String HEIGHT="55.118110236220474" WIDTH="411.0236220472441" VPOS="2192.1259842519685" HPOS="927.5590551181102" CONTENT="spirituel," ID="tl_26_4" STYLEREFS="FONT0"/>
            <SP HEIGHT="55.118110236220474" WIDTH="29.921259842519685" VPOS="2192.1259842519685" HPOS="1338.5826771653544"/>
            <String HEIGHT="55.118110236220474" WIDTH="234.64566929133858" VPOS="2192.1259842519685" HPOS="1250.3937007874015" CONTENT="avec" ID="tl_26_5" STYLEREFS="FONT0"/>
            <SP HEIGHT="55.118110236220474" WIDTH="29.921259842519685" VPOS="2192.1259842519685" HPOS="1485.0393700787401"/>
            <String HEIGHT="55.118110236220474" WIDTH="176.3779527559055" VPOS="2192.1259842519685" HPOS="1366.9291338582677" CONTENT="vers" ID="tl_26_6" STYLEREFS="FONT0"/>
          </TextLine>
          <TextLine ID="tl_27" BASELINE="1463" HEIGHT="53.54330708661417" WIDTH="1214.1732283464567" VPOS="2250.3937007874015" HPOS="329.13385826771656">
            <String HEIGHT="53.54330708661417" WIDTH="192.1259842519685" VPOS="2250.3937007874015" HPOS="297.6377952755906" CONTENT="et" ID="tl_27_1" STYLEREFS="FONT0"/>
            <SP HEIGHT="53.54330708661417" WIDTH="31.496062992125985" VPOS="2250.3937007874015" HPOS="488.18897637795277"/>
            <String HEIGHT="53.54330708661417" WIDTH="447.244094488189" VPOS="2250.3937007874015" HPOS="393.7007874015748" CONTENT="quatrains." ID="tl_27_2" STYLEREFS="FONT0"/>
            <SP HEIGHT="53.54330708661417" WIDTH="31.496062992125985" VPOS="2250.3937007874015" HPOS="840.9448818897638"/>
            <String HEIGHT="53.54330708661417" WIDTH="223.6220472440945" VPOS="2250.3937007874015" HPOS="744.8818897637796" CONTENT="«Je" ID="tl_27_3" STYLEREFS="FONT0"/>
            <SP HEIGHT="53.54330708661417" WIDTH="31.496062992125985" VPOS="2250.3937007874015" HPOS="968.503937007874"/>
            <String HEIGHT="53.54330708661417" WIDTH="288.18897637795277" VPOS="2250.3937007874015" HPOS="872.4409448818898" CONTENT="passe" ID="tl_27_4" STYLEREFS="FONT0"/>
            <SP HEIGHT="53.54330708661417" WIDTH="31.496062992125985" VPOS="2250.3937007874015" HPOS="1160.6299212598426"/>
            <String HEIGHT="53.54330708661417" WIDTH="223.6220472440945" VPOS="2250.3937007874015" HPOS="1064.5669291338584" CONTENT="mes" ID="tl_27_5" STYLEREFS="FONT0"/>
            <SP HEIGHT="53.54330708661417" WIDTH="31.496062992125985" VPOS="2250.3937007874015" HPOS="1288.1889763779527"/>
            <String HEIGHT="53.54330708661417" WIDTH="288.18897637795277" VPOS="2250.3937007874015" HPOS="1192.1259842519685" CONTENT="nuits" ID="tl_27_6" STYLEREFS="FONT0"/>
            <SP HEIGHT="53.54330708661417" WIDTH="31.496062992125985" VPOS="2250.3937007874015" HPOS="1478.740157480315"/>
            <String HEIGHT="53.54330708661417" WIDTH="192.1259842519685" VPOS="2250.3937007874015" HPOS="1351.1811023622047" CONTENT="sans" ID="tl_27_7" STYLEREFS="FONT0"/>
          </TextLine>
          <TextLine ID="tl_28" BASELINE="1500" HEIGHT="56.69291338582677" WIDTH="1212.5984251968505" VPOS="2305.511811023622" HPOS="329.13385826771656">
            <String HEIGHT="56.69291338582677" WIDTH="363.7795275590551" VPOS="2305.511811023622" HPOS="299.21259842519686" CONTENT="sommeil," ID="tl_28_1" STYLEREFS="FONT0"/>
            <SP HEIGHT="56.69291338582677" WIDTH="29.921259842519685" VPOS="2305.511811023622" HPOS="662.992125984252"/>
            <String HEIGHT="56.69291338582677" WIDTH="182.6771653543307" VPOS="2305.511811023622" HPOS="571.6535433070866" CONTENT="je" ID="tl_28_2" STYLEREFS="FONT0"/>
            <SP HEIGHT="56.69291338582677" WIDTH="29.921259842519685" VPOS="2305.511811023622" HPOS="754.3307086614174"/>
            <String HEIGHT="56.69291338582677" WIDTH="212.5984251968504" VPOS="2305.511811023622" HPOS="662.992125984252" CONTENT="lis" ID="tl_28_3" STYLEREFS="FONT0"/>
            <SP HEIGHT="56.69291338582677" WIDTH="29.921259842519685" VPOS="2305.511811023622" HPOS="875.5905511811023"/>
            <String HEIGHT="56.69291338582677" WIDTH="212.5984251968504" VPOS="2305.511811023622" HPOS="784.2519685039371" CONTENT="les" ID="tl_28_4" STYLEREFS="FONT0"/>
            <SP HEIGHT="56.69291338582677" WIDTH="29.921259842519685" VPOS="2305.511811023622" HPOS="996.8503937007874"/>
            <String HEIGHT="56.69291338582677" WIDTH="363.7795275590551" VPOS="2305.511811023622" HPOS="905.511811023622" CONTENT="journaux" ID="tl_28_5" STYLEREFS="FONT0"/>
            <SP HEIGHT="56.69291338582677" WIDTH="29.921259842519685" VPOS="2305.511811023622" HPOS="1269.291338582677"/>
            <String HEIGHT="56.69291338582677" WIDTH="182.6771653543307" VPOS="2305.511811023622" HPOS="1177.9527559055118" CONTENT="et" ID="tl_28_6" STYLEREFS="FONT0"/>
            <SP HEIGHT="56.69291338582677" WIDTH="29.921259842519685" VPOS="2305.511811023622" HPOS="1360.6299212598426"/>
            <String HEIGHT="56.69291338582677" WIDTH="182.6771653543307" VPOS="2305.511811023622" HPOS="1269.291338582677" CONTENT="je" ID="tl_28_7" STYLEREFS="FONT0"/>
            <SP HEIGHT="56.69291338582677" WIDTH="29.921259842519685" VPOS="2305.511811023622" HPOS="1450.3937007874015"/>
            <String HEIGHT="56.69291338582677" WIDTH="212.5984251968504" VPOS="2305.511811023622" HPOS="1329.1338582677165" CONTENT="crois" ID="tl_28_8" STYLEREFS="FONT0"/>
          </TextLine>
          <TextLine ID="tl_29" BASELINE="1536" HEIGHT="56.69291338582677" WIDTH="1217.3228346456692" VPOS="2362.2047244094488" HPOS="327.5590551181102">
            <String HEIGHT="56.69291338582677" WIDTH="288.18897637795277" VPOS="2362.2047244094488" HPOS="296.06299212598424" CONTENT="qu’on" ID="tl_29_1" STYLEREFS="FONT0"/>
            <SP HEIGHT="56.69291338582677" WIDTH="31.496062992125985" VPOS="2362.2047244094488" HPOS="584.2519685039371"/>
            <String HEIGHT="56.69291338582677" WIDTH="288.18897637795277" VPOS="2362.2047244094488" HPOS="488.18897637795277" CONTENT="viole" ID="tl_29_2" STYLEREFS="FONT0"/>
            <SP HEIGHT="56.69291338582677" WIDTH="31.496062992125985" VPOS="2362.2047244094488" HPOS="776.3779527559055"/>
            <String HEIGHT="56.69291338582677" WIDTH="256.6929133858268" VPOS="2362.2047244094488" HPOS="680.3149606299213" CONTENT="dans" ID="tl_29_3" STYLEREFS="FONT0"/>
            <SP HEIGHT="56.69291338582677" WIDTH="31.496062992125985" VPOS="2362.2047244094488" HPOS="937.007874015748"/>
            <String HEIGHT="56.69291338582677" WIDTH="223.6220472440945" VPOS="2362.2047244094488" HPOS="839.3700787401575" CONTENT="les" ID="tl_29_4" STYLEREFS="FONT0"/>
            <SP HEIGHT="56.69291338582677" WIDTH="31.496062992125985" VPOS="2362.2047244094488" HPOS="1064.5669291338584"/>
            <String HEIGHT="56.69291338582677" WIDTH="352.755905511811" VPOS="2362.2047244094488" HPOS="968.503937007874" CONTENT="wagons." ID="tl_29_5" STYLEREFS="FONT0"/>
            <SP HEIGHT="56.69291338582677" WIDTH="31.496062992125985" VPOS="2362.2047244094488" HPOS="1321.259842519685"/>
            <String HEIGHT="56.69291338582677" WIDTH="223.6220472440945" VPOS="2362.2047244094488" HPOS="1225.1968503937007" CONTENT="N’y" ID="tl_29_6" STYLEREFS="FONT0"/>
            <SP HEIGHT="56.69291338582677" WIDTH="31.496062992125985" VPOS="2362.2047244094488" HPOS="1448.8188976377953"/>
            <String HEIGHT="56.69291338582677" WIDTH="223.6220472440945" VPOS="2362.2047244094488" HPOS="1321.259842519685" CONTENT="monte" ID="tl_29_7" STYLEREFS="FONT0"/>
          </TextLine>
          <TextLine ID="tl_30" BASELINE="1570" HEIGHT="51.968503937007874" WIDTH="696.0629921259842" VPOS="2420.472440944882" HPOS="327.5590551181102">
            <String HEIGHT="51.968503937007874" WIDTH="231.49606299212599" VPOS="2420.472440944882" HPOS="299.21259842519686" CONTENT="pas," ID="tl_30_1" STYLEREFS="FONT0"/>
            <SP HEIGHT="51.968503937007874" WIDTH="28.346456692913385" VPOS="2420.472440944882" HPOS="530.7086614173228"/>
            <String HEIGHT="51.968503937007874" WIDTH="174.8031496062992" VPOS="2420.472440944882" HPOS="444.09448818897636" CONTENT="on" ID="tl_30_2" STYLEREFS="FONT0"/>
            <SP HEIGHT="51.968503937007874" WIDTH="28.346456692913385" VPOS="2420.472440944882" HPOS="617.3228346456693"/>
            <String HEIGHT="51.968503937007874" WIDTH="522.8346456692914" VPOS="2420.472440944882" HPOS="502.3622047244094" CONTENT="t’assassinerait." ID="tl_30_3" STYLEREFS="FONT0"/>
          </TextLine>
        </TextBlock>
        <TextBlock ID="r_3_10" HEIGHT="58.267716535433074" WIDTH="1064.5669291338584" VPOS="2503.9370078740158" HPOS="393.7007874015748">
          <TextLine ID="tl_31" BASELINE="1626" HEIGHT="55.118110236220474" WIDTH="1061.4173228346456" VPOS="2505.511811023622" HPOS="395.2755905511811">
            <String HEIGHT="55.118110236220474" WIDTH="414.1732283464567" VPOS="2505.511811023622" HPOS="370.0787401574803" CONTENT="Chartier," ID="tl_31_1" STYLEREFS="FONT2"/>
            <SP HEIGHT="55.118110236220474" WIDTH="25.19685039370079" VPOS="2505.511811023622" HPOS="784.2519685039371"/>
            <String HEIGHT="55.118110236220474" WIDTH="337.00787401574803" VPOS="2505.511811023622" HPOS="705.511811023622" CONTENT="d’Antoine" ID="tl_31_2" STYLEREFS="FONT2"/>
            <SP HEIGHT="55.118110236220474" WIDTH="25.19685039370079" VPOS="2505.511811023622" HPOS="1042.5196850393702"/>
            <String HEIGHT="55.118110236220474" WIDTH="285.03937007874015" VPOS="2505.511811023622" HPOS="965.3543307086615" CONTENT="heureux" ID="tl_31_3" STYLEREFS="FONT2"/>
            <SP HEIGHT="55.118110236220474" WIDTH="25.19685039370079" VPOS="2505.511811023622" HPOS="1248.8188976377953"/>
            <String HEIGHT="55.118110236220474" WIDTH="310.23622047244095" VPOS="2505.511811023622" HPOS="1146.4566929133857" CONTENT="époux;" ID="tl_31_4" STYLEREFS="FONT2"/>
          </TextLine>
        </TextBlock>
        <TextBlock ID="r_3_11" HEIGHT="58.267716535433074" WIDTH="881.8897637795276" VPOS="2560.6299212598424" HPOS="393.7007874015748">
          <TextLine ID="tl_32" BASELINE="1662" HEIGHT="55.118110236220474" WIDTH="878.7401574803149" VPOS="2562.2047244094488" HPOS="395.2755905511811">
            <String HEIGHT="55.118110236220474" WIDTH="335.43307086614175" VPOS="2562.2047244094488" HPOS="370.0787401574803" CONTENT="Pardon" ID="tl_32_1" STYLEREFS="FONT2"/>
            <SP HEIGHT="55.118110236220474" WIDTH="25.19685039370079" VPOS="2562.2047244094488" HPOS="705.511811023622"/>
            <String HEIGHT="55.118110236220474" WIDTH="206.29921259842519" VPOS="2562.2047244094488" HPOS="628.3464566929134" CONTENT="pour" ID="tl_32_2" STYLEREFS="FONT2"/>
            <SP HEIGHT="55.118110236220474" WIDTH="25.19685039370079" VPOS="2562.2047244094488" HPOS="834.6456692913385"/>
            <String HEIGHT="55.118110236220474" WIDTH="154.33070866141733" VPOS="2562.2047244094488" HPOS="757.4803149606299" CONTENT="ma" ID="tl_32_3" STYLEREFS="FONT2"/>
            <SP HEIGHT="55.118110236220474" WIDTH="25.19685039370079" VPOS="2562.2047244094488" HPOS="911.8110236220473"/>
            <String HEIGHT="55.118110236220474" WIDTH="206.29921259842519" VPOS="2562.2047244094488" HPOS="834.6456692913385" CONTENT="muse" ID="tl_32_4" STYLEREFS="FONT2"/>
            <SP HEIGHT="55.118110236220474" WIDTH="25.19685039370079" VPOS="2562.2047244094488" HPOS="1040.9448818897638"/>
            <String HEIGHT="55.118110236220474" WIDTH="335.43307086614175" VPOS="2562.2047244094488" HPOS="938.5826771653543" CONTENT="falotte" ID="tl_32_5" STYLEREFS="FONT2"/>
          </TextLine>
        </TextBlock>
        <TextBlock ID="r_3_12" HEIGHT="58.267716535433074" WIDTH="949.6062992125984" VPOS="2617.3228346456694" HPOS="393.7007874015748">
          <TextLine ID="tl_33" BASELINE="1698" HEIGHT="55.118110236220474" WIDTH="946.4566929133858" VPOS="2618.8976377952754" HPOS="395.2755905511811">
            <String HEIGHT="55.118110236220474" WIDTH="229.92125984251967" VPOS="2618.8976377952754" HPOS="370.0787401574803" CONTENT="Et" ID="tl_33_1" STYLEREFS="FONT2"/>
            <SP HEIGHT="55.118110236220474" WIDTH="25.19685039370079" VPOS="2618.8976377952754" HPOS="600.0"/>
            <String HEIGHT="55.118110236220474" WIDTH="152.75590551181102" VPOS="2618.8976377952754" HPOS="522.8346456692914" CONTENT="ne" ID="tl_33_2" STYLEREFS="FONT2"/>
            <SP HEIGHT="55.118110236220474" WIDTH="25.19685039370079" VPOS="2618.8976377952754" HPOS="677.1653543307086"/>
            <String HEIGHT="55.118110236220474" WIDTH="204.7244094488189" VPOS="2618.8976377952754" HPOS="600.0" CONTENT="vous" ID="tl_33_3" STYLEREFS="FONT2"/>
            <SP HEIGHT="55.118110236220474" WIDTH="25.19685039370079" VPOS="2618.8976377952754" HPOS="804.7244094488188"/>
            <String HEIGHT="55.118110236220474" WIDTH="152.75590551181102" VPOS="2618.8976377952754" HPOS="727.5590551181102" CONTENT="en" ID="tl_33_4" STYLEREFS="FONT2"/>
            <SP HEIGHT="55.118110236220474" WIDTH="25.19685039370079" VPOS="2618.8976377952754" HPOS="881.8897637795276"/>
            <String HEIGHT="55.118110236220474" WIDTH="255.11811023622047" VPOS="2618.8976377952754" HPOS="804.7244094488188" CONTENT="prenez" ID="tl_33_5" STYLEREFS="FONT2"/>
            <SP HEIGHT="55.118110236220474" WIDTH="25.19685039370079" VPOS="2618.8976377952754" HPOS="1059.8425196850394"/>
            <String HEIGHT="55.118110236220474" WIDTH="204.7244094488189" VPOS="2618.8976377952754" HPOS="984.2519685039371" CONTENT="qu’à" ID="tl_33_6" STYLEREFS="FONT2"/>
            <SP HEIGHT="55.118110236220474" WIDTH="25.19685039370079" VPOS="2618.8976377952754" HPOS="1188.976377952756"/>
            <String HEIGHT="55.118110236220474" WIDTH="255.11811023622047" VPOS="2618.8976377952754" HPOS="1086.6141732283465" CONTENT="vous" ID="tl_33_7" STYLEREFS="FONT2"/>
          </TextLine>
        </TextBlock>
        <TextBlock ID="r_3_13" HEIGHT="56.69291338582677" WIDTH="711.8110236220473" VPOS="2674.015748031496" HPOS="388.9763779527559">
          <TextLine ID="tl_34" BASELINE="1733" HEIGHT="53.54330708661417" WIDTH="708.6614173228346" VPOS="2675.5905511811025" HPOS="390.5511811023622">
            <String HEIGHT="53.54330708661417" WIDTH="193.70078740157481" VPOS="2675.5905511811025" HPOS="368.503937007874" CONTENT="Si" ID="tl_34_1" STYLEREFS="FONT2"/>
            <SP HEIGHT="53.54330708661417" WIDTH="22.04724409448819" VPOS="2675.5905511811025" HPOS="562.2047244094488"/>
            <String HEIGHT="53.54330708661417" WIDTH="129.13385826771653" VPOS="2675.5905511811025" HPOS="497.6377952755906" CONTENT="je" ID="tl_34_2" STYLEREFS="FONT2"/>
            <SP HEIGHT="53.54330708661417" WIDTH="22.04724409448819" VPOS="2675.5905511811025" HPOS="626.7716535433071"/>
            <String HEIGHT="53.54330708661417" WIDTH="236.2204724409449" VPOS="2675.5905511811025" HPOS="562.2047244094488" CONTENT="cultive" ID="tl_34_3" STYLEREFS="FONT2"/>
            <SP HEIGHT="53.54330708661417" WIDTH="22.04724409448819" VPOS="2675.5905511811025" HPOS="798.4251968503937"/>
            <String HEIGHT="53.54330708661417" WIDTH="129.13385826771653" VPOS="2675.5905511811025" HPOS="733.8582677165355" CONTENT="la" ID="tl_34_4" STYLEREFS="FONT2"/>
            <SP HEIGHT="53.54330708661417" WIDTH="22.04724409448819" VPOS="2675.5905511811025" HPOS="862.992125984252"/>
            <String HEIGHT="53.54330708661417" WIDTH="322.8346456692913" VPOS="2675.5905511811025" HPOS="776.3779527559055" CONTENT="carotte.»" ID="tl_34_5" STYLEREFS="FONT2"/>
          </TextLine>
        </TextBlock>
        <TextBlock ID="r_3_14" HEIGHT="228.3464566929134" WIDTH="1351.1811023622047" VPOS="2774.803149606299" HPOS="187.4015748031496">
          <TextLine ID="tl_35" BASELINE="1810" HEIGHT="74.01574803149606" WIDTH="1348.0314960629921" VPOS="2776.3779527559054" HPOS="188.9763779527559">
            <String HEIGHT="74.01574803149606" WIDTH="256.6929133858268" VPOS="2776.3779527559054" HPOS="157.48031496062993" CONTENT="4234" ID="tl_35_1" STYLEREFS="FONT0"/>
            <SP HEIGHT="74.01574803149606" WIDTH="31.496062992125985" VPOS="2776.3779527559054" HPOS="414.1732283464567"/>
            <String HEIGHT="74.01574803149606" WIDTH="544.8818897637796" VPOS="2776.3779527559054" HPOS="318.1102362204724" CONTENT="BÉDIER" ID="tl_35_2" STYLEREFS="FONT1"/>
            <SP HEIGHT="74.01574803149606" WIDTH="31.496062992125985" VPOS="2776.3779527559054" HPOS="862.992125984252"/>
            <String HEIGHT="74.01574803149606" WIDTH="417.3228346456693" VPOS="2776.3779527559054" HPOS="766.9291338582677" CONTENT="(Joseph)," ID="tl_35_3" STYLEREFS="FONT0"/>
            <SP HEIGHT="74.01574803149606" WIDTH="31.496062992125985" VPOS="2776.3779527559054" HPOS="1184.251968503937"/>
            <String HEIGHT="74.01574803149606" WIDTH="288.18897637795277" VPOS="2776.3779527559054" HPOS="1088.1889763779527" CONTENT="homme" ID="tl_35_4" STYLEREFS="FONT0"/>
            <SP HEIGHT="74.01574803149606" WIDTH="31.496062992125985" VPOS="2776.3779527559054" HPOS="1376.3779527559054"/>
            <String HEIGHT="74.01574803149606" WIDTH="192.1259842519685" VPOS="2776.3779527559054" HPOS="1280.3149606299212" CONTENT="de" ID="tl_35_5" STYLEREFS="FONT0"/>
            <SP HEIGHT="74.01574803149606" WIDTH="31.496062992125985" VPOS="2776.3779527559054" HPOS="1472.4409448818897"/>
            <String HEIGHT="74.01574803149606" WIDTH="192.1259842519685" VPOS="2776.3779527559054" HPOS="1344.8818897637796" CONTENT="let" SUBS_TYPE="HypPart1" SUBS_CONTENT="lettres." ID="tl_35_6" STYLEREFS="FONT0"/>
            <HYP CONTENT="-"/>
          </TextLine>
          <TextLine ID="tl_36" BASELINE="1858" HEIGHT="62.99212598425197" WIDTH="1275.5905511811025" VPOS="2862.9921259842517" HPOS="261.4173228346457">
            <String HEIGHT="62.99212598425197" WIDTH="302.3622047244094" VPOS="2862.9921259842517" HPOS="228.3464566929134" CONTENT="tres." SUBS_TYPE="HypPart2" SUBS_CONTENT="lettres." ID="tl_36_1" STYLEREFS="FONT0"/>
            <SP HEIGHT="62.99212598425197" WIDTH="33.07086614173228" VPOS="2862.9921259842517" HPOS="530.7086614173228"/>
            <String HEIGHT="62.99212598425197" WIDTH="168.50393700787401" VPOS="2862.9921259842517" HPOS="429.9212598425197" CONTENT="—" ID="tl_36_2" STYLEREFS="FONT0"/>
            <SP HEIGHT="62.99212598425197" WIDTH="33.07086614173228" VPOS="2862.9921259842517" HPOS="596.8503937007874"/>
            <String HEIGHT="62.99212598425197" WIDTH="302.3622047244094" VPOS="2862.9921259842517" HPOS="496.06299212598424" CONTENT="Pièce" ID="tl_36_3" STYLEREFS="FONT0"/>
            <SP HEIGHT="62.99212598425197" WIDTH="33.07086614173228" VPOS="2862.9921259842517" HPOS="798.4251968503937"/>
            <String HEIGHT="62.99212598425197" WIDTH="201.5748031496063" VPOS="2862.9921259842517" HPOS="697.6377952755905" CONTENT="a." ID="tl_36_4" STYLEREFS="FONT0"/>
            <SP HEIGHT="62.99212598425197" WIDTH="33.07086614173228" VPOS="2862.9921259842517" HPOS="899.2125984251968"/>
            <String HEIGHT="62.99212598425197" WIDTH="201.5748031496063" VPOS="2862.9921259842517" HPOS="798.4251968503937" CONTENT="s." ID="tl_36_5" STYLEREFS="FONT0"/>
            <SP HEIGHT="62.99212598425197" WIDTH="33.07086614173228" VPOS="2862.9921259842517" HPOS="1000.0"/>
            <String HEIGHT="62.99212598425197" WIDTH="234.64566929133858" VPOS="2862.9921259842517" HPOS="899.2125984251968" CONTENT="1/2" ID="tl_36_6" STYLEREFS="FONT0"/>
            <SP HEIGHT="62.99212598425197" WIDTH="33.07086614173228" VPOS="2862.9921259842517" HPOS="1133.8582677165355"/>
            <String HEIGHT="62.99212598425197" WIDTH="201.5748031496063" VPOS="2862.9921259842517" HPOS="1033.0708661417323" CONTENT="p." ID="tl_36_7" STYLEREFS="FONT0"/>
            <SP HEIGHT="62.99212598425197" WIDTH="33.07086614173228" VPOS="2862.9921259842517" HPOS="1234.6456692913387"/>
            <String HEIGHT="62.99212598425197" WIDTH="302.3622047244094" VPOS="2862.9921259842517" HPOS="1133.8582677165355" CONTENT="in-8," ID="tl_36_8" STYLEREFS="FONT0"/>
            <SP HEIGHT="62.99212598425197" WIDTH="33.07086614173228" VPOS="2862.9921259842517" HPOS="1436.2204724409448"/>
            <String HEIGHT="62.99212598425197" WIDTH="168.50393700787401" VPOS="2862.9921259842517" HPOS="1335.4330708661416" CONTENT="à" ID="tl_36_9" STYLEREFS="FONT0"/>
            <SP HEIGHT="62.99212598425197" WIDTH="33.07086614173228" VPOS="2862.9921259842517" HPOS="1503.9370078740158"/>
            <String HEIGHT="62.99212598425197" WIDTH="168.50393700787401" VPOS="2862.9921259842517" HPOS="1368.5039370078741" CONTENT="en" SUBS_TYPE="HypPart1" SUBS_CONTENT="entête" ID="tl_36_10" STYLEREFS="FONT0"/>
            <HYP CONTENT="-"/>
          </TextLine>
          <TextLine ID="tl_37" BASELINE="1906" HEIGHT="66.14173228346456" WIDTH="1270.8661417322835" VPOS="2935.433070866142" HPOS="262.99212598425197">
            <String HEIGHT="66.14173228346456" WIDTH="236.2204724409449" VPOS="2935.433070866142" HPOS="233.0708661417323" CONTENT="tête" SUBS_TYPE="HypPart2" SUBS_CONTENT="entête" ID="tl_37_1" STYLEREFS="FONT0"/>
            <SP HEIGHT="66.14173228346456" WIDTH="29.921259842519685" VPOS="2935.433070866142" HPOS="469.29133858267716"/>
            <String HEIGHT="66.14173228346456" WIDTH="177.95275590551182" VPOS="2935.433070866142" HPOS="381.1023622047244" CONTENT="de" ID="tl_37_2" STYLEREFS="FONT0"/>
            <SP HEIGHT="66.14173228346456" WIDTH="29.921259842519685" VPOS="2935.433070866142" HPOS="559.0551181102362"/>
            <String HEIGHT="66.14173228346456" WIDTH="502.3622047244094" VPOS="2935.433070866142" HPOS="469.29133858267716" CONTENT="L'Académie" ID="tl_37_3" STYLEREFS="FONT2"/>
            <SP HEIGHT="66.14173228346456" WIDTH="29.921259842519685" VPOS="2935.433070866142" HPOS="971.6535433070866"/>
            <String HEIGHT="66.14173228346456" WIDTH="532.2834645669292" VPOS="2935.433070866142" HPOS="883.4645669291339" CONTENT="Française." ID="tl_37_4" STYLEREFS="FONT2"/>
            <SP HEIGHT="66.14173228346456" WIDTH="29.921259842519685" VPOS="2935.433070866142" HPOS="1415.748031496063"/>
            <String HEIGHT="66.14173228346456" WIDTH="177.95275590551182" VPOS="2935.433070866142" HPOS="1327.5590551181103" CONTENT="18" ID="tl_37_5" STYLEREFS="FONT0"/>
            <SP HEIGHT="66.14173228346456" WIDTH="29.921259842519685" VPOS="2935.433070866142" HPOS="1503.9370078740158"/>
            <String HEIGHT="66.14173228346456" WIDTH="148.03149606299212" VPOS="2935.433070866142" HPOS="1385.8267716535433" CONTENT="fr." ID="tl_37_6" STYLEREFS="FONT0"/>
          </TextLine>
        </TextBlock>
        <TextBlock ID="r_3_15" HEIGHT="58.267716535433074" WIDTH="674.0157480314961" VPOS="3031.496062992126" HPOS="390.5511811023622">
          <TextLine ID="tl_38" BASELINE="1961" HEIGHT="55.118110236220474" WIDTH="670.8661417322835" VPOS="3033.0708661417325" HPOS="392.12598425196853">
            <String HEIGHT="55.118110236220474" WIDTH="223.6220472440945" VPOS="3033.0708661417325" HPOS="360.62992125984255" CONTENT="«Li" ID="tl_38_1" STYLEREFS="FONT0"/>
            <SP HEIGHT="55.118110236220474" WIDTH="31.496062992125985" VPOS="3033.0708661417325" HPOS="584.2519685039371"/>
            <String HEIGHT="55.118110236220474" WIDTH="288.18897637795277" VPOS="3033.0708661417325" HPOS="488.18897637795277" CONTENT="temps" ID="tl_38_2" STYLEREFS="FONT0"/>
            <SP HEIGHT="55.118110236220474" WIDTH="31.496062992125985" VPOS="3033.0708661417325" HPOS="774.8031496062993"/>
            <String HEIGHT="55.118110236220474" WIDTH="255.11811023622047" VPOS="3033.0708661417325" HPOS="680.3149606299213" CONTENT="s’en" ID="tl_38_3" STYLEREFS="FONT0"/>
            <SP HEIGHT="55.118110236220474" WIDTH="31.496062992125985" VPOS="3033.0708661417325" HPOS="935.4330708661417"/>
            <String HEIGHT="55.118110236220474" WIDTH="255.11811023622047" VPOS="3033.0708661417325" HPOS="807.8740157480315" CONTENT="vient," ID="tl_38_4" STYLEREFS="FONT0"/>
          </TextLine>
        </TextBlock>
        <TextBlock ID="r_3_16" HEIGHT="56.69291338582677" WIDTH="455.11811023622045" VPOS="3089.763779527559" HPOS="388.9763779527559">
          <TextLine ID="tl_39" BASELINE="1997" HEIGHT="53.54330708661417" WIDTH="451.9685039370079" VPOS="3091.3385826771655" HPOS="390.5511811023622">
            <String HEIGHT="53.54330708661417" WIDTH="181.10236220472441" VPOS="3091.3385826771655" HPOS="360.62992125984255" CONTENT="Je" ID="tl_39_1" STYLEREFS="FONT0"/>
            <SP HEIGHT="53.54330708661417" WIDTH="29.921259842519685" VPOS="3091.3385826771655" HPOS="541.7322834645669"/>
            <String HEIGHT="53.54330708661417" WIDTH="181.10236220472441" VPOS="3091.3385826771655" HPOS="450.3937007874016" CONTENT="ne" ID="tl_39_2" STYLEREFS="FONT0"/>
            <SP HEIGHT="53.54330708661417" WIDTH="29.921259842519685" VPOS="3091.3385826771655" HPOS="631.496062992126"/>
            <String HEIGHT="53.54330708661417" WIDTH="240.9448818897638" VPOS="3091.3385826771655" HPOS="541.7322834645669" CONTENT="fais" ID="tl_39_3" STYLEREFS="FONT0"/>
            <SP HEIGHT="53.54330708661417" WIDTH="29.921259842519685" VPOS="3091.3385826771655" HPOS="782.6771653543307"/>
            <String HEIGHT="53.54330708661417" WIDTH="181.10236220472441" VPOS="3091.3385826771655" HPOS="661.4173228346457" CONTENT="rien" ID="tl_39_4" STYLEREFS="FONT0"/>
          </TextLine>
        </TextBlock>
        <TextBlock ID="r_3_17" HEIGHT="58.267716535433074" WIDTH="544.8818897637796" VPOS="3144.8818897637793" HPOS="390.5511811023622">
          <TextLine ID="tl_40" BASELINE="2033" HEIGHT="55.118110236220474" WIDTH="541.7322834645669" VPOS="3146.4566929133857" HPOS="392.12598425196853">
            <String HEIGHT="55.118110236220474" WIDTH="181.10236220472441" VPOS="3146.4566929133857" HPOS="362.20472440944883" CONTENT="Li" ID="tl_40_1" STYLEREFS="FONT0"/>
            <SP HEIGHT="55.118110236220474" WIDTH="29.921259842519685" VPOS="3146.4566929133857" HPOS="543.3070866141733"/>
            <String HEIGHT="55.118110236220474" WIDTH="270.86614173228344" VPOS="3146.4566929133857" HPOS="451.9685039370079" CONTENT="temps" ID="tl_40_2" STYLEREFS="FONT0"/>
            <SP HEIGHT="55.118110236220474" WIDTH="29.921259842519685" VPOS="3146.4566929133857" HPOS="722.8346456692914"/>
            <String HEIGHT="55.118110236220474" WIDTH="240.9448818897638" VPOS="3146.4566929133857" HPOS="633.0708661417323" CONTENT="s’en" ID="tl_40_3" STYLEREFS="FONT0"/>
            <SP HEIGHT="55.118110236220474" WIDTH="29.921259842519685" VPOS="3146.4566929133857" HPOS="874.0157480314961"/>
            <String HEIGHT="55.118110236220474" WIDTH="181.10236220472441" VPOS="3146.4566929133857" HPOS="752.7559055118111" CONTENT="vait" ID="tl_40_4" STYLEREFS="FONT0"/>
          </TextLine>
        </TextBlock>
        <TextBlock ID="r_3_18" HEIGHT="58.267716535433074" WIDTH="510.23622047244095" VPOS="3201.5748031496064" HPOS="388.9763779527559">
          <TextLine ID="tl_41" BASELINE="2069" HEIGHT="55.118110236220474" WIDTH="507.0866141732283" VPOS="3203.149606299213" HPOS="390.5511811023622">
            <String HEIGHT="55.118110236220474" WIDTH="168.50393700787401" VPOS="3203.149606299213" HPOS="362.20472440944883" CONTENT="Je" ID="tl_41_1" STYLEREFS="FONT0"/>
            <SP HEIGHT="55.118110236220474" WIDTH="28.346456692913385" VPOS="3203.149606299213" HPOS="530.7086614173228"/>
            <String HEIGHT="55.118110236220474" WIDTH="225.1968503937008" VPOS="3203.149606299213" HPOS="447.244094488189" CONTENT="n’ai" ID="tl_41_2" STYLEREFS="FONT0"/>
            <SP HEIGHT="55.118110236220474" WIDTH="28.346456692913385" VPOS="3203.149606299213" HPOS="672.4409448818898"/>
            <String HEIGHT="55.118110236220474" WIDTH="225.1968503937008" VPOS="3203.149606299213" HPOS="587.4015748031496" CONTENT="rien" ID="tl_41_3" STYLEREFS="FONT0"/>
            <SP HEIGHT="55.118110236220474" WIDTH="28.346456692913385" VPOS="3203.149606299213" HPOS="812.5984251968504"/>
            <String HEIGHT="55.118110236220474" WIDTH="196.8503937007874" VPOS="3203.149606299213" HPOS="700.7874015748032" CONTENT="fait." ID="tl_41_4" STYLEREFS="FONT0"/>
          </TextLine>
        </TextBlock>
        <TextBlock ID="r_3_19" HEIGHT="58.267716535433074" WIDTH="1088.1889763779527" VPOS="3277.165354330709" HPOS="388.9763779527559">
          <TextLine ID="tl_42" BASELINE="2117" HEIGHT="55.118110236220474" WIDTH="1085.0393700787401" VPOS="3278.740157480315" HPOS="390.5511811023622">
            <String HEIGHT="55.118110236220474" WIDTH="234.64566929133858" VPOS="3278.740157480315" HPOS="360.62992125984255" CONTENT="Vers" ID="tl_42_1" STYLEREFS="FONT0"/>
            <SP HEIGHT="55.118110236220474" WIDTH="29.921259842519685" VPOS="3278.740157480315" HPOS="595.2755905511812"/>
            <String HEIGHT="55.118110236220474" WIDTH="234.64566929133858" VPOS="3278.740157480315" HPOS="507.0866141732283" CONTENT="d’un" ID="tl_42_2" STYLEREFS="FONT0"/>
            <SP HEIGHT="55.118110236220474" WIDTH="29.921259842519685" VPOS="3278.740157480315" HPOS="741.7322834645669"/>
            <String HEIGHT="55.118110236220474" WIDTH="381.1023622047244" VPOS="3278.740157480315" HPOS="655.1181102362204" CONTENT="paresseux" ID="tl_42_3" STYLEREFS="FONT0"/>
            <SP HEIGHT="55.118110236220474" WIDTH="29.921259842519685" VPOS="3278.740157480315" HPOS="1036.2204724409448"/>
            <String HEIGHT="55.118110236220474" WIDTH="176.3779527559055" VPOS="3278.740157480315" HPOS="948.0314960629921" CONTENT="du" ID="tl_42_4" STYLEREFS="FONT0"/>
            <SP HEIGHT="55.118110236220474" WIDTH="29.921259842519685" VPOS="3278.740157480315" HPOS="1124.4094488188975"/>
            <String HEIGHT="55.118110236220474" WIDTH="264.56692913385825" VPOS="3278.740157480315" HPOS="1036.2204724409448" CONTENT="XIIIe" ID="tl_42_5" STYLEREFS="FONT0"/>
            <SP HEIGHT="55.118110236220474" WIDTH="29.921259842519685" VPOS="3278.740157480315" HPOS="1299.2125984251968"/>
            <String HEIGHT="55.118110236220474" WIDTH="292.9133858267717" VPOS="3278.740157480315" HPOS="1182.6771653543308" CONTENT="siècle.»" ID="tl_42_6" STYLEREFS="FONT0"/>
          </TextLine>
        </TextBlock>
        <TextBlock ID="r_3_20" HEIGHT="67.71653543307086" WIDTH="1351.1811023622047" VPOS="3387.4015748031497" HPOS="184.251968503937">
          <TextLine ID="tl_43" BASELINE="2193" HEIGHT="64.56692913385827" WIDTH="1348.0314960629921" VPOS="3388.9763779527557" HPOS="185.82677165354332">
            <String HEIGHT="64.56692913385827" WIDTH="262.99212598425197" VPOS="3388.9763779527557" HPOS="152.75590551181102" CONTENT="4235" ID="tl_43_1" STYLEREFS="FONT0"/>
            <SP HEIGHT="64.56692913385827" WIDTH="33.07086614173228" VPOS="3388.9763779527557" HPOS="415.748031496063"/>
            <String HEIGHT="64.56692913385827" WIDTH="329.13385826771656" VPOS="3388.9763779527557" HPOS="318.1102362204724" CONTENT="BEN" ID="tl_43_2" STYLEREFS="FONT1"/>
            <SP HEIGHT="64.56692913385827" WIDTH="33.07086614173228" VPOS="3388.9763779527557" HPOS="645.6692913385826"/>
            <String HEIGHT="64.56692913385827" WIDTH="459.84251968503935" VPOS="3388.9763779527557" HPOS="548.0314960629921" CONTENT="DAVIES" ID="tl_43_3" STYLEREFS="FONT1"/>
            <SP HEIGHT="64.56692913385827" WIDTH="33.07086614173228" VPOS="3388.9763779527557" HPOS="1007.8740157480315"/>
            <String HEIGHT="64.56692913385827" WIDTH="296.06299212598424" VPOS="3388.9763779527557" HPOS="908.6614173228346" CONTENT="(E.)," ID="tl_43_4" STYLEREFS="FONT0"/>
            <SP HEIGHT="64.56692913385827" WIDTH="33.07086614173228" VPOS="3388.9763779527557" HPOS="1204.724409448819"/>
            <String HEIGHT="64.56692913385827" WIDTH="395.2755905511811" VPOS="3388.9763779527557" HPOS="1107.0866141732283" CONTENT="chanteur" ID="tl_43_5" STYLEREFS="FONT0"/>
            <SP HEIGHT="64.56692913385827" WIDTH="33.07086614173228" VPOS="3388.9763779527557" HPOS="1500.7874015748032"/>
            <String HEIGHT="64.56692913385827" WIDTH="163.7795275590551" VPOS="3388.9763779527557" HPOS="1370.0787401574803" CONTENT="an" ID="tl_43_6" STYLEREFS="FONT0"/>
          </TextLine>
        </TextBlock>
        <TextBlock ID="r_3_21" HEIGHT="215.748031496063" WIDTH="1277.1653543307086" VPOS="3462.9921259842517" HPOS="258.26771653543307">
          <TextLine ID="tl_44" BASELINE="2239" HEIGHT="61.41732283464567" WIDTH="1272.4409448818897" VPOS="3464.566929133858" HPOS="261.4173228346457">
            <String HEIGHT="61.41732283464567" WIDTH="343.3070866141732" VPOS="3464.566929133858" HPOS="226.77165354330708" CONTENT="glais." ID="tl_44_1" STYLEREFS="FONT0"/>
            <SP HEIGHT="61.41732283464567" WIDTH="34.645669291338585" VPOS="3464.566929133858" HPOS="571.6535433070866"/>
            <String HEIGHT="61.41732283464567" WIDTH="171.6535433070866" VPOS="3464.566929133858" HPOS="467.7165354330709" CONTENT="—" ID="tl_44_2" STYLEREFS="FONT0"/>
            <SP HEIGHT="61.41732283464567" WIDTH="34.645669291338585" VPOS="3464.566929133858" HPOS="639.3700787401575"/>
            <String HEIGHT="61.41732283464567" WIDTH="310.23622047244095" VPOS="3464.566929133858" HPOS="537.007874015748" CONTENT="Trois" ID="tl_44_3" STYLEREFS="FONT0"/>
            <SP HEIGHT="61.41732283464567" WIDTH="34.645669291338585" VPOS="3464.566929133858" HPOS="845.6692913385826"/>
            <String HEIGHT="61.41732283464567" WIDTH="377.9527559055118" VPOS="3464.566929133858" HPOS="743.3070866141733" CONTENT="lettres" ID="tl_44_4" STYLEREFS="FONT0"/>
            <SP HEIGHT="61.41732283464567" WIDTH="34.645669291338585" VPOS="3464.566929133858" HPOS="1121.259842519685"/>
            <String HEIGHT="61.41732283464567" WIDTH="206.29921259842519" VPOS="3464.566929133858" HPOS="1017.3228346456693" CONTENT="a." ID="tl_44_5" STYLEREFS="FONT0"/>
            <SP HEIGHT="61.41732283464567" WIDTH="34.645669291338585" VPOS="3464.566929133858" HPOS="1223.6220472440946"/>
            <String HEIGHT="61.41732283464567" WIDTH="206.29921259842519" VPOS="3464.566929133858" HPOS="1121.259842519685" CONTENT="s." ID="tl_44_6" STYLEREFS="FONT0"/>
            <SP HEIGHT="61.41732283464567" WIDTH="34.645669291338585" VPOS="3464.566929133858" HPOS="1327.5590551181103"/>
            <String HEIGHT="61.41732283464567" WIDTH="171.6535433070866" VPOS="3464.566929133858" HPOS="1223.6220472440946" CONTENT="à" ID="tl_44_7" STYLEREFS="FONT0"/>
            <SP HEIGHT="61.41732283464567" WIDTH="34.645669291338585" VPOS="3464.566929133858" HPOS="1396.8503937007874"/>
            <String HEIGHT="61.41732283464567" WIDTH="275.59055118110234" VPOS="3464.566929133858" HPOS="1258.267716535433" CONTENT="Mischa" ID="tl_44_8" STYLEREFS="FONT0"/>
          </TextLine>
          <TextLine ID="tl_45" BASELINE="2288" HEIGHT="64.56692913385827" WIDTH="1270.8661417322835" VPOS="3538.582677165354" HPOS="261.4173228346457">
            <String HEIGHT="64.56692913385827" WIDTH="281.8897637795276" VPOS="3538.582677165354" HPOS="226.77165354330708" CONTENT="Léon" ID="tl_45_1" STYLEREFS="FONT0"/>
            <SP HEIGHT="64.56692913385827" WIDTH="34.645669291338585" VPOS="3538.582677165354" HPOS="508.66141732283467"/>
            <String HEIGHT="64.56692913385827" WIDTH="247.24409448818898" VPOS="3538.582677165354" HPOS="403.1496062992126" CONTENT="(en" ID="tl_45_2" STYLEREFS="FONT0"/>
            <SP HEIGHT="64.56692913385827" WIDTH="34.645669291338585" VPOS="3538.582677165354" HPOS="650.3937007874016"/>
            <String HEIGHT="64.56692913385827" WIDTH="458.26771653543307" VPOS="3538.582677165354" HPOS="543.3070866141733" CONTENT="anglais)." ID="tl_45_3" STYLEREFS="FONT0"/>
            <SP HEIGHT="64.56692913385827" WIDTH="34.645669291338585" VPOS="3538.582677165354" HPOS="1003.1496062992126"/>
            <String HEIGHT="64.56692913385827" WIDTH="423.62204724409446" VPOS="3538.582677165354" HPOS="897.6377952755905" CONTENT="Londres," ID="tl_45_4" STYLEREFS="FONT0"/>
            <SP HEIGHT="64.56692913385827" WIDTH="34.645669291338585" VPOS="3538.582677165354" HPOS="1321.259842519685"/>
            <String HEIGHT="64.56692913385827" WIDTH="352.755905511811" VPOS="3538.582677165354" HPOS="1179.5275590551182" CONTENT="1923" ID="tl_45_5" STYLEREFS="FONT0"/>
          </TextLine>
          <TextLine ID="tl_46" BASELINE="2335" HEIGHT="62.99212598425197" WIDTH="1269.291338582677" VPOS="3614.1732283464567" HPOS="259.84251968503935">
            <String HEIGHT="62.99212598425197" WIDTH="440.9448818897638" VPOS="3614.1732283464567" HPOS="204.7244094488189" CONTENT="ens." ID="tl_46_1" STYLEREFS="FONT0"/>
            <SP HEIGHT="62.99212598425197" WIDTH="55.118110236220474" VPOS="3614.1732283464567" HPOS="645.6692913385826"/>
            <String HEIGHT="62.99212598425197" WIDTH="275.59055118110234" VPOS="3614.1732283464567" HPOS="480.31496062992125" CONTENT="4" ID="tl_46_2" STYLEREFS="FONT0"/>
            <SP HEIGHT="62.99212598425197" WIDTH="55.118110236220474" VPOS="3614.1732283464567" HPOS="755.9055118110236"/>
            <String HEIGHT="62.99212598425197" WIDTH="330.70866141732284" VPOS="3614.1732283464567" HPOS="590.5511811023622" CONTENT="p." ID="tl_46_3" STYLEREFS="FONT0"/>
            <SP HEIGHT="62.99212598425197" WIDTH="55.118110236220474" VPOS="3614.1732283464567" HPOS="922.8346456692914"/>
            <String HEIGHT="62.99212598425197" WIDTH="551.1811023622047" VPOS="3614.1732283464567" HPOS="755.9055118110236" CONTENT="in-12." ID="tl_46_4" STYLEREFS="FONT0"/>
            <SP HEIGHT="62.99212598425197" WIDTH="55.118110236220474" VPOS="3614.1732283464567" HPOS="1308.6614173228347"/>
            <String HEIGHT="62.99212598425197" WIDTH="330.70866141732284" VPOS="3614.1732283464567" HPOS="1143.3070866141732" CONTENT="20" ID="tl_46_5" STYLEREFS="FONT0"/>
            <SP HEIGHT="62.99212598425197" WIDTH="55.118110236220474" VPOS="3614.1732283464567" HPOS="1474.015748031496"/>
            <String HEIGHT="62.99212598425197" WIDTH="275.59055118110234" VPOS="3614.1732283464567" HPOS="1253.5433070866143" CONTENT="fr." ID="tl_46_6" STYLEREFS="FONT0"/>
          </TextLine>
        </TextBlock>
        <TextBlock ID="r_3_22" HEIGHT="215.748031496063" WIDTH="1218.8976377952756" VPOS="3711.8110236220473" HPOS="319.68503937007875">
          <TextLine ID="tl_47" BASELINE="2388" HEIGHT="47.24409448818898" WIDTH="1146.4566929133857" VPOS="3713.3858267716537" HPOS="390.5511811023622">
            <String HEIGHT="47.24409448818898" WIDTH="360.62992125984255" VPOS="3713.3858267716537" HPOS="357.4803149606299" CONTENT="Lettres" ID="tl_47_1" STYLEREFS="FONT0"/>
            <SP HEIGHT="47.24409448818898" WIDTH="33.07086614173228" VPOS="3713.3858267716537" HPOS="718.1102362204724"/>
            <String HEIGHT="47.24409448818898" WIDTH="196.8503937007874" VPOS="3713.3858267716537" HPOS="620.4724409448819" CONTENT="de" ID="tl_47_2" STYLEREFS="FONT0"/>
            <SP HEIGHT="47.24409448818898" WIDTH="33.07086614173228" VPOS="3713.3858267716537" HPOS="815.7480314960629"/>
            <String HEIGHT="47.24409448818898" WIDTH="557.4803149606299" VPOS="3713.3858267716537" HPOS="718.1102362204724" CONTENT="remerciements" ID="tl_47_3" STYLEREFS="FONT0"/>
            <SP HEIGHT="47.24409448818898" WIDTH="33.07086614173228" VPOS="3713.3858267716537" HPOS="1275.5905511811025"/>
            <String HEIGHT="47.24409448818898" WIDTH="196.8503937007874" VPOS="3713.3858267716537" HPOS="1176.3779527559054" CONTENT="et" ID="tl_47_4" STYLEREFS="FONT0"/>
            <SP HEIGHT="47.24409448818898" WIDTH="33.07086614173228" VPOS="3713.3858267716537" HPOS="1373.2283464566929"/>
            <String HEIGHT="47.24409448818898" WIDTH="196.8503937007874" VPOS="3713.3858267716537" HPOS="1275.5905511811025" CONTENT="de" ID="tl_47_5" STYLEREFS="FONT0"/>
            <SP HEIGHT="47.24409448818898" WIDTH="33.07086614173228" VPOS="3713.3858267716537" HPOS="1470.8661417322835"/>
            <String HEIGHT="47.24409448818898" WIDTH="196.8503937007874" VPOS="3713.3858267716537" HPOS="1340.1574803149606" CONTENT="com" SUBS_TYPE="HypPart1" SUBS_CONTENT="compliments" ID="tl_47_6" STYLEREFS="FONT0"/>
            <HYP CONTENT="-"/>
          </TextLine>
          <TextLine ID="tl_48" BASELINE="2430" HEIGHT="58.267716535433074" WIDTH="1215.748031496063" VPOS="3768.503937007874" HPOS="321.25984251968504">
            <String HEIGHT="58.267716535433074" WIDTH="374.8031496062992" VPOS="3768.503937007874" HPOS="289.76377952755905" CONTENT="pliments" SUBS_TYPE="HypPart2" SUBS_CONTENT="compliments" ID="tl_48_1" STYLEREFS="FONT0"/>
            <SP HEIGHT="58.267716535433074" WIDTH="31.496062992125985" VPOS="3768.503937007874" HPOS="664.5669291338583"/>
            <String HEIGHT="58.267716535433074" WIDTH="404.7244094488189" VPOS="3768.503937007874" HPOS="570.0787401574803" CONTENT="élogieux." ID="tl_48_2" STYLEREFS="FONT0"/>
            <SP HEIGHT="58.267716535433074" WIDTH="31.496062992125985" VPOS="3768.503937007874" HPOS="976.3779527559055"/>
            <String HEIGHT="58.267716535433074" WIDTH="280.31496062992125" VPOS="3768.503937007874" HPOS="881.8897637795276" CONTENT="«J’ai" ID="tl_48_3" STYLEREFS="FONT0"/>
            <SP HEIGHT="58.267716535433074" WIDTH="31.496062992125985" VPOS="3768.503937007874" HPOS="1162.2047244094488"/>
            <String HEIGHT="58.267716535433074" WIDTH="218.89763779527559" VPOS="3768.503937007874" HPOS="1069.291338582677" CONTENT="une" ID="tl_48_4" STYLEREFS="FONT0"/>
            <SP HEIGHT="58.267716535433074" WIDTH="31.496062992125985" VPOS="3768.503937007874" HPOS="1288.1889763779527"/>
            <String HEIGHT="58.267716535433074" WIDTH="280.31496062992125" VPOS="3768.503937007874" HPOS="1193.7007874015749" CONTENT="haute" ID="tl_48_5" STYLEREFS="FONT0"/>
            <SP HEIGHT="58.267716535433074" WIDTH="31.496062992125985" VPOS="3768.503937007874" HPOS="1474.015748031496"/>
            <String HEIGHT="58.267716535433074" WIDTH="187.4015748031496" VPOS="3768.503937007874" HPOS="1349.6062992125985" CONTENT="opi" SUBS_TYPE="HypPart1" SUBS_CONTENT="opinion" ID="tl_48_6" STYLEREFS="FONT0"/>
            <HYP CONTENT="-"/>
          </TextLine>
          <TextLine ID="tl_49" BASELINE="2460" HEIGHT="48.818897637795274" WIDTH="1214.1732283464567" VPOS="3825.196850393701" HPOS="322.8346456692913">
            <String HEIGHT="48.818897637795274" WIDTH="262.99212598425197" VPOS="3825.196850393701" HPOS="289.76377952755905" CONTENT="nion" SUBS_TYPE="HypPart2" SUBS_CONTENT="opinion" ID="tl_49_1" STYLEREFS="FONT0"/>
            <SP HEIGHT="48.818897637795274" WIDTH="33.07086614173228" VPOS="3825.196850393701" HPOS="552.7559055118111"/>
            <String HEIGHT="48.818897637795274" WIDTH="196.8503937007874" VPOS="3825.196850393701" HPOS="453.54330708661416" CONTENT="de" ID="tl_49_2" STYLEREFS="FONT0"/>
            <SP HEIGHT="48.818897637795274" WIDTH="33.07086614173228" VPOS="3825.196850393701" HPOS="650.3937007874016"/>
            <String HEIGHT="48.818897637795274" WIDTH="229.92125984251967" VPOS="3825.196850393701" HPOS="552.7559055118111" CONTENT="vos" ID="tl_49_3" STYLEREFS="FONT0"/>
            <SP HEIGHT="48.818897637795274" WIDTH="33.07086614173228" VPOS="3825.196850393701" HPOS="782.6771653543307"/>
            <String HEIGHT="48.818897637795274" WIDTH="393.7007874015748" VPOS="3825.196850393701" HPOS="683.4645669291339" CONTENT="talents." ID="tl_49_4" STYLEREFS="FONT0"/>
            <SP HEIGHT="48.818897637795274" WIDTH="33.07086614173228" VPOS="3825.196850393701" HPOS="1077.1653543307086"/>
            <String HEIGHT="48.818897637795274" WIDTH="196.8503937007874" VPOS="3825.196850393701" HPOS="979.5275590551181" CONTENT="Je" ID="tl_49_5" STYLEREFS="FONT0"/>
            <SP HEIGHT="48.818897637795274" WIDTH="33.07086614173228" VPOS="3825.196850393701" HPOS="1176.3779527559054"/>
            <String HEIGHT="48.818897637795274" WIDTH="262.99212598425197" VPOS="3825.196850393701" HPOS="1077.1653543307086" CONTENT="vous" ID="tl_49_6" STYLEREFS="FONT0"/>
            <SP HEIGHT="48.818897637795274" WIDTH="33.07086614173228" VPOS="3825.196850393701" HPOS="1340.1574803149606"/>
            <String HEIGHT="48.818897637795274" WIDTH="327.5590551181102" VPOS="3825.196850393701" HPOS="1209.4488188976377" CONTENT="souhaite" ID="tl_49_7" STYLEREFS="FONT0"/>
          </TextLine>
          <TextLine ID="tl_50" BASELINE="2493" HEIGHT="44.09448818897638" WIDTH="390.5511811023622" VPOS="3881.8897637795276" HPOS="322.8346456692913">
            <String HEIGHT="44.09448818897638" WIDTH="228.3464566929134" VPOS="3881.8897637795276" HPOS="289.76377952755905" CONTENT="bon" ID="tl_50_1" STYLEREFS="FONT0"/>
            <SP HEIGHT="44.09448818897638" WIDTH="33.07086614173228" VPOS="3881.8897637795276" HPOS="518.1102362204724"/>
            <String HEIGHT="44.09448818897638" WIDTH="325.98425196850394" VPOS="3881.8897637795276" HPOS="387.40157480314963" CONTENT="succès.»" ID="tl_50_2" STYLEREFS="FONT0"/>
          </TextLine>
        </TextBlock>
        <TextBlock ID="r_3_23" HEIGHT="70.86614173228347" WIDTH="1349.6062992125985" VPOS="3981.1023622047246" HPOS="184.251968503937">
          <TextLine ID="tl_51" BASELINE="2572" HEIGHT="67.71653543307086" WIDTH="1346.4566929133857" VPOS="3982.6771653543306" HPOS="185.82677165354332">
            <String HEIGHT="67.71653543307086" WIDTH="275.59055118110234" VPOS="3982.6771653543306" HPOS="151.1811023622047" CONTENT="4236" ID="tl_51_1" STYLEREFS="FONT0"/>
            <SP HEIGHT="67.71653543307086" WIDTH="34.645669291338585" VPOS="3982.6771653543306" HPOS="426.7716535433071"/>
            <String HEIGHT="67.71653543307086" WIDTH="689.7637795275591" VPOS="3982.6771653543306" HPOS="324.40944881889766" CONTENT="BENEDETTI" ID="tl_51_2" STYLEREFS="FONT1"/>
            <SP HEIGHT="67.71653543307086" WIDTH="34.645669291338585" VPOS="3982.6771653543306" HPOS="1014.1732283464567"/>
            <String HEIGHT="67.71653543307086" WIDTH="483.46456692913387" VPOS="3982.6771653543306" HPOS="910.2362204724409" CONTENT="(Vincent)," ID="tl_51_3" STYLEREFS="FONT0"/>
            <SP HEIGHT="67.71653543307086" WIDTH="34.645669291338585" VPOS="3982.6771653543306" HPOS="1393.7007874015749"/>
            <String HEIGHT="67.71653543307086" WIDTH="275.59055118110234" VPOS="3982.6771653543306" HPOS="1256.6929133858268" CONTENT="diplo" ID="tl_51_4" STYLEREFS="FONT0"/>
          </TextLine>
        </TextBlock>
        <TextBlock ID="r_3_24" HEIGHT="141.73228346456693" WIDTH="1277.1653543307086" VPOS="4056.6929133858266" HPOS="256.6929133858268">
          <TextLine ID="tl_52" BASELINE="2618" HEIGHT="64.56692913385827" WIDTH="1272.4409448818897" VPOS="4058.267716535433" HPOS="259.84251968503935">
            <String HEIGHT="64.56692913385827" WIDTH="291.33858267716533" VPOS="4058.267716535433" HPOS="223.6220472440945" CONTENT="mate" ID="tl_52_1" STYLEREFS="FONT0"/>
            <SP HEIGHT="64.56692913385827" WIDTH="36.22047244094488" VPOS="4058.267716535433" HPOS="514.9606299212599"/>
            <String HEIGHT="64.56692913385827" WIDTH="436.2204724409449" VPOS="4058.267716535433" HPOS="404.7244094488189" CONTENT="français" ID="tl_52_2" STYLEREFS="FONT0"/>
            <SP HEIGHT="64.56692913385827" WIDTH="36.22047244094488" VPOS="4058.267716535433" HPOS="840.9448818897638"/>
            <String HEIGHT="64.56692913385827" WIDTH="581.1023622047244" VPOS="4058.267716535433" HPOS="732.2834645669292" CONTENT="(1817-1900)." ID="tl_52_3" STYLEREFS="FONT0"/>
            <SP HEIGHT="64.56692913385827" WIDTH="36.22047244094488" VPOS="4058.267716535433" HPOS="1313.3858267716535"/>
            <String HEIGHT="64.56692913385827" WIDTH="181.10236220472441" VPOS="4058.267716535433" HPOS="1204.724409448819" CONTENT="—" ID="tl_52_4" STYLEREFS="FONT0"/>
            <SP HEIGHT="64.56692913385827" WIDTH="36.22047244094488" VPOS="4058.267716535433" HPOS="1387.4015748031495"/>
            <String HEIGHT="64.56692913385827" WIDTH="291.33858267716533" VPOS="4058.267716535433" HPOS="1240.9448818897638" CONTENT="Lettre" ID="tl_52_5" STYLEREFS="FONT0"/>
          </TextLine>
          <TextLine ID="tl_53" BASELINE="2665" HEIGHT="62.99212598425197" WIDTH="1270.8661417322835" VPOS="4133.858267716535" HPOS="258.26771653543307">
            <String HEIGHT="62.99212598425197" WIDTH="206.29921259842519" VPOS="4133.858267716535" HPOS="223.6220472440945" CONTENT="a." ID="tl_53_1" STYLEREFS="FONT0"/>
            <SP HEIGHT="62.99212598425197" WIDTH="34.645669291338585" VPOS="4133.858267716535" HPOS="429.9212598425197"/>
            <String HEIGHT="62.99212598425197" WIDTH="240.9448818897638" VPOS="4133.858267716535" HPOS="327.5590551181102" CONTENT="s.," ID="tl_53_2" STYLEREFS="FONT0"/>
            <SP HEIGHT="62.99212598425197" WIDTH="34.645669291338585" VPOS="4133.858267716535" HPOS="566.9291338582677"/>
            <String HEIGHT="62.99212598425197" WIDTH="343.3070866141732" VPOS="4133.858267716535" HPOS="464.56692913385825" CONTENT="Paris," ID="tl_53_3" STYLEREFS="FONT0"/>
            <SP HEIGHT="62.99212598425197" WIDTH="34.645669291338585" VPOS="4133.858267716535" HPOS="807.8740157480315"/>
            <String HEIGHT="62.99212598425197" WIDTH="308.66141732283467" VPOS="4133.858267716535" HPOS="705.511811023622" CONTENT="1859," ID="tl_53_4" STYLEREFS="FONT0"/>
            <SP HEIGHT="62.99212598425197" WIDTH="34.645669291338585" VPOS="4133.858267716535" HPOS="1014.1732283464567"/>
            <String HEIGHT="62.99212598425197" WIDTH="171.6535433070866" VPOS="4133.858267716535" HPOS="910.2362204724409" CONTENT="3" ID="tl_53_5" STYLEREFS="FONT0"/>
            <SP HEIGHT="62.99212598425197" WIDTH="34.645669291338585" VPOS="4133.858267716535" HPOS="1081.8897637795276"/>
            <String HEIGHT="62.99212598425197" WIDTH="206.29921259842519" VPOS="4133.858267716535" HPOS="979.5275590551181" CONTENT="p." ID="tl_53_6" STYLEREFS="FONT0"/>
            <SP HEIGHT="62.99212598425197" WIDTH="34.645669291338585" VPOS="4133.858267716535" HPOS="1185.8267716535433"/>
            <String HEIGHT="62.99212598425197" WIDTH="308.66141732283467" VPOS="4133.858267716535" HPOS="1081.8897637795276" CONTENT="in-8." ID="tl_53_7" STYLEREFS="FONT0"/>
            <SP HEIGHT="62.99212598425197" WIDTH="34.645669291338585" VPOS="4133.858267716535" HPOS="1392.1259842519685"/>
            <String HEIGHT="62.99212598425197" WIDTH="206.29921259842519" VPOS="4133.858267716535" HPOS="1288.1889763779527" CONTENT="20" ID="tl_53_8" STYLEREFS="FONT0"/>
            <SP HEIGHT="62.99212598425197" WIDTH="34.645669291338585" VPOS="4133.858267716535" HPOS="1494.4881889763778"/>
            <String HEIGHT="62.99212598425197" WIDTH="171.6535433070866" VPOS="4133.858267716535" HPOS="1357.4803149606298" CONTENT="fr." ID="tl_53_9" STYLEREFS="FONT0"/>
          </TextLine>
        </TextBlock>
        <TextBlock ID="r_3_25" HEIGHT="176.3779527559055" WIDTH="1218.8976377952756" VPOS="4228.346456692913" HPOS="318.1102362204724">
          <TextLine ID="tl_54" BASELINE="2721" HEIGHT="55.118110236220474" WIDTH="1148.0314960629921" VPOS="4229.921259842519" HPOS="387.40157480314963">
            <String HEIGHT="55.118110236220474" WIDTH="666.1417322834645" VPOS="4229.921259842519" HPOS="349.6062992125984" CONTENT="Recommandation" ID="tl_54_1" STYLEREFS="FONT0"/>
            <SP HEIGHT="55.118110236220474" WIDTH="37.79527559055118" VPOS="4229.921259842519" HPOS="1017.3228346456693"/>
            <String HEIGHT="55.118110236220474" WIDTH="370.0787401574803" VPOS="4229.921259842519" HPOS="905.511811023622" CONTENT="auprès" ID="tl_54_2" STYLEREFS="FONT0"/>
            <SP HEIGHT="55.118110236220474" WIDTH="37.79527559055118" VPOS="4229.921259842519" HPOS="1275.5905511811025"/>
            <String HEIGHT="55.118110236220474" WIDTH="222.04724409448818" VPOS="4229.921259842519" HPOS="1165.3543307086613" CONTENT="du" ID="tl_54_3" STYLEREFS="FONT0"/>
            <SP HEIGHT="55.118110236220474" WIDTH="37.79527559055118" VPOS="4229.921259842519" HPOS="1387.4015748031495"/>
            <String HEIGHT="55.118110236220474" WIDTH="296.06299212598424" VPOS="4229.921259842519" HPOS="1239.3700787401574" CONTENT="Secré" SUBS_TYPE="HypPart1" SUBS_CONTENT="Secrétaire" ID="tl_54_4" STYLEREFS="FONT0"/>
            <HYP CONTENT="-"/>
          </TextLine>
          <TextLine ID="tl_55" BASELINE="2760" HEIGHT="59.84251968503937" WIDTH="1212.5984251968505" VPOS="4286.614173228347" HPOS="321.25984251968504">
            <String HEIGHT="59.84251968503937" WIDTH="280.31496062992125" VPOS="4286.614173228347" HPOS="289.76377952755905" CONTENT="taire" SUBS_TYPE="HypPart2" SUBS_CONTENT="Secrétaire" ID="tl_55_1" STYLEREFS="FONT0"/>
            <SP HEIGHT="59.84251968503937" WIDTH="31.496062992125985" VPOS="4286.614173228347" HPOS="570.0787401574803"/>
            <String HEIGHT="59.84251968503937" WIDTH="341.73228346456693" VPOS="4286.614173228347" HPOS="477.1653543307087" CONTENT="général" ID="tl_55_2" STYLEREFS="FONT0"/>
            <SP HEIGHT="59.84251968503937" WIDTH="31.496062992125985" VPOS="4286.614173228347" HPOS="818.8976377952756"/>
            <String HEIGHT="59.84251968503937" WIDTH="185.82677165354332" VPOS="4286.614173228347" HPOS="725.9842519685039" CONTENT="de" ID="tl_55_3" STYLEREFS="FONT0"/>
            <SP HEIGHT="59.84251968503937" WIDTH="31.496062992125985" VPOS="4286.614173228347" HPOS="911.8110236220473"/>
            <String HEIGHT="59.84251968503937" WIDTH="529.1338582677165" VPOS="4286.614173228347" HPOS="818.8976377952756" CONTENT="l’Instruction" ID="tl_55_4" STYLEREFS="FONT0"/>
            <SP HEIGHT="59.84251968503937" WIDTH="31.496062992125985" VPOS="4286.614173228347" HPOS="1348.0314960629921"/>
            <String HEIGHT="59.84251968503937" WIDTH="310.23622047244095" VPOS="4286.614173228347" HPOS="1223.6220472440946" CONTENT="Publique" ID="tl_55_5" STYLEREFS="FONT0"/>
          </TextLine>
          <TextLine ID="tl_56" BASELINE="2796" HEIGHT="59.84251968503937" WIDTH="1211.023622047244" VPOS="4343.307086614173" HPOS="319.68503937007875">
            <String HEIGHT="59.84251968503937" WIDTH="269.29133858267716" VPOS="4343.307086614173" HPOS="286.61417322834643" CONTENT="pour" ID="tl_56_1" STYLEREFS="FONT0"/>
            <SP HEIGHT="59.84251968503937" WIDTH="33.07086614173228" VPOS="4343.307086614173" HPOS="555.9055118110236"/>
            <String HEIGHT="59.84251968503937" WIDTH="269.29133858267716" VPOS="4343.307086614173" HPOS="453.54330708661416" CONTENT="Mlle" ID="tl_56_2" STYLEREFS="FONT0"/>
            <SP HEIGHT="59.84251968503937" WIDTH="33.07086614173228" VPOS="4343.307086614173" HPOS="722.8346456692914"/>
            <String HEIGHT="59.84251968503937" WIDTH="370.0787401574803" VPOS="4343.307086614173" HPOS="622.0472440944882" CONTENT="Thérèse" ID="tl_56_3" STYLEREFS="FONT0"/>
            <SP HEIGHT="59.84251968503937" WIDTH="33.07086614173228" VPOS="4343.307086614173" HPOS="992.1259842519685"/>
            <String HEIGHT="59.84251968503937" WIDTH="672.4409448818898" VPOS="4343.307086614173" HPOS="858.2677165354331" CONTENT="Lattalier" ID="tl_56_4" STYLEREFS="FONT0"/>
          </TextLine>
        </TextBlock>
        <TextBlock ID="r_3_26" HEIGHT="67.71653543307086" WIDTH="1351.1811023622047" VPOS="4439.370078740158" HPOS="181.10236220472441">
          <TextLine ID="tl_57" BASELINE="2861" HEIGHT="64.56692913385827" WIDTH="1348.0314960629921" VPOS="4440.944881889764" HPOS="182.6771653543307">
            <String HEIGHT="64.56692913385827" WIDTH="262.99212598425197" VPOS="4440.944881889764" HPOS="149.60629921259843" CONTENT="4237" ID="tl_57_1" STYLEREFS="FONT0"/>
            <SP HEIGHT="64.56692913385827" WIDTH="33.07086614173228" VPOS="4440.944881889764" HPOS="412.59842519685037"/>
            <String HEIGHT="64.56692913385827" WIDTH="559.0551181102362" VPOS="4440.944881889764" HPOS="314.96062992125985" CONTENT="BENOIT" ID="tl_57_2" STYLEREFS="FONT1"/>
            <SP HEIGHT="64.56692913385827" WIDTH="33.07086614173228" VPOS="4440.944881889764" HPOS="872.4409448818898"/>
            <String HEIGHT="64.56692913385827" WIDTH="426.7716535433071" VPOS="4440.944881889764" HPOS="774.8031496062993" CONTENT="(Pierre)," ID="tl_57_3" STYLEREFS="FONT0"/>
            <SP HEIGHT="64.56692913385827" WIDTH="33.07086614173228" VPOS="4440.944881889764" HPOS="1201.5748031496064"/>
            <String HEIGHT="64.56692913385827" WIDTH="459.84251968503935" VPOS="4440.944881889764" HPOS="1103.9370078740158" CONTENT="romancier." ID="tl_57_4" STYLEREFS="FONT0"/>
            <SP HEIGHT="64.56692913385827" WIDTH="33.07086614173228" VPOS="4440.944881889764" HPOS="1563.7795275590552"/>
            <String HEIGHT="64.56692913385827" WIDTH="99.21259842519684" VPOS="4440.944881889764" HPOS="1431.4960629921259" CONTENT="—" ID="tl_57_5" STYLEREFS="FONT0"/>
          </TextLine>
        </TextBlock>
        <TextBlock ID="r_3_27" HEIGHT="135.43307086614172" WIDTH="1272.4409448818897" VPOS="4514.96062992126" HPOS="256.6929133858268">
          <TextLine ID="tl_58" BASELINE="2911" HEIGHT="67.71653543307086" WIDTH="1269.291338582677" VPOS="4516.535433070866" HPOS="258.26771653543307">
            <String HEIGHT="67.71653543307086" WIDTH="310.23622047244095" VPOS="4516.535433070866" HPOS="226.77165354330708" CONTENT="Lettre" ID="tl_58_1" STYLEREFS="FONT0"/>
            <SP HEIGHT="67.71653543307086" WIDTH="31.496062992125985" VPOS="4516.535433070866" HPOS="537.007874015748"/>
            <String HEIGHT="67.71653543307086" WIDTH="185.82677165354332" VPOS="4516.535433070866" HPOS="444.09448818897636" CONTENT="a." ID="tl_58_2" STYLEREFS="FONT0"/>
            <SP HEIGHT="67.71653543307086" WIDTH="31.496062992125985" VPOS="4516.535433070866" HPOS="629.9212598425197"/>
            <String HEIGHT="67.71653543307086" WIDTH="185.82677165354332" VPOS="4516.535433070866" HPOS="537.007874015748" CONTENT="s." ID="tl_58_3" STYLEREFS="FONT0"/>
            <SP HEIGHT="67.71653543307086" WIDTH="31.496062992125985" VPOS="4516.535433070866" HPOS="722.8346456692914"/>
            <String HEIGHT="67.71653543307086" WIDTH="464.56692913385825" VPOS="4516.535433070866" HPOS="629.9212598425197" CONTENT="Alexandrie," ID="tl_58_4" STYLEREFS="FONT0"/>
            <SP HEIGHT="67.71653543307086" WIDTH="31.496062992125985" VPOS="4516.535433070866" HPOS="1094.4881889763778"/>
            <String HEIGHT="67.71653543307086" WIDTH="185.82677165354332" VPOS="4516.535433070866" HPOS="1001.5748031496063" CONTENT="s." ID="tl_58_5" STYLEREFS="FONT0"/>
            <SP HEIGHT="67.71653543307086" WIDTH="31.496062992125985" VPOS="4516.535433070866" HPOS="1187.4015748031495"/>
            <String HEIGHT="67.71653543307086" WIDTH="185.82677165354332" VPOS="4516.535433070866" HPOS="1094.4881889763778" CONTENT="d." ID="tl_58_6" STYLEREFS="FONT0"/>
            <SP HEIGHT="67.71653543307086" WIDTH="31.496062992125985" VPOS="4516.535433070866" HPOS="1280.3149606299212"/>
            <String HEIGHT="67.71653543307086" WIDTH="154.33070866141733" VPOS="4516.535433070866" HPOS="1187.4015748031495" CONTENT="2" ID="tl_58_7" STYLEREFS="FONT0"/>
            <SP HEIGHT="67.71653543307086" WIDTH="31.496062992125985" VPOS="4516.535433070866" HPOS="1341.732283464567"/>
            <String HEIGHT="67.71653543307086" WIDTH="185.82677165354332" VPOS="4516.535433070866" HPOS="1248.8188976377953" CONTENT="p." ID="tl_58_8" STYLEREFS="FONT0"/>
            <SP HEIGHT="67.71653543307086" WIDTH="31.496062992125985" VPOS="4516.535433070866" HPOS="1434.6456692913387"/>
            <String HEIGHT="67.71653543307086" WIDTH="154.33070866141733" VPOS="4516.535433070866" HPOS="1341.732283464567" CONTENT="1" ID="tl_58_9" STYLEREFS="FONT0"/>
            <SP HEIGHT="67.71653543307086" WIDTH="31.496062992125985" VPOS="4516.535433070866" HPOS="1496.0629921259842"/>
            <String HEIGHT="67.71653543307086" WIDTH="154.33070866141733" VPOS="4516.535433070866" HPOS="1373.2283464566929" CONTENT="/2," ID="tl_58_10" STYLEREFS="FONT0"/>
          </TextLine>
          <TextLine ID="tl_59" BASELINE="2952" HEIGHT="58.267716535433074" WIDTH="1267.716535433071" VPOS="4590.5511811023625" HPOS="258.26771653543307">
            <String HEIGHT="58.267716535433074" WIDTH="951.1811023622047" VPOS="4590.5511811023625" HPOS="152.75590551181102" CONTENT="in-8." ID="tl_59_1" STYLEREFS="FONT0"/>
            <SP HEIGHT="58.267716535433074" WIDTH="105.51181102362204" VPOS="4590.5511811023625" HPOS="1103.9370078740158"/>
            <String HEIGHT="58.267716535433074" WIDTH="634.6456692913385" VPOS="4590.5511811023625" HPOS="785.8267716535433" CONTENT="25" ID="tl_59_2" STYLEREFS="FONT0"/>
            <SP HEIGHT="58.267716535433074" WIDTH="105.51181102362204" VPOS="4590.5511811023625" HPOS="1420.4724409448818"/>
            <String HEIGHT="58.267716535433074" WIDTH="527.5590551181102" VPOS="4590.5511811023625" HPOS="998.4251968503937" CONTENT="fr." ID="tl_59_3" STYLEREFS="FONT0"/>
          </TextLine>
        </TextBlock>
        <TextBlock ID="r_3_28" HEIGHT="173.22834645669292" WIDTH="1217.3228346456692" VPOS="4686.614173228347" HPOS="318.1102362204724">
          <TextLine ID="tl_60" BASELINE="3015" HEIGHT="59.84251968503937" WIDTH="1146.4566929133857" VPOS="4688.188976377953" HPOS="385.8267716535433">
            <String HEIGHT="59.84251968503937" WIDTH="258.26771653543307" VPOS="4688.188976377953" HPOS="357.4803149606299" CONTENT="Jolie" ID="tl_60_1" STYLEREFS="FONT0"/>
            <SP HEIGHT="59.84251968503937" WIDTH="28.346456692913385" VPOS="4688.188976377953" HPOS="615.7480314960629"/>
            <String HEIGHT="59.84251968503937" WIDTH="286.61417322834643" VPOS="4688.188976377953" HPOS="529.1338582677165" CONTENT="lettre" ID="tl_60_2" STYLEREFS="FONT0"/>
            <SP HEIGHT="59.84251968503937" WIDTH="28.346456692913385" VPOS="4688.188976377953" HPOS="815.7480314960629"/>
            <String HEIGHT="59.84251968503937" WIDTH="343.3070866141732" VPOS="4688.188976377953" HPOS="729.1338582677165" CONTENT="adressée" ID="tl_60_3" STYLEREFS="FONT0"/>
            <SP HEIGHT="59.84251968503937" WIDTH="28.346456692913385" VPOS="4688.188976377953" HPOS="1074.015748031496"/>
            <String HEIGHT="59.84251968503937" WIDTH="171.6535433070866" VPOS="4688.188976377953" HPOS="987.4015748031496" CONTENT="de" ID="tl_60_4" STYLEREFS="FONT0"/>
            <SP HEIGHT="59.84251968503937" WIDTH="28.346456692913385" VPOS="4688.188976377953" HPOS="1159.0551181102362"/>
            <String HEIGHT="59.84251968503937" WIDTH="314.96062992125985" VPOS="4688.188976377953" HPOS="1074.015748031496" CONTENT="l’Hôtel" ID="tl_60_5" STYLEREFS="FONT0"/>
            <SP HEIGHT="59.84251968503937" WIDTH="28.346456692913385" VPOS="4688.188976377953" HPOS="1388.976377952756"/>
            <String HEIGHT="59.84251968503937" WIDTH="258.26771653543307" VPOS="4688.188976377953" HPOS="1274.015748031496" CONTENT="Régina," ID="tl_60_6" STYLEREFS="FONT0"/>
          </TextLine>
          <TextLine ID="tl_61" BASELINE="3049" HEIGHT="55.118110236220474" WIDTH="1212.5984251968505" VPOS="4746.456692913386" HPOS="319.68503937007875">
            <String HEIGHT="55.118110236220474" WIDTH="201.5748031496063" VPOS="4746.456692913386" HPOS="291.33858267716533" CONTENT="sur" ID="tl_61_1" STYLEREFS="FONT0"/>
            <SP HEIGHT="55.118110236220474" WIDTH="28.346456692913385" VPOS="4746.456692913386" HPOS="492.9133858267717"/>
            <String HEIGHT="55.118110236220474" WIDTH="288.18897637795277" VPOS="4746.456692913386" HPOS="406.2992125984252" CONTENT="papier" ID="tl_61_2" STYLEREFS="FONT0"/>
            <SP HEIGHT="55.118110236220474" WIDTH="28.346456692913385" VPOS="4746.456692913386" HPOS="694.488188976378"/>
            <String HEIGHT="55.118110236220474" WIDTH="173.22834645669292" VPOS="4746.456692913386" HPOS="607.8740157480315" CONTENT="du" ID="tl_61_3" STYLEREFS="FONT0"/>
            <SP HEIGHT="55.118110236220474" WIDTH="28.346456692913385" VPOS="4746.456692913386" HPOS="781.1023622047244"/>
            <String HEIGHT="55.118110236220474" WIDTH="433.07086614173227" VPOS="4746.456692913386" HPOS="694.488188976378" CONTENT="Claridge’s," ID="tl_61_4" STYLEREFS="FONT0"/>
            <SP HEIGHT="55.118110236220474" WIDTH="28.346456692913385" VPOS="4746.456692913386" HPOS="1127.5590551181103"/>
            <String HEIGHT="55.118110236220474" WIDTH="231.49606299212599" VPOS="4746.456692913386" HPOS="1040.9448818897638" CONTENT="avec" ID="tl_61_5" STYLEREFS="FONT0"/>
            <SP HEIGHT="55.118110236220474" WIDTH="28.346456692913385" VPOS="4746.456692913386" HPOS="1272.4409448818897"/>
            <String HEIGHT="55.118110236220474" WIDTH="173.22834645669292" VPOS="4746.456692913386" HPOS="1185.8267716535433" CONTENT="la" ID="tl_61_6" STYLEREFS="FONT0"/>
            <SP HEIGHT="55.118110236220474" WIDTH="28.346456692913385" VPOS="4746.456692913386" HPOS="1359.0551181102362"/>
            <String HEIGHT="55.118110236220474" WIDTH="288.18897637795277" VPOS="4746.456692913386" HPOS="1244.0944881889764" CONTENT="mention," ID="tl_61_7" STYLEREFS="FONT0"/>
          </TextLine>
          <TextLine ID="tl_62" BASELINE="3085" HEIGHT="55.118110236220474" WIDTH="1214.1732283464567" VPOS="4803.149606299213" HPOS="319.68503937007875">
            <String HEIGHT="55.118110236220474" WIDTH="425.1968503937008" VPOS="4803.149606299213" HPOS="289.76377952755905" CONTENT="au-dessous" ID="tl_62_1" STYLEREFS="FONT0"/>
            <SP HEIGHT="55.118110236220474" WIDTH="29.921259842519685" VPOS="4803.149606299213" HPOS="714.9606299212599"/>
            <String HEIGHT="55.118110236220474" WIDTH="182.6771653543307" VPOS="4803.149606299213" HPOS="623.6220472440945" CONTENT="de" ID="tl_62_2" STYLEREFS="FONT0"/>
            <SP HEIGHT="55.118110236220474" WIDTH="29.921259842519685" VPOS="4803.149606299213" HPOS="804.7244094488188"/>
            <String HEIGHT="55.118110236220474" WIDTH="182.6771653543307" VPOS="4803.149606299213" HPOS="714.9606299212599" CONTENT="la" ID="tl_62_3" STYLEREFS="FONT0"/>
            <SP HEIGHT="55.118110236220474" WIDTH="29.921259842519685" VPOS="4803.149606299213" HPOS="896.0629921259842"/>
            <String HEIGHT="55.118110236220474" WIDTH="395.2755905511811" VPOS="4803.149606299213" HPOS="804.7244094488188" CONTENT="signature" ID="tl_62_4" STYLEREFS="FONT0"/>
            <SP HEIGHT="55.118110236220474" WIDTH="29.921259842519685" VPOS="4803.149606299213" HPOS="1200.0"/>
            <String HEIGHT="55.118110236220474" WIDTH="182.6771653543307" VPOS="4803.149606299213" HPOS="1108.6614173228347" CONTENT=":»" ID="tl_62_5" STYLEREFS="FONT0"/>
            <SP HEIGHT="55.118110236220474" WIDTH="29.921259842519685" VPOS="4803.149606299213" HPOS="1291.3385826771653"/>
            <String HEIGHT="55.118110236220474" WIDTH="303.93700787401576" VPOS="4803.149606299213" HPOS="1200.0" CONTENT="strict" ID="tl_62_6" STYLEREFS="FONT0"/>
            <SP HEIGHT="55.118110236220474" WIDTH="29.921259842519685" VPOS="4803.149606299213" HPOS="1503.9370078740158"/>
            <String HEIGHT="55.118110236220474" WIDTH="151.1811023622047" VPOS="4803.149606299213" HPOS="1382.6771653543308" CONTENT="in" ID="tl_62_7" STYLEREFS="FONT0"/>
          </TextLine>
        </TextBlock>
        <TextBlock ID="r_4_1" HEIGHT="228.3464566929134" WIDTH="1223.6220472440946" VPOS="344.88188976377955" HPOS="1806.2992125984251">
          <TextLine ID="tl_63" BASELINE="255" HEIGHT="55.118110236220474" WIDTH="1218.8976377952756" VPOS="346.45669291338584" HPOS="1809.4488188976377">
            <String HEIGHT="55.118110236220474" WIDTH="451.9685039370079" VPOS="346.45669291338584" HPOS="1774.8031496062993" CONTENT="cognito.»" ID="tl_63_1" STYLEREFS="FONT0"/>
            <SP HEIGHT="55.118110236220474" WIDTH="34.645669291338585" VPOS="346.45669291338584" HPOS="2226.771653543307"/>
            <String HEIGHT="55.118110236220474" WIDTH="313.38582677165357" VPOS="346.45669291338584" HPOS="2122.834645669291" CONTENT="«Nous" ID="tl_63_2" STYLEREFS="FONT0"/>
            <SP HEIGHT="55.118110236220474" WIDTH="34.645669291338585" VPOS="346.45669291338584" HPOS="2436.220472440945"/>
            <String HEIGHT="55.118110236220474" WIDTH="451.9685039370079" VPOS="346.45669291338584" HPOS="2332.283464566929" CONTENT="pourrions" ID="tl_63_3" STYLEREFS="FONT0"/>
            <SP HEIGHT="55.118110236220474" WIDTH="34.645669291338585" VPOS="346.45669291338584" HPOS="2784.251968503937"/>
            <String HEIGHT="55.118110236220474" WIDTH="278.74015748031496" VPOS="346.45669291338584" HPOS="2680.314960629921" CONTENT="nous" ID="tl_63_4" STYLEREFS="FONT0"/>
            <SP HEIGHT="55.118110236220474" WIDTH="34.645669291338585" VPOS="346.45669291338584" HPOS="2959.0551181102364"/>
            <String HEIGHT="55.118110236220474" WIDTH="209.4488188976378" VPOS="346.45669291338584" HPOS="2818.8976377952754" CONTENT="ren" SUBS_TYPE="HypPart1" SUBS_CONTENT="rencontrer" ID="tl_63_5" STYLEREFS="FONT0"/>
            <HYP CONTENT="-"/>
          </TextLine>
          <TextLine ID="tl_64" BASELINE="292" HEIGHT="56.69291338582677" WIDTH="1220.4724409448818" VPOS="403.1496062992126" HPOS="1807.8740157480315">
            <String HEIGHT="56.69291338582677" WIDTH="352.755905511811" VPOS="403.1496062992126" HPOS="1776.3779527559054" CONTENT="contrer" SUBS_TYPE="HypPart2" SUBS_CONTENT="rencontrer" ID="tl_64_1" STYLEREFS="FONT0"/>
            <SP HEIGHT="56.69291338582677" WIDTH="31.496062992125985" VPOS="403.1496062992126" HPOS="2129.1338582677167"/>
            <String HEIGHT="56.69291338582677" WIDTH="321.25984251968504" VPOS="403.1496062992126" HPOS="2033.0708661417323" CONTENT="demain" ID="tl_64_2" STYLEREFS="FONT0"/>
            <SP HEIGHT="56.69291338582677" WIDTH="31.496062992125985" VPOS="403.1496062992126" HPOS="2354.3307086614172"/>
            <String HEIGHT="56.69291338582677" WIDTH="289.76377952755905" VPOS="403.1496062992126" HPOS="2258.267716535433" CONTENT="matin" ID="tl_64_3" STYLEREFS="FONT0"/>
            <SP HEIGHT="56.69291338582677" WIDTH="31.496062992125985" VPOS="403.1496062992126" HPOS="2546.4566929133857"/>
            <String HEIGHT="56.69291338582677" WIDTH="385.8267716535433" VPOS="403.1496062992126" HPOS="2450.3937007874015" CONTENT="dimanche" ID="tl_64_4" STYLEREFS="FONT0"/>
            <SP HEIGHT="56.69291338582677" WIDTH="31.496062992125985" VPOS="403.1496062992126" HPOS="2836.220472440945"/>
            <String HEIGHT="56.69291338582677" WIDTH="160.62992125984252" VPOS="403.1496062992126" HPOS="2738.582677165354" CONTENT="à" ID="tl_64_5" STYLEREFS="FONT0"/>
            <SP HEIGHT="56.69291338582677" WIDTH="31.496062992125985" VPOS="403.1496062992126" HPOS="2899.212598425197"/>
            <String HEIGHT="56.69291338582677" WIDTH="256.6929133858268" VPOS="403.1496062992126" HPOS="2771.6535433070867" CONTENT="l’apé" SUBS_TYPE="HypPart1" SUBS_CONTENT="l’apéritif" ID="tl_64_6" STYLEREFS="FONT0"/>
            <HYP CONTENT="-"/>
          </TextLine>
          <TextLine ID="tl_65" BASELINE="326" HEIGHT="51.968503937007874" WIDTH="1220.4724409448818" VPOS="461.4173228346457" HPOS="1807.8740157480315">
            <String HEIGHT="51.968503937007874" WIDTH="261.4173228346457" VPOS="461.4173228346457" HPOS="1779.5275590551182" CONTENT="ritif" SUBS_TYPE="HypPart2" SUBS_CONTENT="l’apéritif" ID="tl_65_1" STYLEREFS="FONT0"/>
            <SP HEIGHT="51.968503937007874" WIDTH="28.346456692913385" VPOS="461.4173228346457" HPOS="2040.9448818897638"/>
            <String HEIGHT="51.968503937007874" WIDTH="233.0708661417323" VPOS="461.4173228346457" HPOS="1952.755905511811" CONTENT="vers" ID="tl_65_2" STYLEREFS="FONT0"/>
            <SP HEIGHT="51.968503937007874" WIDTH="28.346456692913385" VPOS="461.4173228346457" HPOS="2185.8267716535433"/>
            <String HEIGHT="51.968503937007874" WIDTH="174.8031496062992" VPOS="461.4173228346457" HPOS="2099.212598425197" CONTENT="11" ID="tl_65_3" STYLEREFS="FONT0"/>
            <SP HEIGHT="51.968503937007874" WIDTH="28.346456692913385" VPOS="461.4173228346457" HPOS="2272.4409448818897"/>
            <String HEIGHT="51.968503937007874" WIDTH="291.33858267716533" VPOS="461.4173228346457" HPOS="2185.8267716535433" CONTENT="heures" ID="tl_65_4" STYLEREFS="FONT0"/>
            <SP HEIGHT="51.968503937007874" WIDTH="28.346456692913385" VPOS="461.4173228346457" HPOS="2475.5905511811025"/>
            <String HEIGHT="51.968503937007874" WIDTH="144.88188976377953" VPOS="461.4173228346457" HPOS="2388.9763779527557" CONTENT="1" ID="tl_65_5" STYLEREFS="FONT0"/>
            <SP HEIGHT="51.968503937007874" WIDTH="28.346456692913385" VPOS="461.4173228346457" HPOS="2533.8582677165355"/>
            <String HEIGHT="51.968503937007874" WIDTH="203.1496062992126" VPOS="461.4173228346457" HPOS="2447.244094488189" CONTENT="/2," ID="tl_65_6" STYLEREFS="FONT0"/>
            <SP HEIGHT="51.968503937007874" WIDTH="28.346456692913385" VPOS="461.4173228346457" HPOS="2650.3937007874015"/>
            <String HEIGHT="51.968503937007874" WIDTH="233.0708661417323" VPOS="461.4173228346457" HPOS="2563.779527559055" CONTENT="dans" ID="tl_65_7" STYLEREFS="FONT0"/>
            <SP HEIGHT="51.968503937007874" WIDTH="28.346456692913385" VPOS="461.4173228346457" HPOS="2795.2755905511813"/>
            <String HEIGHT="51.968503937007874" WIDTH="174.8031496062992" VPOS="461.4173228346457" HPOS="2708.6614173228345" CONTENT="un" ID="tl_65_8" STYLEREFS="FONT0"/>
            <SP HEIGHT="51.968503937007874" WIDTH="28.346456692913385" VPOS="461.4173228346457" HPOS="2883.464566929134"/>
            <String HEIGHT="51.968503937007874" WIDTH="261.4173228346457" VPOS="461.4173228346457" HPOS="2766.9291338582675" CONTENT="endroit" ID="tl_65_9" STYLEREFS="FONT0"/>
          </TextLine>
          <TextLine ID="tl_66" BASELINE="363" HEIGHT="53.54330708661417" WIDTH="1218.8976377952756" VPOS="518.1102362204724" HPOS="1807.8740157480315">
            <String HEIGHT="53.54330708661417" WIDTH="212.5984251968504" VPOS="518.1102362204724" HPOS="1777.9527559055118" CONTENT="que" ID="tl_66_1" STYLEREFS="FONT0"/>
            <SP HEIGHT="53.54330708661417" WIDTH="29.921259842519685" VPOS="518.1102362204724" HPOS="1990.5511811023623"/>
            <String HEIGHT="53.54330708661417" WIDTH="182.6771653543307" VPOS="518.1102362204724" HPOS="1899.2125984251968" CONTENT="je" ID="tl_66_2" STYLEREFS="FONT0"/>
            <SP HEIGHT="53.54330708661417" WIDTH="29.921259842519685" VPOS="518.1102362204724" HPOS="2081.8897637795276"/>
            <String HEIGHT="53.54330708661417" WIDTH="244.09448818897638" VPOS="518.1102362204724" HPOS="1990.5511811023623" CONTENT="vous" ID="tl_66_3" STYLEREFS="FONT0"/>
            <SP HEIGHT="53.54330708661417" WIDTH="29.921259842519685" VPOS="518.1102362204724" HPOS="2234.6456692913384"/>
            <String HEIGHT="53.54330708661417" WIDTH="305.51181102362204" VPOS="518.1102362204724" HPOS="2143.3070866141734" CONTENT="laisse" ID="tl_66_4" STYLEREFS="FONT0"/>
            <SP HEIGHT="53.54330708661417" WIDTH="29.921259842519685" VPOS="518.1102362204724" HPOS="2447.244094488189"/>
            <String HEIGHT="53.54330708661417" WIDTH="182.6771653543307" VPOS="518.1102362204724" HPOS="2355.9055118110236" CONTENT="le" ID="tl_66_5" STYLEREFS="FONT0"/>
            <SP HEIGHT="53.54330708661417" WIDTH="29.921259842519685" VPOS="518.1102362204724" HPOS="2538.582677165354"/>
            <String HEIGHT="53.54330708661417" WIDTH="244.09448818897638" VPOS="518.1102362204724" HPOS="2447.244094488189" CONTENT="soin" ID="tl_66_6" STYLEREFS="FONT0"/>
            <SP HEIGHT="53.54330708661417" WIDTH="29.921259842519685" VPOS="518.1102362204724" HPOS="2691.3385826771655"/>
            <String HEIGHT="53.54330708661417" WIDTH="182.6771653543307" VPOS="518.1102362204724" HPOS="2600.0" CONTENT="de" ID="tl_66_7" STYLEREFS="FONT0"/>
            <SP HEIGHT="53.54330708661417" WIDTH="29.921259842519685" VPOS="518.1102362204724" HPOS="2782.6771653543306"/>
            <String HEIGHT="53.54330708661417" WIDTH="365.3543307086614" VPOS="518.1102362204724" HPOS="2661.417322834646" CONTENT="désigner.»" ID="tl_66_8" STYLEREFS="FONT0"/>
          </TextLine>
        </TextBlock>
        <TextBlock ID="r_4_2" HEIGHT="225.1968503937008" WIDTH="1359.0551181102362" VPOS="606.2992125984252" HPOS="1669.291338582677">
          <TextLine ID="tl_67" BASELINE="432" HEIGHT="72.44094488188976" WIDTH="1355.9055118110236" VPOS="607.8740157480315" HPOS="1670.8661417322835">
            <String HEIGHT="72.44094488188976" WIDTH="270.86614173228344" VPOS="607.8740157480315" HPOS="1636.2204724409448" CONTENT="4238" ID="tl_67_1" STYLEREFS="FONT0"/>
            <SP HEIGHT="72.44094488188976" WIDTH="34.645669291338585" VPOS="607.8740157480315" HPOS="1908.6614173228347"/>
            <String HEIGHT="72.44094488188976" WIDTH="644.0944881889764" VPOS="607.8740157480315" HPOS="1806.2992125984251" CONTENT="BÉRANGER" ID="tl_67_2" STYLEREFS="FONT1"/>
            <SP HEIGHT="72.44094488188976" WIDTH="34.645669291338585" VPOS="607.8740157480315" HPOS="2450.3937007874015"/>
            <String HEIGHT="72.44094488188976" WIDTH="541.7322834645669" VPOS="607.8740157480315" HPOS="2349.6062992125985" CONTENT="(Pierre-Jean" ID="tl_67_3" STYLEREFS="FONT0"/>
            <SP HEIGHT="72.44094488188976" WIDTH="34.645669291338585" VPOS="607.8740157480315" HPOS="2891.3385826771655"/>
            <String HEIGHT="72.44094488188976" WIDTH="270.86614173228344" VPOS="607.8740157480315" HPOS="2788.9763779527557" CONTENT="de)." ID="tl_67_4" STYLEREFS="FONT0"/>
            <SP HEIGHT="72.44094488188976" WIDTH="34.645669291338585" VPOS="607.8740157480315" HPOS="3061.417322834646"/>
            <String HEIGHT="72.44094488188976" WIDTH="102.36220472440945" VPOS="607.8740157480315" HPOS="2924.4094488188975" CONTENT="—" ID="tl_67_5" STYLEREFS="FONT0"/>
          </TextLine>
          <TextLine ID="tl_68" BASELINE="480" HEIGHT="62.99212598425197" WIDTH="1277.1653543307086" VPOS="692.9133858267717" HPOS="1746.4566929133857">
            <String HEIGHT="62.99212598425197" WIDTH="327.5590551181102" VPOS="692.9133858267717" HPOS="1713.3858267716535" CONTENT="Lettre" ID="tl_68_1" STYLEREFS="FONT0"/>
            <SP HEIGHT="62.99212598425197" WIDTH="33.07086614173228" VPOS="692.9133858267717" HPOS="2040.9448818897638"/>
            <String HEIGHT="62.99212598425197" WIDTH="196.8503937007874" VPOS="692.9133858267717" HPOS="1943.3070866141732" CONTENT="a." ID="tl_68_2" STYLEREFS="FONT0"/>
            <SP HEIGHT="62.99212598425197" WIDTH="33.07086614173228" VPOS="692.9133858267717" HPOS="2140.1574803149606"/>
            <String HEIGHT="62.99212598425197" WIDTH="196.8503937007874" VPOS="692.9133858267717" HPOS="2040.9448818897638" CONTENT="s." ID="tl_68_3" STYLEREFS="FONT0"/>
            <SP HEIGHT="62.99212598425197" WIDTH="33.07086614173228" VPOS="692.9133858267717" HPOS="2237.7952755905512"/>
            <String HEIGHT="62.99212598425197" WIDTH="294.48818897637796" VPOS="692.9133858267717" HPOS="2140.1574803149606" CONTENT="1850," ID="tl_68_4" STYLEREFS="FONT0"/>
            <SP HEIGHT="62.99212598425197" WIDTH="33.07086614173228" VPOS="692.9133858267717" HPOS="2434.6456692913384"/>
            <String HEIGHT="62.99212598425197" WIDTH="163.7795275590551" VPOS="692.9133858267717" HPOS="2335.433070866142" CONTENT="3" ID="tl_68_5" STYLEREFS="FONT0"/>
            <SP HEIGHT="62.99212598425197" WIDTH="33.07086614173228" VPOS="692.9133858267717" HPOS="2499.212598425197"/>
            <String HEIGHT="62.99212598425197" WIDTH="196.8503937007874" VPOS="692.9133858267717" HPOS="2401.5748031496064" CONTENT="p." ID="tl_68_6" STYLEREFS="FONT0"/>
            <SP HEIGHT="62.99212598425197" WIDTH="33.07086614173228" VPOS="692.9133858267717" HPOS="2598.4251968503936"/>
            <String HEIGHT="62.99212598425197" WIDTH="327.5590551181102" VPOS="692.9133858267717" HPOS="2499.212598425197" CONTENT="in-12." ID="tl_68_7" STYLEREFS="FONT0"/>
            <SP HEIGHT="62.99212598425197" WIDTH="33.07086614173228" VPOS="692.9133858267717" HPOS="2826.771653543307"/>
            <String HEIGHT="62.99212598425197" WIDTH="163.7795275590551" VPOS="692.9133858267717" HPOS="2729.1338582677167" CONTENT="—" ID="tl_68_8" STYLEREFS="FONT0"/>
            <SP HEIGHT="62.99212598425197" WIDTH="33.07086614173228" VPOS="692.9133858267717" HPOS="2892.9133858267714"/>
            <String HEIGHT="62.99212598425197" WIDTH="196.8503937007874" VPOS="692.9133858267717" HPOS="2793.700787401575" CONTENT="On" ID="tl_68_9" STYLEREFS="FONT0"/>
            <SP HEIGHT="62.99212598425197" WIDTH="33.07086614173228" VPOS="692.9133858267717" HPOS="2990.551181102362"/>
            <String HEIGHT="62.99212598425197" WIDTH="163.7795275590551" VPOS="692.9133858267717" HPOS="2892.9133858267714" CONTENT="y" ID="tl_68_10" STYLEREFS="FONT0"/>
            <SP HEIGHT="62.99212598425197" WIDTH="33.07086614173228" VPOS="692.9133858267717" HPOS="3056.6929133858266"/>
            <String HEIGHT="62.99212598425197" WIDTH="97.63779527559055" VPOS="692.9133858267717" HPOS="2925.984251968504" CONTENT="a" ID="tl_68_11" STYLEREFS="FONT0"/>
          </TextLine>
          <TextLine ID="tl_69" BASELINE="527" HEIGHT="62.99212598425197" WIDTH="1278.740157480315" VPOS="766.9291338582677" HPOS="1741.732283464567">
            <String HEIGHT="62.99212598425197" WIDTH="244.09448818897638" VPOS="766.9291338582677" HPOS="1714.9606299212599" CONTENT="joint" ID="tl_69_1" STYLEREFS="FONT0"/>
            <SP HEIGHT="62.99212598425197" WIDTH="26.771653543307085" VPOS="766.9291338582677" HPOS="1959.0551181102362"/>
            <String HEIGHT="62.99212598425197" WIDTH="163.7795275590551" VPOS="766.9291338582677" HPOS="1877.1653543307086" CONTENT="un" ID="tl_69_2" STYLEREFS="FONT0"/>
            <SP HEIGHT="62.99212598425197" WIDTH="26.771653543307085" VPOS="766.9291338582677" HPOS="2040.9448818897638"/>
            <String HEIGHT="62.99212598425197" WIDTH="325.98425196850394" VPOS="766.9291338582677" HPOS="1959.0551181102362" CONTENT="portrait" ID="tl_69_3" STYLEREFS="FONT0"/>
            <SP HEIGHT="62.99212598425197" WIDTH="26.771653543307085" VPOS="766.9291338582677" HPOS="2286.6141732283463"/>
            <String HEIGHT="62.99212598425197" WIDTH="190.5511811023622" VPOS="766.9291338582677" HPOS="2204.7244094488187" CONTENT="sur" ID="tl_69_4" STYLEREFS="FONT0"/>
            <SP HEIGHT="62.99212598425197" WIDTH="26.771653543307085" VPOS="766.9291338582677" HPOS="2395.2755905511813"/>
            <String HEIGHT="62.99212598425197" WIDTH="244.09448818897638" VPOS="766.9291338582677" HPOS="2313.3858267716537" CONTENT="bois," ID="tl_69_5" STYLEREFS="FONT0"/>
            <SP HEIGHT="62.99212598425197" WIDTH="26.771653543307085" VPOS="766.9291338582677" HPOS="2557.48031496063"/>
            <String HEIGHT="62.99212598425197" WIDTH="190.5511811023622" VPOS="766.9291338582677" HPOS="2475.5905511811025" CONTENT="par" ID="tl_69_6" STYLEREFS="FONT0"/>
            <SP HEIGHT="62.99212598425197" WIDTH="26.771653543307085" VPOS="766.9291338582677" HPOS="2666.1417322834645"/>
            <String HEIGHT="62.99212598425197" WIDTH="462.99212598425197" VPOS="766.9291338582677" HPOS="2557.48031496063" CONTENT="Charlet." ID="tl_69_7" STYLEREFS="FONT2"/>
          </TextLine>
        </TextBlock>
        <TextBlock ID="r_4_3" HEIGHT="51.968503937007874" WIDTH="182.6771653543307" VPOS="842.5196850393701" HPOS="2837.7952755905512">
          <TextLine ID="tl_70" BASELINE="567" HEIGHT="48.818897637795274" WIDTH="179.5275590551181" VPOS="844.0944881889764" HPOS="2839.3700787401576">
            <String HEIGHT="48.818897637795274" WIDTH="179.5275590551181" VPOS="844.0944881889764" HPOS="2809.448818897638" CONTENT="25" ID="tl_70_1" STYLEREFS="FONT0"/>
            <SP HEIGHT="48.818897637795274" WIDTH="29.921259842519685" VPOS="844.0944881889764" HPOS="2988.9763779527557"/>
            <String HEIGHT="48.818897637795274" WIDTH="149.60629921259843" VPOS="844.0944881889764" HPOS="2869.2913385826773" CONTENT="fr." ID="tl_70_2" STYLEREFS="FONT0"/>
          </TextLine>
        </TextBlock>
        <TextBlock ID="r_4_4" HEIGHT="340.15748031496065" WIDTH="1223.6220472440946" VPOS="930.7086614173228" HPOS="1801.5748031496064">
          <TextLine ID="tl_71" BASELINE="625" HEIGHT="51.968503937007874" WIDTH="1146.4566929133857" VPOS="932.2834645669292" HPOS="1877.1653543307086">
            <String HEIGHT="51.968503937007874" WIDTH="303.93700787401576" VPOS="932.2834645669292" HPOS="1844.0944881889764" CONTENT="«J’ai" ID="tl_71_1" STYLEREFS="FONT0"/>
            <SP HEIGHT="51.968503937007874" WIDTH="33.07086614173228" VPOS="932.2834645669292" HPOS="2146.4566929133857"/>
            <String HEIGHT="51.968503937007874" WIDTH="201.5748031496063" VPOS="932.2834645669292" HPOS="2045.6692913385828" CONTENT="lu" ID="tl_71_2" STYLEREFS="FONT0"/>
            <SP HEIGHT="51.968503937007874" WIDTH="33.07086614173228" VPOS="932.2834645669292" HPOS="2248.818897637795"/>
            <String HEIGHT="51.968503937007874" WIDTH="303.93700787401576" VPOS="932.2834645669292" HPOS="2146.4566929133857" CONTENT="votre" ID="tl_71_3" STYLEREFS="FONT0"/>
            <SP HEIGHT="51.968503937007874" WIDTH="33.07086614173228" VPOS="932.2834645669292" HPOS="2450.3937007874015"/>
            <String HEIGHT="51.968503937007874" WIDTH="371.65354330708664" VPOS="932.2834645669292" HPOS="2349.6062992125985" CONTENT="ouvrage" ID="tl_71_4" STYLEREFS="FONT0"/>
            <SP HEIGHT="51.968503937007874" WIDTH="33.07086614173228" VPOS="932.2834645669292" HPOS="2719.685039370079"/>
            <String HEIGHT="51.968503937007874" WIDTH="269.29133858267716" VPOS="932.2834645669292" HPOS="2618.8976377952754" CONTENT="avec" ID="tl_71_5" STYLEREFS="FONT0"/>
            <SP HEIGHT="51.968503937007874" WIDTH="33.07086614173228" VPOS="932.2834645669292" HPOS="2888.1889763779527"/>
            <String HEIGHT="51.968503937007874" WIDTH="269.29133858267716" VPOS="932.2834645669292" HPOS="2754.3307086614172" CONTENT="autant" ID="tl_71_6" STYLEREFS="FONT0"/>
          </TextLine>
          <TextLine ID="tl_72" BASELINE="662" HEIGHT="53.54330708661417" WIDTH="1218.8976377952756" VPOS="988.9763779527559" HPOS="1804.724409448819">
            <String HEIGHT="53.54330708661417" WIDTH="428.34645669291336" VPOS="988.9763779527559" HPOS="1771.6535433070867" CONTENT="d’intérêt" ID="tl_72_1" STYLEREFS="FONT0"/>
            <SP HEIGHT="53.54330708661417" WIDTH="33.07086614173228" VPOS="988.9763779527559" HPOS="2200.0"/>
            <String HEIGHT="53.54330708661417" WIDTH="229.92125984251967" VPOS="988.9763779527559" HPOS="2100.787401574803" CONTENT="que" ID="tl_72_2" STYLEREFS="FONT0"/>
            <SP HEIGHT="53.54330708661417" WIDTH="33.07086614173228" VPOS="988.9763779527559" HPOS="2332.283464566929"/>
            <String HEIGHT="53.54330708661417" WIDTH="625.1968503937007" VPOS="988.9763779527559" HPOS="2233.0708661417325" CONTENT="d’empressement." ID="tl_72_3" STYLEREFS="FONT0"/>
            <SP HEIGHT="53.54330708661417" WIDTH="33.07086614173228" VPOS="988.9763779527559" HPOS="2858.267716535433"/>
            <String HEIGHT="53.54330708661417" WIDTH="198.4251968503937" VPOS="988.9763779527559" HPOS="2760.6299212598424" CONTENT="Il" ID="tl_72_4" STYLEREFS="FONT0"/>
            <SP HEIGHT="53.54330708661417" WIDTH="33.07086614173228" VPOS="988.9763779527559" HPOS="2957.48031496063"/>
            <String HEIGHT="53.54330708661417" WIDTH="198.4251968503937" VPOS="988.9763779527559" HPOS="2825.196850393701" CONTENT="vous" ID="tl_72_5" STYLEREFS="FONT0"/>
          </TextLine>
          <TextLine ID="tl_73" BASELINE="698" HEIGHT="53.54330708661417" WIDTH="1218.8976377952756" VPOS="1045.6692913385828" HPOS="1804.724409448819">
            <String HEIGHT="53.54330708661417" WIDTH="508.66141732283467" VPOS="1045.6692913385828" HPOS="1771.6535433070867" CONTENT="appartenait" ID="tl_73_1" STYLEREFS="FONT0"/>
            <SP HEIGHT="53.54330708661417" WIDTH="34.645669291338585" VPOS="1045.6692913385828" HPOS="2278.740157480315"/>
            <String HEIGHT="53.54330708661417" WIDTH="203.1496062992126" VPOS="1045.6692913385828" HPOS="2177.952755905512" CONTENT="de" ID="tl_73_2" STYLEREFS="FONT0"/>
            <SP HEIGHT="53.54330708661417" WIDTH="34.645669291338585" VPOS="1045.6692913385828" HPOS="2381.1023622047246"/>
            <String HEIGHT="53.54330708661417" WIDTH="270.86614173228344" VPOS="1045.6692913385828" HPOS="2278.740157480315" CONTENT="nous" ID="tl_73_3" STYLEREFS="FONT0"/>
            <SP HEIGHT="53.54330708661417" WIDTH="34.645669291338585" VPOS="1045.6692913385828" HPOS="2549.6062992125985"/>
            <String HEIGHT="53.54330708661417" WIDTH="338.5826771653543" VPOS="1045.6692913385828" HPOS="2448.818897637795" CONTENT="donner" ID="tl_73_4" STYLEREFS="FONT0"/>
            <SP HEIGHT="53.54330708661417" WIDTH="34.645669291338585" VPOS="1045.6692913385828" HPOS="2787.4015748031497"/>
            <String HEIGHT="53.54330708661417" WIDTH="203.1496062992126" VPOS="1045.6692913385828" HPOS="2685.0393700787404" CONTENT="la" ID="tl_73_5" STYLEREFS="FONT0"/>
            <SP HEIGHT="53.54330708661417" WIDTH="34.645669291338585" VPOS="1045.6692913385828" HPOS="2888.1889763779527"/>
            <String HEIGHT="53.54330708661417" WIDTH="270.86614173228344" VPOS="1045.6692913385828" HPOS="2752.755905511811" CONTENT="narra" SUBS_TYPE="HypPart1" SUBS_CONTENT="narration" ID="tl_73_6" STYLEREFS="FONT0"/>
            <HYP CONTENT="-"/>
          </TextLine>
          <TextLine ID="tl_74" BASELINE="728" HEIGHT="44.09448818897638" WIDTH="1217.3228346456692" VPOS="1102.3622047244094" HPOS="1804.724409448819">
            <String HEIGHT="44.09448818897638" WIDTH="256.6929133858268" VPOS="1102.3622047244094" HPOS="1773.2283464566929" CONTENT="tion" SUBS_TYPE="HypPart2" SUBS_CONTENT="narration" ID="tl_74_1" STYLEREFS="FONT0"/>
            <SP HEIGHT="44.09448818897638" WIDTH="31.496062992125985" VPOS="1102.3622047244094" HPOS="2028.3464566929133"/>
            <String HEIGHT="44.09448818897638" WIDTH="192.1259842519685" VPOS="1102.3622047244094" HPOS="1932.283464566929" CONTENT="de" ID="tl_74_2" STYLEREFS="FONT0"/>
            <SP HEIGHT="44.09448818897638" WIDTH="31.496062992125985" VPOS="1102.3622047244094" HPOS="2124.4094488188975"/>
            <String HEIGHT="44.09448818897638" WIDTH="256.6929133858268" VPOS="1102.3622047244094" HPOS="2028.3464566929133" CONTENT="tant" ID="tl_74_3" STYLEREFS="FONT0"/>
            <SP HEIGHT="44.09448818897638" WIDTH="31.496062992125985" VPOS="1102.3622047244094" HPOS="2285.0393700787404"/>
            <String HEIGHT="44.09448818897638" WIDTH="511.81102362204723" VPOS="1102.3622047244094" HPOS="2188.9763779527557" CONTENT="d’événements" ID="tl_74_4" STYLEREFS="FONT0"/>
            <SP HEIGHT="44.09448818897638" WIDTH="31.496062992125985" VPOS="1102.3622047244094" HPOS="2702.3622047244094"/>
            <String HEIGHT="44.09448818897638" WIDTH="192.1259842519685" VPOS="1102.3622047244094" HPOS="2606.299212598425" CONTENT="où" ID="tl_74_5" STYLEREFS="FONT0"/>
            <SP HEIGHT="44.09448818897638" WIDTH="31.496062992125985" VPOS="1102.3622047244094" HPOS="2798.4251968503936"/>
            <String HEIGHT="44.09448818897638" WIDTH="256.6929133858268" VPOS="1102.3622047244094" HPOS="2702.3622047244094" CONTENT="vous" ID="tl_74_6" STYLEREFS="FONT0"/>
            <SP HEIGHT="44.09448818897638" WIDTH="31.496062992125985" VPOS="1102.3622047244094" HPOS="2957.48031496063"/>
            <String HEIGHT="44.09448818897638" WIDTH="192.1259842519685" VPOS="1102.3622047244094" HPOS="2829.9212598425197" CONTENT="avez" ID="tl_74_7" STYLEREFS="FONT0"/>
          </TextLine>
          <TextLine ID="tl_75" BASELINE="770" HEIGHT="53.54330708661417" WIDTH="1218.8976377952756" VPOS="1159.0551181102362" HPOS="1804.724409448819">
            <String HEIGHT="53.54330708661417" WIDTH="192.1259842519685" VPOS="1159.0551181102362" HPOS="1773.2283464566929" CONTENT="eu" ID="tl_75_1" STYLEREFS="FONT0"/>
            <SP HEIGHT="53.54330708661417" WIDTH="31.496062992125985" VPOS="1159.0551181102362" HPOS="1965.3543307086613"/>
            <String HEIGHT="53.54330708661417" WIDTH="288.18897637795277" VPOS="1159.0551181102362" HPOS="1869.291338582677" CONTENT="votre" ID="tl_75_2" STYLEREFS="FONT0"/>
            <SP HEIGHT="53.54330708661417" WIDTH="31.496062992125985" VPOS="1159.0551181102362" HPOS="2157.48031496063"/>
            <String HEIGHT="53.54330708661417" WIDTH="256.6929133858268" VPOS="1159.0551181102362" HPOS="2061.417322834646" CONTENT="part" ID="tl_75_3" STYLEREFS="FONT0"/>
            <SP HEIGHT="53.54330708661417" WIDTH="31.496062992125985" VPOS="1159.0551181102362" HPOS="2318.1102362204724"/>
            <String HEIGHT="53.54330708661417" WIDTH="448.81889763779526" VPOS="1159.0551181102362" HPOS="2222.047244094488" CONTENT="d’honneur," ID="tl_75_4" STYLEREFS="FONT0"/>
            <SP HEIGHT="53.54330708661417" WIDTH="31.496062992125985" VPOS="1159.0551181102362" HPOS="2670.8661417322833"/>
            <String HEIGHT="53.54330708661417" WIDTH="256.6929133858268" VPOS="1159.0551181102362" HPOS="2574.803149606299" CONTENT="dont" ID="tl_75_5" STYLEREFS="FONT0"/>
            <SP HEIGHT="53.54330708661417" WIDTH="31.496062992125985" VPOS="1159.0551181102362" HPOS="2831.496062992126"/>
            <String HEIGHT="53.54330708661417" WIDTH="321.25984251968504" VPOS="1159.0551181102362" HPOS="2702.3622047244094" CONTENT="l’Italie" ID="tl_75_6" STYLEREFS="FONT0"/>
          </TextLine>
          <TextLine ID="tl_76" BASELINE="806" HEIGHT="51.968503937007874" WIDTH="1086.6141732283465" VPOS="1217.3228346456692" HPOS="1803.1496062992126">
            <String HEIGHT="51.968503937007874" WIDTH="255.11811023622047" VPOS="1217.3228346456692" HPOS="1771.6535433070867" CONTENT="vous" ID="tl_76_1" STYLEREFS="FONT0"/>
            <SP HEIGHT="51.968503937007874" WIDTH="31.496062992125985" VPOS="1217.3228346456692" HPOS="2026.7716535433071"/>
            <String HEIGHT="51.968503937007874" WIDTH="351.18110236220474" VPOS="1217.3228346456692" HPOS="1930.708661417323" CONTENT="tiendra" ID="tl_76_2" STYLEREFS="FONT0"/>
            <SP HEIGHT="51.968503937007874" WIDTH="31.496062992125985" VPOS="1217.3228346456692" HPOS="2281.8897637795276"/>
            <String HEIGHT="51.968503937007874" WIDTH="255.11811023622047" VPOS="1217.3228346456692" HPOS="2187.4015748031497" CONTENT="sans" ID="tl_76_3" STYLEREFS="FONT0"/>
            <SP HEIGHT="51.968503937007874" WIDTH="31.496062992125985" VPOS="1217.3228346456692" HPOS="2442.51968503937"/>
            <String HEIGHT="51.968503937007874" WIDTH="288.18897637795277" VPOS="1217.3228346456692" HPOS="2346.4566929133857" CONTENT="doute" ID="tl_76_4" STYLEREFS="FONT0"/>
            <SP HEIGHT="51.968503937007874" WIDTH="31.496062992125985" VPOS="1217.3228346456692" HPOS="2634.6456692913384"/>
            <String HEIGHT="51.968503937007874" WIDTH="384.251968503937" VPOS="1217.3228346456692" HPOS="2505.511811023622" CONTENT="compte...»" ID="tl_76_5" STYLEREFS="FONT0"/>
          </TextLine>
        </TextBlock>
        <TextBlock ID="r_4_5" HEIGHT="67.71653543307086" WIDTH="1355.9055118110236" VPOS="1313.3858267716535" HPOS="1664.5669291338584">
          <TextLine ID="tl_77" BASELINE="876" HEIGHT="64.56692913385827" WIDTH="1352.755905511811" VPOS="1314.9606299212599" HPOS="1666.1417322834645">
            <String HEIGHT="64.56692913385827" WIDTH="264.56692913385825" VPOS="1314.9606299212599" HPOS="1633.0708661417323" CONTENT="4239" ID="tl_77_1" STYLEREFS="FONT0"/>
            <SP HEIGHT="64.56692913385827" WIDTH="33.07086614173228" VPOS="1314.9606299212599" HPOS="1897.6377952755906"/>
            <String HEIGHT="64.56692913385827" WIDTH="593.7007874015748" VPOS="1314.9606299212599" HPOS="1798.4251968503936" CONTENT="BERGSON" ID="tl_77_2" STYLEREFS="FONT1"/>
            <SP HEIGHT="64.56692913385827" WIDTH="33.07086614173228" VPOS="1314.9606299212599" HPOS="2392.1259842519685"/>
            <String HEIGHT="64.56692913385827" WIDTH="395.2755905511811" VPOS="1314.9606299212599" HPOS="2292.9133858267714" CONTENT="(Henri)," ID="tl_77_3" STYLEREFS="FONT0"/>
            <SP HEIGHT="64.56692913385827" WIDTH="33.07086614173228" VPOS="1314.9606299212599" HPOS="2688.1889763779527"/>
            <String HEIGHT="64.56692913385827" WIDTH="362.20472440944883" VPOS="1314.9606299212599" HPOS="2590.551181102362" CONTENT="célèbre" ID="tl_77_4" STYLEREFS="FONT0"/>
            <SP HEIGHT="64.56692913385827" WIDTH="33.07086614173228" VPOS="1314.9606299212599" HPOS="2952.755905511811"/>
            <String HEIGHT="64.56692913385827" WIDTH="198.4251968503937" VPOS="1314.9606299212599" HPOS="2820.472440944882" CONTENT="phi" ID="tl_77_5" STYLEREFS="FONT0"/>
          </TextLine>
        </TextBlock>
        <TextBlock ID="r_4_6" HEIGHT="144.88188976377953" WIDTH="1280.3149606299212" VPOS="1388.976377952756" HPOS="1738.5826771653544">
          <TextLine ID="tl_78" BASELINE="924" HEIGHT="64.56692913385827" WIDTH="1277.1653543307086" VPOS="1390.5511811023623" HPOS="1740.1574803149606">
            <String HEIGHT="64.56692913385827" WIDTH="382.6771653543307" VPOS="1390.5511811023623" HPOS="1708.6614173228347" CONTENT="losophe." ID="tl_78_1" STYLEREFS="FONT0"/>
            <SP HEIGHT="64.56692913385827" WIDTH="31.496062992125985" VPOS="1390.5511811023623" HPOS="2091.3385826771655"/>
            <String HEIGHT="64.56692913385827" WIDTH="159.0551181102362" VPOS="1390.5511811023623" HPOS="1995.275590551181" CONTENT="—" ID="tl_78_2" STYLEREFS="FONT0"/>
            <SP HEIGHT="64.56692913385827" WIDTH="31.496062992125985" VPOS="1390.5511811023623" HPOS="2155.9055118110236"/>
            <String HEIGHT="64.56692913385827" WIDTH="192.1259842519685" VPOS="1390.5511811023623" HPOS="2059.8425196850394" CONTENT="L." ID="tl_78_3" STYLEREFS="FONT0"/>
            <SP HEIGHT="64.56692913385827" WIDTH="31.496062992125985" VPOS="1390.5511811023623" HPOS="2250.3937007874015"/>
            <String HEIGHT="64.56692913385827" WIDTH="192.1259842519685" VPOS="1390.5511811023623" HPOS="2155.9055118110236" CONTENT="a." ID="tl_78_4" STYLEREFS="FONT0"/>
            <SP HEIGHT="64.56692913385827" WIDTH="31.496062992125985" VPOS="1390.5511811023623" HPOS="2346.4566929133857"/>
            <String HEIGHT="64.56692913385827" WIDTH="192.1259842519685" VPOS="1390.5511811023623" HPOS="2250.3937007874015" CONTENT="s." ID="tl_78_5" STYLEREFS="FONT0"/>
            <SP HEIGHT="64.56692913385827" WIDTH="31.496062992125985" VPOS="1390.5511811023623" HPOS="2442.51968503937"/>
            <String HEIGHT="64.56692913385827" WIDTH="159.0551181102362" VPOS="1390.5511811023623" HPOS="2346.4566929133857" CONTENT="à" ID="tl_78_6" STYLEREFS="FONT0"/>
            <SP HEIGHT="64.56692913385827" WIDTH="31.496062992125985" VPOS="1390.5511811023623" HPOS="2507.0866141732286"/>
            <String HEIGHT="64.56692913385827" WIDTH="192.1259842519685" VPOS="1390.5511811023623" HPOS="2411.0236220472443" CONTENT="un" ID="tl_78_7" STYLEREFS="FONT0"/>
            <SP HEIGHT="64.56692913385827" WIDTH="31.496062992125985" VPOS="1390.5511811023623" HPOS="2601.5748031496064"/>
            <String HEIGHT="64.56692913385827" WIDTH="415.748031496063" VPOS="1390.5511811023623" HPOS="2507.0866141732286" CONTENT="confrère," ID="tl_78_8" STYLEREFS="FONT0"/>
            <SP HEIGHT="64.56692913385827" WIDTH="31.496062992125985" VPOS="1390.5511811023623" HPOS="2921.259842519685"/>
            <String HEIGHT="64.56692913385827" WIDTH="223.6220472440945" VPOS="1390.5511811023623" HPOS="2793.700787401575" CONTENT="1916," ID="tl_78_9" STYLEREFS="FONT0"/>
          </TextLine>
          <TextLine ID="tl_79" BASELINE="973" HEIGHT="66.14173228346456" WIDTH="1270.8661417322835" VPOS="1466.1417322834645" HPOS="1743.3070866141732">
            <String HEIGHT="66.14173228346456" WIDTH="275.59055118110234" VPOS="1466.1417322834645" HPOS="1688.1889763779527" CONTENT="1" ID="tl_79_1" STYLEREFS="FONT0"/>
            <SP HEIGHT="66.14173228346456" WIDTH="55.118110236220474" VPOS="1466.1417322834645" HPOS="1963.7795275590552"/>
            <String HEIGHT="66.14173228346456" WIDTH="332.2834645669291" VPOS="1466.1417322834645" HPOS="1798.4251968503936" CONTENT="p." ID="tl_79_2" STYLEREFS="FONT0"/>
            <SP HEIGHT="66.14173228346456" WIDTH="55.118110236220474" VPOS="1466.1417322834645" HPOS="2130.7086614173227"/>
            <String HEIGHT="66.14173228346456" WIDTH="275.59055118110234" VPOS="1466.1417322834645" HPOS="1963.7795275590552" CONTENT="1" ID="tl_79_3" STYLEREFS="FONT0"/>
            <SP HEIGHT="66.14173228346456" WIDTH="55.118110236220474" VPOS="1466.1417322834645" HPOS="2240.9448818897636"/>
            <String HEIGHT="66.14173228346456" WIDTH="387.40157480314963" VPOS="1466.1417322834645" HPOS="2075.5905511811025" CONTENT="/2," ID="tl_79_4" STYLEREFS="FONT0"/>
            <SP HEIGHT="66.14173228346456" WIDTH="55.118110236220474" VPOS="1466.1417322834645" HPOS="2461.417322834646"/>
            <String HEIGHT="66.14173228346456" WIDTH="497.6377952755906" VPOS="1466.1417322834645" HPOS="2296.0629921259842" CONTENT="in-8." ID="tl_79_5" STYLEREFS="FONT0"/>
            <SP HEIGHT="66.14173228346456" WIDTH="55.118110236220474" VPOS="1466.1417322834645" HPOS="2793.700787401575"/>
            <String HEIGHT="66.14173228346456" WIDTH="332.2834645669291" VPOS="1466.1417322834645" HPOS="2626.771653543307" CONTENT="50" ID="tl_79_6" STYLEREFS="FONT0"/>
            <SP HEIGHT="66.14173228346456" WIDTH="55.118110236220474" VPOS="1466.1417322834645" HPOS="2959.0551181102364"/>
            <String HEIGHT="66.14173228346456" WIDTH="275.59055118110234" VPOS="1466.1417322834645" HPOS="2738.582677165354" CONTENT="fr." ID="tl_79_7" STYLEREFS="FONT0"/>
          </TextLine>
        </TextBlock>
        <TextBlock ID="r_4_7" HEIGHT="220.4724409448819" WIDTH="1223.6220472440946" VPOS="1552.755905511811" HPOS="1796.8503937007874">
          <TextLine ID="tl_80" BASELINE="1022" HEIGHT="55.118110236220474" WIDTH="1144.8818897637796" VPOS="1554.3307086614172" HPOS="1874.015748031496">
            <String HEIGHT="55.118110236220474" WIDTH="176.3779527559055" VPOS="1554.3307086614172" HPOS="1844.0944881889764" CONTENT="11" ID="tl_80_1" STYLEREFS="FONT0"/>
            <SP HEIGHT="55.118110236220474" WIDTH="29.921259842519685" VPOS="1554.3307086614172" HPOS="2020.4724409448818"/>
            <String HEIGHT="55.118110236220474" WIDTH="204.7244094488189" VPOS="1554.3307086614172" HPOS="1932.283464566929" CONTENT="lui" ID="tl_80_2" STYLEREFS="FONT0"/>
            <SP HEIGHT="55.118110236220474" WIDTH="29.921259842519685" VPOS="1554.3307086614172" HPOS="2138.582677165354"/>
            <String HEIGHT="55.118110236220474" WIDTH="352.755905511811" VPOS="1554.3307086614172" HPOS="2050.3937007874015" CONTENT="présente" ID="tl_80_3" STYLEREFS="FONT0"/>
            <SP HEIGHT="55.118110236220474" WIDTH="29.921259842519685" VPOS="1554.3307086614172" HPOS="2403.149606299213"/>
            <String HEIGHT="55.118110236220474" WIDTH="176.3779527559055" VPOS="1554.3307086614172" HPOS="2314.9606299212596" CONTENT="M." ID="tl_80_4" STYLEREFS="FONT0"/>
            <SP HEIGHT="55.118110236220474" WIDTH="29.921259842519685" VPOS="1554.3307086614172" HPOS="2489.763779527559"/>
            <String HEIGHT="55.118110236220474" WIDTH="322.8346456692913" VPOS="1554.3307086614172" HPOS="2403.149606299213" CONTENT="Charles" ID="tl_80_5" STYLEREFS="FONT0"/>
            <SP HEIGHT="55.118110236220474" WIDTH="29.921259842519685" VPOS="1554.3307086614172" HPOS="2725.984251968504"/>
            <String HEIGHT="55.118110236220474" WIDTH="322.8346456692913" VPOS="1554.3307086614172" HPOS="2637.7952755905512" CONTENT="Bioche," ID="tl_80_6" STYLEREFS="FONT0"/>
            <SP HEIGHT="55.118110236220474" WIDTH="29.921259842519685" VPOS="1554.3307086614172" HPOS="2960.6299212598424"/>
            <String HEIGHT="55.118110236220474" WIDTH="176.3779527559055" VPOS="1554.3307086614172" HPOS="2842.51968503937" CONTENT="pro" SUBS_TYPE="HypPart1" SUBS_CONTENT="professeur" ID="tl_80_7" STYLEREFS="FONT0"/>
            <HYP CONTENT="-"/>
          </TextLine>
          <TextLine ID="tl_81" BASELINE="1057" HEIGHT="55.118110236220474" WIDTH="1215.748031496063" VPOS="1609.4488188976377" HPOS="1801.5748031496064">
            <String HEIGHT="55.118110236220474" WIDTH="371.65354330708664" VPOS="1609.4488188976377" HPOS="1768.5039370078741" CONTENT="fesseur" SUBS_TYPE="HypPart2" SUBS_CONTENT="professeur" ID="tl_81_1" STYLEREFS="FONT0"/>
            <SP HEIGHT="55.118110236220474" WIDTH="33.07086614173228" VPOS="1609.4488188976377" HPOS="2138.582677165354"/>
            <String HEIGHT="55.118110236220474" WIDTH="203.1496062992126" VPOS="1609.4488188976377" HPOS="2037.7952755905512" CONTENT="de" ID="tl_81_2" STYLEREFS="FONT0"/>
            <SP HEIGHT="55.118110236220474" WIDTH="33.07086614173228" VPOS="1609.4488188976377" HPOS="2240.9448818897636"/>
            <String HEIGHT="55.118110236220474" WIDTH="607.8740157480315" VPOS="1609.4488188976377" HPOS="2138.582677165354" CONTENT="mathématiques," ID="tl_81_3" STYLEREFS="FONT0"/>
            <SP HEIGHT="55.118110236220474" WIDTH="33.07086614173228" VPOS="1609.4488188976377" HPOS="2746.4566929133857"/>
            <String HEIGHT="55.118110236220474" WIDTH="236.2204724409449" VPOS="1609.4488188976377" HPOS="2645.6692913385828" CONTENT="qui" ID="tl_81_4" STYLEREFS="FONT0"/>
            <SP HEIGHT="55.118110236220474" WIDTH="33.07086614173228" VPOS="1609.4488188976377" HPOS="2881.8897637795276"/>
            <String HEIGHT="55.118110236220474" WIDTH="270.86614173228344" VPOS="1609.4488188976377" HPOS="2746.4566929133857" CONTENT="désire" ID="tl_81_5" STYLEREFS="FONT0"/>
          </TextLine>
          <TextLine ID="tl_82" BASELINE="1094" HEIGHT="56.69291338582677" WIDTH="1220.4724409448818" VPOS="1666.1417322834645" HPOS="1798.4251968503936">
            <String HEIGHT="56.69291338582677" WIDTH="475.59055118110234" VPOS="1666.1417322834645" HPOS="1768.5039370078741" CONTENT="l’entretenir" ID="tl_82_1" STYLEREFS="FONT0"/>
            <SP HEIGHT="56.69291338582677" WIDTH="29.921259842519685" VPOS="1666.1417322834645" HPOS="2245.6692913385828"/>
            <String HEIGHT="56.69291338582677" WIDTH="237.79527559055117" VPOS="1666.1417322834645" HPOS="2155.9055118110236" CONTENT="d’un" ID="tl_82_2" STYLEREFS="FONT0"/>
            <SP HEIGHT="56.69291338582677" WIDTH="29.921259842519685" VPOS="1666.1417322834645" HPOS="2393.700787401575"/>
            <String HEIGHT="56.69291338582677" WIDTH="297.6377952755906" VPOS="1666.1417322834645" HPOS="2303.9370078740158" CONTENT="projet" ID="tl_82_3" STYLEREFS="FONT0"/>
            <SP HEIGHT="56.69291338582677" WIDTH="29.921259842519685" VPOS="1666.1417322834645" HPOS="2601.5748031496064"/>
            <String HEIGHT="56.69291338582677" WIDTH="267.7165354330709" VPOS="1666.1417322834645" HPOS="2513.3858267716537" CONTENT="utile" ID="tl_82_4" STYLEREFS="FONT0"/>
            <SP HEIGHT="56.69291338582677" WIDTH="29.921259842519685" VPOS="1666.1417322834645" HPOS="2781.1023622047246"/>
            <String HEIGHT="56.69291338582677" WIDTH="149.60629921259843" VPOS="1666.1417322834645" HPOS="2691.3385826771655" CONTENT="à" ID="tl_82_5" STYLEREFS="FONT0"/>
            <SP HEIGHT="56.69291338582677" WIDTH="29.921259842519685" VPOS="1666.1417322834645" HPOS="2840.9448818897636"/>
            <String HEIGHT="56.69291338582677" WIDTH="297.6377952755906" VPOS="1666.1417322834645" HPOS="2721.259842519685" CONTENT="réaliser" ID="tl_82_6" STYLEREFS="FONT0"/>
          </TextLine>
          <TextLine ID="tl_83" BASELINE="1125" HEIGHT="45.669291338582674" WIDTH="555.9055118110236" VPOS="1725.984251968504" HPOS="1800.0">
            <String HEIGHT="45.669291338582674" WIDTH="146.45669291338584" VPOS="1725.984251968504" HPOS="1770.0787401574803" CONTENT="à" ID="tl_83_1" STYLEREFS="FONT0"/>
            <SP HEIGHT="45.669291338582674" WIDTH="29.921259842519685" VPOS="1725.984251968504" HPOS="1916.5354330708662"/>
            <String HEIGHT="45.669291338582674" WIDTH="321.25984251968504" VPOS="1725.984251968504" HPOS="1829.9212598425197" CONTENT="l’heure" ID="tl_83_2" STYLEREFS="FONT0"/>
            <SP HEIGHT="45.669291338582674" WIDTH="29.921259842519685" VPOS="1725.984251968504" HPOS="2151.181102362205"/>
            <String HEIGHT="45.669291338582674" WIDTH="321.25984251968504" VPOS="1725.984251968504" HPOS="2034.6456692913387" CONTENT="actuelle." ID="tl_83_3" STYLEREFS="FONT0"/>
          </TextLine>
        </TextBlock>
        <TextBlock ID="r_4_8" HEIGHT="132.28346456692913" WIDTH="1329.1338582677165" VPOS="1814.1732283464567" HPOS="1685.0393700787401">
          <TextLine ID="tl_84" BASELINE="1193" HEIGHT="62.99212598425197" WIDTH="1325.984251968504" VPOS="1815.748031496063" HPOS="1686.6141732283465">
            <String HEIGHT="62.99212598425197" WIDTH="174.8031496062992" VPOS="1815.748031496063" HPOS="1651.9685039370079" CONTENT="—" ID="tl_84_1" STYLEREFS="FONT0"/>
            <SP HEIGHT="62.99212598425197" WIDTH="34.645669291338585" VPOS="1815.748031496063" HPOS="1826.7716535433071"/>
            <String HEIGHT="62.99212598425197" WIDTH="628.3464566929134" VPOS="1815.748031496063" HPOS="1721.259842519685" CONTENT="BERGSON" ID="tl_84_2" STYLEREFS="FONT1"/>
            <SP HEIGHT="62.99212598425197" WIDTH="34.645669291338585" VPOS="1815.748031496063" HPOS="2349.6062992125985"/>
            <String HEIGHT="62.99212598425197" WIDTH="418.8976377952756" VPOS="1815.748031496063" HPOS="2245.6692913385828" CONTENT="(Henri)." ID="tl_84_3" STYLEREFS="FONT0"/>
            <SP HEIGHT="62.99212598425197" WIDTH="34.645669291338585" VPOS="1815.748031496063" HPOS="2662.9921259842517"/>
            <String HEIGHT="62.99212598425197" WIDTH="174.8031496062992" VPOS="1815.748031496063" HPOS="2559.0551181102364" CONTENT="—" ID="tl_84_4" STYLEREFS="FONT0"/>
            <SP HEIGHT="62.99212598425197" WIDTH="34.645669291338585" VPOS="1815.748031496063" HPOS="2733.8582677165355"/>
            <String HEIGHT="62.99212598425197" WIDTH="278.74015748031496" VPOS="1815.748031496063" HPOS="2628.3464566929133" CONTENT="Voir" ID="tl_84_5" STYLEREFS="FONT0"/>
            <SP HEIGHT="62.99212598425197" WIDTH="34.645669291338585" VPOS="1815.748031496063" HPOS="2908.6614173228345"/>
            <String HEIGHT="62.99212598425197" WIDTH="244.09448818897638" VPOS="1815.748031496063" HPOS="2768.503937007874" CONTENT="aussi" ID="tl_84_6" STYLEREFS="FONT0"/>
          </TextLine>
          <TextLine ID="tl_85" BASELINE="1235" HEIGHT="48.818897637795274" WIDTH="256.6929133858268" VPOS="1896.0629921259842" HPOS="1738.5826771653544">
            <String HEIGHT="48.818897637795274" WIDTH="192.1259842519685" VPOS="1896.0629921259842" HPOS="1707.0866141732283" CONTENT="n°" ID="tl_85_1" STYLEREFS="FONT0"/>
            <SP HEIGHT="48.818897637795274" WIDTH="31.496062992125985" VPOS="1896.0629921259842" HPOS="1899.2125984251968"/>
            <String HEIGHT="48.818897637795274" WIDTH="225.1968503937008" VPOS="1896.0629921259842" HPOS="1770.0787401574803" CONTENT="4482." ID="tl_85_2" STYLEREFS="FONT0"/>
          </TextLine>
        </TextBlock>
        <TextBlock ID="r_4_9" HEIGHT="223.6220472440945" WIDTH="1352.755905511811" VPOS="1992.1259842519685" HPOS="1659.8425196850394">
          <TextLine ID="tl_86" BASELINE="1307" HEIGHT="64.56692913385827" WIDTH="1349.6062992125985" VPOS="1993.7007874015749" HPOS="1661.4173228346456">
            <String HEIGHT="64.56692913385827" WIDTH="283.46456692913387" VPOS="1993.7007874015749" HPOS="1625.1968503937007" CONTENT="4240" ID="tl_86_1" STYLEREFS="FONT0"/>
            <SP HEIGHT="64.56692913385827" WIDTH="36.22047244094488" VPOS="1993.7007874015749" HPOS="1910.236220472441"/>
            <String HEIGHT="64.56692913385827" WIDTH="710.2362204724409" VPOS="1993.7007874015749" HPOS="1803.1496062992126" CONTENT="BERNHARDT" ID="tl_86_2" STYLEREFS="FONT1"/>
            <SP HEIGHT="64.56692913385827" WIDTH="36.22047244094488" VPOS="1993.7007874015749" HPOS="2513.3858267716537"/>
            <String HEIGHT="64.56692913385827" WIDTH="426.7716535433071" VPOS="1993.7007874015749" HPOS="2407.8740157480315" CONTENT="(Sarah)," ID="tl_86_3" STYLEREFS="FONT0"/>
            <SP HEIGHT="64.56692913385827" WIDTH="36.22047244094488" VPOS="1993.7007874015749" HPOS="2833.0708661417325"/>
            <String HEIGHT="64.56692913385827" WIDTH="319.68503937007875" VPOS="1993.7007874015749" HPOS="2691.3385826771655" CONTENT="célèbre" ID="tl_86_4" STYLEREFS="FONT0"/>
          </TextLine>
          <TextLine ID="tl_87" BASELINE="1358" HEIGHT="69.29133858267717" WIDTH="1275.5905511811025" VPOS="2069.2913385826773" HPOS="1735.4330708661416">
            <String HEIGHT="69.29133858267717" WIDTH="566.9291338582677" VPOS="2069.2913385826773" HPOS="1700.7874015748032" CONTENT="tragédienne." ID="tl_87_1" STYLEREFS="FONT0"/>
            <SP HEIGHT="69.29133858267717" WIDTH="36.22047244094488" VPOS="2069.2913385826773" HPOS="2267.716535433071"/>
            <String HEIGHT="69.29133858267717" WIDTH="177.95275590551182" VPOS="2069.2913385826773" HPOS="2160.6299212598424" CONTENT="—" ID="tl_87_2" STYLEREFS="FONT0"/>
            <SP HEIGHT="69.29133858267717" WIDTH="36.22047244094488" VPOS="2069.2913385826773" HPOS="2338.582677165354"/>
            <String HEIGHT="69.29133858267717" WIDTH="212.5984251968504" VPOS="2069.2913385826773" HPOS="2231.496062992126" CONTENT="L." ID="tl_87_3" STYLEREFS="FONT0"/>
            <SP HEIGHT="69.29133858267717" WIDTH="36.22047244094488" VPOS="2069.2913385826773" HPOS="2444.0944881889764"/>
            <String HEIGHT="69.29133858267717" WIDTH="212.5984251968504" VPOS="2069.2913385826773" HPOS="2338.582677165354" CONTENT="s." ID="tl_87_4" STYLEREFS="FONT0"/>
            <SP HEIGHT="69.29133858267717" WIDTH="36.22047244094488" VPOS="2069.2913385826773" HPOS="2551.181102362205"/>
            <String HEIGHT="69.29133858267717" WIDTH="177.95275590551182" VPOS="2069.2913385826773" HPOS="2444.0944881889764" CONTENT="à" ID="tl_87_5" STYLEREFS="FONT0"/>
            <SP HEIGHT="69.29133858267717" WIDTH="36.22047244094488" VPOS="2069.2913385826773" HPOS="2622.047244094488"/>
            <String HEIGHT="69.29133858267717" WIDTH="212.5984251968504" VPOS="2069.2913385826773" HPOS="2514.9606299212596" CONTENT="un" ID="tl_87_6" STYLEREFS="FONT0"/>
            <SP HEIGHT="69.29133858267717" WIDTH="36.22047244094488" VPOS="2069.2913385826773" HPOS="2727.5590551181103"/>
            <String HEIGHT="69.29133858267717" WIDTH="425.1968503937008" VPOS="2069.2913385826773" HPOS="2585.8267716535433" CONTENT="rédacteur," ID="tl_87_7" STYLEREFS="FONT0"/>
          </TextLine>
          <TextLine ID="tl_88" BASELINE="1406" HEIGHT="70.86614173228347" WIDTH="1274.015748031496" VPOS="2143.3070866141734" HPOS="1735.4330708661416">
            <String HEIGHT="70.86614173228347" WIDTH="166.9291338582677" VPOS="2143.3070866141734" HPOS="1702.3622047244094" CONTENT="4" ID="tl_88_1" STYLEREFS="FONT0"/>
            <SP HEIGHT="70.86614173228347" WIDTH="33.07086614173228" VPOS="2143.3070866141734" HPOS="1869.291338582677"/>
            <String HEIGHT="70.86614173228347" WIDTH="201.5748031496063" VPOS="2143.3070866141734" HPOS="1768.5039370078741" CONTENT="p." ID="tl_88_2" STYLEREFS="FONT0"/>
            <SP HEIGHT="70.86614173228347" WIDTH="33.07086614173228" VPOS="2143.3070866141734" HPOS="1970.0787401574803"/>
            <String HEIGHT="70.86614173228347" WIDTH="335.43307086614175" VPOS="2143.3070866141734" HPOS="1869.291338582677" CONTENT="in-16," ID="tl_88_3" STYLEREFS="FONT0"/>
            <SP HEIGHT="70.86614173228347" WIDTH="33.07086614173228" VPOS="2143.3070866141734" HPOS="2204.7244094488187"/>
            <String HEIGHT="70.86614173228347" WIDTH="335.43307086614175" VPOS="2143.3070866141734" HPOS="2103.9370078740158" CONTENT="papier" ID="tl_88_4" STYLEREFS="FONT0"/>
            <SP HEIGHT="70.86614173228347" WIDTH="33.07086614173228" VPOS="2143.3070866141734" HPOS="2439.3700787401576"/>
            <String HEIGHT="70.86614173228347" WIDTH="166.9291338582677" VPOS="2143.3070866141734" HPOS="2338.582677165354" CONTENT="à" ID="tl_88_5" STYLEREFS="FONT0"/>
            <SP HEIGHT="70.86614173228347" WIDTH="33.07086614173228" VPOS="2143.3070866141734" HPOS="2507.0866141732286"/>
            <String HEIGHT="70.86614173228347" WIDTH="201.5748031496063" VPOS="2143.3070866141734" HPOS="2406.299212598425" CONTENT="sa" ID="tl_88_6" STYLEREFS="FONT0"/>
            <SP HEIGHT="70.86614173228347" WIDTH="33.07086614173228" VPOS="2143.3070866141734" HPOS="2607.8740157480315"/>
            <String HEIGHT="70.86614173228347" WIDTH="368.503937007874" VPOS="2143.3070866141734" HPOS="2507.0866141732286" CONTENT="devise." ID="tl_88_7" STYLEREFS="FONT0"/>
            <SP HEIGHT="70.86614173228347" WIDTH="33.07086614173228" VPOS="2143.3070866141734" HPOS="2875.5905511811025"/>
            <String HEIGHT="70.86614173228347" WIDTH="201.5748031496063" VPOS="2143.3070866141734" HPOS="2774.803149606299" CONTENT="25" ID="tl_88_8" STYLEREFS="FONT0"/>
            <SP HEIGHT="70.86614173228347" WIDTH="33.07086614173228" VPOS="2143.3070866141734" HPOS="2976.3779527559054"/>
            <String HEIGHT="70.86614173228347" WIDTH="166.9291338582677" VPOS="2143.3070866141734" HPOS="2842.51968503937" CONTENT="fr." ID="tl_88_9" STYLEREFS="FONT0"/>
          </TextLine>
        </TextBlock>
        <TextBlock ID="r_4_10" HEIGHT="223.6220472440945" WIDTH="1218.8976377952756" VPOS="2231.496062992126" HPOS="1796.8503937007874">
          <TextLine ID="tl_89" BASELINE="1454" HEIGHT="56.69291338582677" WIDTH="1149.6062992125985" VPOS="2233.0708661417325" HPOS="1864.5669291338584">
            <String HEIGHT="56.69291338582677" WIDTH="222.04724409448818" VPOS="2233.0708661417325" HPOS="1826.7716535433071" CONTENT="Ne" ID="tl_89_1" STYLEREFS="FONT0"/>
            <SP HEIGHT="56.69291338582677" WIDTH="37.79527559055118" VPOS="2233.0708661417325" HPOS="2050.3937007874015"/>
            <String HEIGHT="56.69291338582677" WIDTH="407.87401574803147" VPOS="2233.0708661417325" HPOS="1938.5826771653544" CONTENT="voulant" ID="tl_89_2" STYLEREFS="FONT0"/>
            <SP HEIGHT="56.69291338582677" WIDTH="37.79527559055118" VPOS="2233.0708661417325" HPOS="2346.4566929133857"/>
            <String HEIGHT="56.69291338582677" WIDTH="259.84251968503935" VPOS="2233.0708661417325" HPOS="2234.6456692913384" CONTENT="pas" ID="tl_89_3" STYLEREFS="FONT0"/>
            <SP HEIGHT="56.69291338582677" WIDTH="37.79527559055118" VPOS="2233.0708661417325" HPOS="2494.488188976378"/>
            <String HEIGHT="56.69291338582677" WIDTH="296.06299212598424" VPOS="2233.0708661417325" HPOS="2384.251968503937" CONTENT="être" ID="tl_89_4" STYLEREFS="FONT0"/>
            <SP HEIGHT="56.69291338582677" WIDTH="37.79527559055118" VPOS="2233.0708661417325" HPOS="2680.314960629921"/>
            <String HEIGHT="56.69291338582677" WIDTH="222.04724409448818" VPOS="2233.0708661417325" HPOS="2568.503937007874" CONTENT="la" ID="tl_89_5" STYLEREFS="FONT0"/>
            <SP HEIGHT="56.69291338582677" WIDTH="37.79527559055118" VPOS="2233.0708661417325" HPOS="2792.1259842519685"/>
            <String HEIGHT="56.69291338582677" WIDTH="333.8582677165354" VPOS="2233.0708661417325" HPOS="2680.314960629921" CONTENT="cause" ID="tl_89_6" STYLEREFS="FONT0"/>
            <SP HEIGHT="56.69291338582677" WIDTH="37.79527559055118" VPOS="2233.0708661417325" HPOS="3014.1732283464567"/>
            <String HEIGHT="56.69291338582677" WIDTH="148.03149606299212" VPOS="2233.0708661417325" HPOS="2866.1417322834645" CONTENT="de" ID="tl_89_7" STYLEREFS="FONT0"/>
          </TextLine>
          <TextLine ID="tl_90" BASELINE="1486" HEIGHT="50.39370078740158" WIDTH="1215.748031496063" VPOS="2289.763779527559" HPOS="1798.4251968503936">
            <String HEIGHT="50.39370078740158" WIDTH="560.6299212598425" VPOS="2289.763779527559" HPOS="1766.9291338582677" CONTENT="manifestations" ID="tl_90_1" STYLEREFS="FONT0"/>
            <SP HEIGHT="50.39370078740158" WIDTH="31.496062992125985" VPOS="2289.763779527559" HPOS="2329.1338582677167"/>
            <String HEIGHT="50.39370078740158" WIDTH="592.1259842519685" VPOS="2289.763779527559" HPOS="2234.6456692913384" CONTENT="contradictoires" ID="tl_90_2" STYLEREFS="FONT0"/>
            <SP HEIGHT="50.39370078740158" WIDTH="31.496062992125985" VPOS="2289.763779527559" HPOS="2826.771653543307"/>
            <String HEIGHT="50.39370078740158" WIDTH="248.8188976377953" VPOS="2289.763779527559" HPOS="2733.8582677165355" CONTENT="elle" ID="tl_90_3" STYLEREFS="FONT0"/>
            <SP HEIGHT="50.39370078740158" WIDTH="31.496062992125985" VPOS="2289.763779527559" HPOS="2982.6771653543306"/>
            <String HEIGHT="50.39370078740158" WIDTH="155.90551181102362" VPOS="2289.763779527559" HPOS="2858.267716535433" CONTENT="re" SUBS_TYPE="HypPart1" SUBS_CONTENT="refuse" ID="tl_90_4" STYLEREFS="FONT0"/>
            <HYP CONTENT="-"/>
          </TextLine>
          <TextLine ID="tl_91" BASELINE="1522" HEIGHT="53.54330708661417" WIDTH="1211.023622047244" VPOS="2343.3070866141734" HPOS="1798.4251968503936">
            <String HEIGHT="53.54330708661417" WIDTH="248.8188976377953" VPOS="2343.3070866141734" HPOS="1766.9291338582677" CONTENT="fuse" SUBS_TYPE="HypPart2" SUBS_CONTENT="refuse" ID="tl_91_1" STYLEREFS="FONT0"/>
            <SP HEIGHT="53.54330708661417" WIDTH="31.496062992125985" VPOS="2343.3070866141734" HPOS="2015.748031496063"/>
            <String HEIGHT="53.54330708661417" WIDTH="217.3228346456693" VPOS="2343.3070866141734" HPOS="1922.8346456692914" CONTENT="son" ID="tl_91_2" STYLEREFS="FONT0"/>
            <SP HEIGHT="53.54330708661417" WIDTH="31.496062992125985" VPOS="2343.3070866141734" HPOS="2140.1574803149606"/>
            <String HEIGHT="53.54330708661417" WIDTH="373.2283464566929" VPOS="2343.3070866141734" HPOS="2047.244094488189" CONTENT="concours" ID="tl_91_3" STYLEREFS="FONT0"/>
            <SP HEIGHT="53.54330708661417" WIDTH="31.496062992125985" VPOS="2343.3070866141734" HPOS="2418.8976377952754"/>
            <String HEIGHT="53.54330708661417" WIDTH="155.90551181102362" VPOS="2343.3070866141734" HPOS="2325.984251968504" CONTENT="à" ID="tl_91_4" STYLEREFS="FONT0"/>
            <SP HEIGHT="53.54330708661417" WIDTH="31.496062992125985" VPOS="2343.3070866141734" HPOS="2481.8897637795276"/>
            <String HEIGHT="53.54330708661417" WIDTH="185.82677165354332" VPOS="2343.3070866141734" HPOS="2388.9763779527557" CONTENT="la" ID="tl_91_5" STYLEREFS="FONT0"/>
            <SP HEIGHT="53.54330708661417" WIDTH="31.496062992125985" VPOS="2343.3070866141734" HPOS="2574.803149606299"/>
            <String HEIGHT="53.54330708661417" WIDTH="248.8188976377953" VPOS="2343.3070866141734" HPOS="2481.8897637795276" CONTENT="fête" ID="tl_91_6" STYLEREFS="FONT0"/>
            <SP HEIGHT="53.54330708661417" WIDTH="31.496062992125985" VPOS="2343.3070866141734" HPOS="2730.7086614173227"/>
            <String HEIGHT="53.54330708661417" WIDTH="310.23622047244095" VPOS="2343.3070866141734" HPOS="2636.220472440945" CONTENT="dédiée" ID="tl_91_7" STYLEREFS="FONT0"/>
            <SP HEIGHT="53.54330708661417" WIDTH="31.496062992125985" VPOS="2343.3070866141734" HPOS="2948.031496062992"/>
            <String HEIGHT="53.54330708661417" WIDTH="155.90551181102362" VPOS="2343.3070866141734" HPOS="2853.5433070866143" CONTENT="à" ID="tl_91_8" STYLEREFS="FONT0"/>
            <SP HEIGHT="53.54330708661417" WIDTH="31.496062992125985" VPOS="2343.3070866141734" HPOS="3009.448818897638"/>
            <String HEIGHT="53.54330708661417" WIDTH="124.40944881889764" VPOS="2343.3070866141734" HPOS="2885.0393700787404" CONTENT="la" ID="tl_91_9" STYLEREFS="FONT0"/>
          </TextLine>
          <TextLine ID="tl_92" BASELINE="1558" HEIGHT="47.24409448818898" WIDTH="875.5905511811023" VPOS="2406.299212598425" HPOS="1798.4251968503936">
            <String HEIGHT="47.24409448818898" WIDTH="357.4803149606299" VPOS="2406.299212598425" HPOS="1765.3543307086613" CONTENT="mémoire" ID="tl_92_1" STYLEREFS="FONT0"/>
            <SP HEIGHT="47.24409448818898" WIDTH="33.07086614173228" VPOS="2406.299212598425" HPOS="2122.834645669291"/>
            <String HEIGHT="47.24409448818898" WIDTH="388.9763779527559" VPOS="2406.299212598425" HPOS="2025.1968503937007" CONTENT="d’Alfred" ID="tl_92_2" STYLEREFS="FONT0"/>
            <SP HEIGHT="47.24409448818898" WIDTH="33.07086614173228" VPOS="2406.299212598425" HPOS="2414.1732283464567"/>
            <String HEIGHT="47.24409448818898" WIDTH="195.2755905511811" VPOS="2406.299212598425" HPOS="2316.535433070866" CONTENT="de" ID="tl_92_3" STYLEREFS="FONT0"/>
            <SP HEIGHT="47.24409448818898" WIDTH="33.07086614173228" VPOS="2406.299212598425" HPOS="2511.8110236220473"/>
            <String HEIGHT="47.24409448818898" WIDTH="291.33858267716533" VPOS="2406.299212598425" HPOS="2382.6771653543306" CONTENT="Musset." ID="tl_92_4" STYLEREFS="FONT0"/>
          </TextLine>
        </TextBlock>
        <TextBlock ID="r_4_11" HEIGHT="442.5196850393701" WIDTH="1355.9055118110236" VPOS="2508.6614173228345" HPOS="1656.6929133858268">
          <TextLine ID="tl_93" BASELINE="1637" HEIGHT="67.71653543307086" WIDTH="1349.6062992125985" VPOS="2510.236220472441" HPOS="1658.267716535433">
            <String HEIGHT="67.71653543307086" WIDTH="262.99212598425197" VPOS="2510.236220472441" HPOS="1625.1968503937007" CONTENT="4211" ID="tl_93_1" STYLEREFS="FONT0"/>
            <SP HEIGHT="67.71653543307086" WIDTH="33.07086614173228" VPOS="2510.236220472441" HPOS="1888.1889763779527"/>
            <String HEIGHT="67.71653543307086" WIDTH="592.1259842519685" VPOS="2510.236220472441" HPOS="1790.5511811023623" CONTENT="BERRYER" ID="tl_93_2" STYLEREFS="FONT1"/>
            <SP HEIGHT="67.71653543307086" WIDTH="33.07086614173228" VPOS="2510.236220472441" HPOS="2382.6771653543306"/>
            <String HEIGHT="67.71653543307086" WIDTH="229.92125984251967" VPOS="2510.236220472441" HPOS="2283.464566929134" CONTENT="(P." ID="tl_93_3" STYLEREFS="FONT0"/>
            <SP HEIGHT="67.71653543307086" WIDTH="33.07086614173228" VPOS="2510.236220472441" HPOS="2513.3858267716537"/>
            <String HEIGHT="67.71653543307086" WIDTH="428.34645669291336" VPOS="2510.236220472441" HPOS="2415.748031496063" CONTENT="Nicolas)," ID="tl_93_4" STYLEREFS="FONT0"/>
            <SP HEIGHT="67.71653543307086" WIDTH="33.07086614173228" VPOS="2510.236220472441" HPOS="2842.51968503937"/>
            <String HEIGHT="67.71653543307086" WIDTH="296.06299212598424" VPOS="2510.236220472441" HPOS="2711.8110236220473" CONTENT="célèbre" ID="tl_93_5" STYLEREFS="FONT0"/>
          </TextLine>
          <TextLine ID="tl_94" BASELINE="1688" HEIGHT="70.86614173228347" WIDTH="1277.1653543307086" VPOS="2587.4015748031497" HPOS="1733.8582677165355">
            <String HEIGHT="70.86614173228347" WIDTH="327.5590551181102" VPOS="2587.4015748031497" HPOS="1700.7874015748032" CONTENT="avocat" ID="tl_94_1" STYLEREFS="FONT0"/>
            <SP HEIGHT="70.86614173228347" WIDTH="33.07086614173228" VPOS="2587.4015748031497" HPOS="2028.3464566929133"/>
            <String HEIGHT="70.86614173228347" WIDTH="196.8503937007874" VPOS="2587.4015748031497" HPOS="1930.708661417323" CONTENT="et" ID="tl_94_2" STYLEREFS="FONT0"/>
            <SP HEIGHT="70.86614173228347" WIDTH="33.07086614173228" VPOS="2587.4015748031497" HPOS="2127.5590551181103"/>
            <String HEIGHT="70.86614173228347" WIDTH="557.4803149606299" VPOS="2587.4015748031497" HPOS="2028.3464566929133" CONTENT="jurisconsulte" ID="tl_94_3" STYLEREFS="FONT0"/>
            <SP HEIGHT="70.86614173228347" WIDTH="33.07086614173228" VPOS="2587.4015748031497" HPOS="2585.8267716535433"/>
            <String HEIGHT="70.86614173228347" WIDTH="524.4094488188977" VPOS="2587.4015748031497" HPOS="2486.6141732283463" CONTENT="(1757-1841)." ID="tl_94_4" STYLEREFS="FONT0"/>
            <SP HEIGHT="70.86614173228347" WIDTH="33.07086614173228" VPOS="2587.4015748031497" HPOS="3011.0236220472443"/>
            <String HEIGHT="70.86614173228347" WIDTH="130.70866141732284" VPOS="2587.4015748031497" HPOS="2880.314960629921" CONTENT="—" SUBS_TYPE="HypPart1" SUBS_CONTENT="—L." ID="tl_94_5" STYLEREFS="FONT0"/>
            <HYP CONTENT="-"/>
          </TextLine>
          <TextLine ID="tl_95" BASELINE="1730" HEIGHT="61.41732283464567" WIDTH="1270.8661417322835" VPOS="2662.9921259842517" HPOS="1733.8582677165355">
            <String HEIGHT="61.41732283464567" WIDTH="212.5984251968504" VPOS="2662.9921259842517" HPOS="1699.2125984251968" CONTENT="L." SUBS_TYPE="HypPart2" SUBS_CONTENT="—L." ID="tl_95_1" STYLEREFS="FONT0"/>
            <SP HEIGHT="61.41732283464567" WIDTH="34.645669291338585" VPOS="2662.9921259842517" HPOS="1910.236220472441"/>
            <String HEIGHT="61.41732283464567" WIDTH="212.5984251968504" VPOS="2662.9921259842517" HPOS="1804.724409448819" CONTENT="a." ID="tl_95_2" STYLEREFS="FONT0"/>
            <SP HEIGHT="61.41732283464567" WIDTH="34.645669291338585" VPOS="2662.9921259842517" HPOS="2015.748031496063"/>
            <String HEIGHT="61.41732283464567" WIDTH="176.3779527559055" VPOS="2662.9921259842517" HPOS="1910.236220472441" CONTENT="s" ID="tl_95_3" STYLEREFS="FONT0"/>
            <SP HEIGHT="61.41732283464567" WIDTH="34.645669291338585" VPOS="2662.9921259842517" HPOS="2086.6141732283463"/>
            <String HEIGHT="61.41732283464567" WIDTH="212.5984251968504" VPOS="2662.9921259842517" HPOS="1981.1023622047244" CONTENT="au" ID="tl_95_4" STYLEREFS="FONT0"/>
            <SP HEIGHT="61.41732283464567" WIDTH="34.645669291338585" VPOS="2662.9921259842517" HPOS="2192.1259842519685"/>
            <String HEIGHT="61.41732283464567" WIDTH="458.26771653543307" VPOS="2662.9921259842517" HPOS="2086.6141732283463" CONTENT="chevalier" ID="tl_95_5" STYLEREFS="FONT0"/>
            <SP HEIGHT="61.41732283464567" WIDTH="34.645669291338585" VPOS="2662.9921259842517" HPOS="2546.4566929133857"/>
            <String HEIGHT="61.41732283464567" WIDTH="388.9763779527559" VPOS="2662.9921259842517" HPOS="2439.3700787401576" CONTENT="Deleuze" ID="tl_95_6" STYLEREFS="FONT0"/>
            <SP HEIGHT="61.41732283464567" WIDTH="34.645669291338585" VPOS="2662.9921259842517" HPOS="2828.3464566929133"/>
            <String HEIGHT="61.41732283464567" WIDTH="318.1102362204724" VPOS="2662.9921259842517" HPOS="2686.6141732283463" CONTENT="(1836)," ID="tl_95_7" STYLEREFS="FONT0"/>
          </TextLine>
          <TextLine ID="tl_96" BASELINE="1785" HEIGHT="74.01574803149606" WIDTH="1270.8661417322835" VPOS="2737.0078740157483" HPOS="1735.4330708661416">
            <String HEIGHT="74.01574803149606" WIDTH="166.9291338582677" VPOS="2737.0078740157483" HPOS="1702.3622047244094" CONTENT="1" ID="tl_96_1" STYLEREFS="FONT0"/>
            <SP HEIGHT="74.01574803149606" WIDTH="33.07086614173228" VPOS="2737.0078740157483" HPOS="1869.291338582677"/>
            <String HEIGHT="74.01574803149606" WIDTH="200.0" VPOS="2737.0078740157483" HPOS="1768.5039370078741" CONTENT="/2" ID="tl_96_2" STYLEREFS="FONT0"/>
            <SP HEIGHT="74.01574803149606" WIDTH="33.07086614173228" VPOS="2737.0078740157483" HPOS="1970.0787401574803"/>
            <String HEIGHT="74.01574803149606" WIDTH="200.0" VPOS="2737.0078740157483" HPOS="1869.291338582677" CONTENT="p." ID="tl_96_3" STYLEREFS="FONT0"/>
            <SP HEIGHT="74.01574803149606" WIDTH="33.07086614173228" VPOS="2737.0078740157483" HPOS="2069.2913385826773"/>
            <String HEIGHT="74.01574803149606" WIDTH="300.78740157480314" VPOS="2737.0078740157483" HPOS="1970.0787401574803" CONTENT="in-4," ID="tl_96_4" STYLEREFS="FONT0"/>
            <SP HEIGHT="74.01574803149606" WIDTH="33.07086614173228" VPOS="2737.0078740157483" HPOS="2270.8661417322833"/>
            <String HEIGHT="74.01574803149606" WIDTH="502.3622047244094" VPOS="2737.0078740157483" HPOS="2170.0787401574803" CONTENT="accompagnée" ID="tl_96_5" STYLEREFS="FONT0"/>
            <SP HEIGHT="74.01574803149606" WIDTH="33.07086614173228" VPOS="2737.0078740157483" HPOS="2672.4409448818897"/>
            <String HEIGHT="74.01574803149606" WIDTH="267.7165354330709" VPOS="2737.0078740157483" HPOS="2571.6535433070867" CONTENT="d’un" ID="tl_96_6" STYLEREFS="FONT0"/>
            <SP HEIGHT="74.01574803149606" WIDTH="33.07086614173228" VPOS="2737.0078740157483" HPOS="2839.3700787401576"/>
            <String HEIGHT="74.01574803149606" WIDTH="300.78740157480314" VPOS="2737.0078740157483" HPOS="2705.511811023622" CONTENT="article" ID="tl_96_7" STYLEREFS="FONT0"/>
          </TextLine>
          <TextLine ID="tl_97" BASELINE="1833" HEIGHT="72.44094488188976" WIDTH="1275.5905511811025" VPOS="2814.1732283464567" HPOS="1730.708661417323">
            <String HEIGHT="72.44094488188976" WIDTH="474.01574803149606" VPOS="2814.1732283464567" HPOS="1694.4881889763778" CONTENT="(imprimé)" ID="tl_97_1" STYLEREFS="FONT0"/>
            <SP HEIGHT="72.44094488188976" WIDTH="36.22047244094488" VPOS="2814.1732283464567" HPOS="2168.503937007874"/>
            <String HEIGHT="72.44094488188976" WIDTH="218.89763779527559" VPOS="2814.1732283464567" HPOS="2058.267716535433" CONTENT="de" ID="tl_97_2" STYLEREFS="FONT0"/>
            <SP HEIGHT="72.44094488188976" WIDTH="36.22047244094488" VPOS="2814.1732283464567" HPOS="2277.165354330709"/>
            <String HEIGHT="72.44094488188976" WIDTH="182.6771653543307" VPOS="2814.1732283464567" HPOS="2168.503937007874" CONTENT="5" ID="tl_97_3" STYLEREFS="FONT0"/>
            <SP HEIGHT="72.44094488188976" WIDTH="36.22047244094488" VPOS="2814.1732283464567" HPOS="2349.6062992125985"/>
            <String HEIGHT="72.44094488188976" WIDTH="255.11811023622047" VPOS="2814.1732283464567" HPOS="2240.9448818897636" CONTENT="pp." ID="tl_97_4" STYLEREFS="FONT0"/>
            <SP HEIGHT="72.44094488188976" WIDTH="36.22047244094488" VPOS="2814.1732283464567" HPOS="2496.0629921259842"/>
            <String HEIGHT="72.44094488188976" WIDTH="182.6771653543307" VPOS="2814.1732283464567" HPOS="2387.4015748031497" CONTENT="1" ID="tl_97_5" STYLEREFS="FONT0"/>
            <SP HEIGHT="72.44094488188976" WIDTH="36.22047244094488" VPOS="2814.1732283464567" HPOS="2568.503937007874"/>
            <String HEIGHT="72.44094488188976" WIDTH="255.11811023622047" VPOS="2814.1732283464567" HPOS="2459.8425196850394" CONTENT="/2," ID="tl_97_6" STYLEREFS="FONT0"/>
            <SP HEIGHT="72.44094488188976" WIDTH="36.22047244094488" VPOS="2814.1732283464567" HPOS="2714.9606299212596"/>
            <String HEIGHT="72.44094488188976" WIDTH="327.5590551181102" VPOS="2814.1732283464567" HPOS="2604.7244094488187" CONTENT="in-4," ID="tl_97_7" STYLEREFS="FONT0"/>
            <SP HEIGHT="72.44094488188976" WIDTH="36.22047244094488" VPOS="2814.1732283464567" HPOS="2933.8582677165355"/>
            <String HEIGHT="72.44094488188976" WIDTH="218.89763779527559" VPOS="2814.1732283464567" HPOS="2787.4015748031497" CONTENT="nom" SUBS_TYPE="HypPart1" SUBS_CONTENT="nombreuses" ID="tl_97_8" STYLEREFS="FONT0"/>
            <HYP CONTENT="-"/>
          </TextLine>
          <TextLine ID="tl_98" BASELINE="1873" HEIGHT="61.41732283464567" WIDTH="1274.015748031496" VPOS="2888.1889763779527" HPOS="1730.708661417323">
            <String HEIGHT="61.41732283464567" WIDTH="519.6850393700787" VPOS="2888.1889763779527" HPOS="1683.4645669291338" CONTENT="breuses" SUBS_TYPE="HypPart2" SUBS_CONTENT="nombreuses" ID="tl_98_1" STYLEREFS="FONT0"/>
            <SP HEIGHT="61.41732283464567" WIDTH="47.24409448818898" VPOS="2888.1889763779527" HPOS="2203.149606299213"/>
            <String HEIGHT="61.41732283464567" WIDTH="754.3307086614174" VPOS="2888.1889763779527" HPOS="2061.417322834646" CONTENT="corrections." ID="tl_98_2" STYLEREFS="FONT0"/>
            <SP HEIGHT="61.41732283464567" WIDTH="47.24409448818898" VPOS="2888.1889763779527" HPOS="2815.748031496063"/>
            <String HEIGHT="61.41732283464567" WIDTH="283.46456692913387" VPOS="2888.1889763779527" HPOS="2674.015748031496" CONTENT="35" ID="tl_98_3" STYLEREFS="FONT0"/>
            <SP HEIGHT="61.41732283464567" WIDTH="47.24409448818898" VPOS="2888.1889763779527" HPOS="2957.48031496063"/>
            <String HEIGHT="61.41732283464567" WIDTH="236.2204724409449" VPOS="2888.1889763779527" HPOS="2768.503937007874" CONTENT="fr." ID="tl_98_4" STYLEREFS="FONT0"/>
          </TextLine>
        </TextBlock>
        <TextBlock ID="r_4_12" HEIGHT="571.6535433070866" WIDTH="1228.3464566929133" VPOS="2985.8267716535433" HPOS="1782.6771653543308">
          <TextLine ID="tl_99" BASELINE="1933" HEIGHT="56.69291338582677" WIDTH="1148.0314960629921" VPOS="2987.4015748031497" HPOS="1859.8425196850394">
            <String HEIGHT="56.69291338582677" WIDTH="392.12598425196853" VPOS="2987.4015748031497" HPOS="1829.9212598425197" CONTENT="L’article" ID="tl_99_1" STYLEREFS="FONT0"/>
            <SP HEIGHT="56.69291338582677" WIDTH="29.921259842519685" VPOS="2987.4015748031497" HPOS="2222.047244094488"/>
            <String HEIGHT="56.69291338582677" WIDTH="302.3622047244094" VPOS="2987.4015748031497" HPOS="2132.283464566929" CONTENT="traite" ID="tl_99_2" STYLEREFS="FONT0"/>
            <SP HEIGHT="56.69291338582677" WIDTH="29.921259842519685" VPOS="2987.4015748031497" HPOS="2434.6456692913384"/>
            <String HEIGHT="56.69291338582677" WIDTH="181.10236220472441" VPOS="2987.4015748031497" HPOS="2343.3070866141734" CONTENT="du" ID="tl_99_3" STYLEREFS="FONT0"/>
            <SP HEIGHT="56.69291338582677" WIDTH="29.921259842519685" VPOS="2987.4015748031497" HPOS="2524.4094488188975"/>
            <String HEIGHT="56.69291338582677" WIDTH="302.3622047244094" VPOS="2987.4015748031497" HPOS="2434.6456692913384" CONTENT="projet" ID="tl_99_4" STYLEREFS="FONT0"/>
            <SP HEIGHT="56.69291338582677" WIDTH="29.921259842519685" VPOS="2987.4015748031497" HPOS="2735.433070866142"/>
            <String HEIGHT="56.69291338582677" WIDTH="181.10236220472441" VPOS="2987.4015748031497" HPOS="2645.6692913385828" CONTENT="du" ID="tl_99_5" STYLEREFS="FONT0"/>
            <SP HEIGHT="56.69291338582677" WIDTH="29.921259842519685" VPOS="2987.4015748031497" HPOS="2826.771653543307"/>
            <String HEIGHT="56.69291338582677" WIDTH="302.3622047244094" VPOS="2987.4015748031497" HPOS="2705.511811023622" CONTENT="ministre" ID="tl_99_6" STYLEREFS="FONT0"/>
          </TextLine>
          <TextLine ID="tl_100" BASELINE="1967" HEIGHT="53.54330708661417" WIDTH="1215.748031496063" VPOS="3044.0944881889764" HPOS="1788.976377952756">
            <String HEIGHT="53.54330708661417" WIDTH="223.6220472440945" VPOS="3044.0944881889764" HPOS="1757.4803149606298" CONTENT="des" ID="tl_100_1" STYLEREFS="FONT0"/>
            <SP HEIGHT="53.54330708661417" WIDTH="31.496062992125985" VPOS="3044.0944881889764" HPOS="1981.1023622047244"/>
            <String HEIGHT="53.54330708661417" WIDTH="384.251968503937" VPOS="3044.0944881889764" HPOS="1885.0393700787401" CONTENT="finances" ID="tl_100_2" STYLEREFS="FONT0"/>
            <SP HEIGHT="53.54330708661417" WIDTH="31.496062992125985" VPOS="3044.0944881889764" HPOS="2269.2913385826773"/>
            <String HEIGHT="53.54330708661417" WIDTH="351.18110236220474" VPOS="3044.0944881889764" HPOS="2173.228346456693" CONTENT="relatif" ID="tl_100_3" STYLEREFS="FONT0"/>
            <SP HEIGHT="53.54330708661417" WIDTH="31.496062992125985" VPOS="3044.0944881889764" HPOS="2524.4094488188975"/>
            <String HEIGHT="53.54330708661417" WIDTH="223.6220472440945" VPOS="3044.0944881889764" HPOS="2428.3464566929133" CONTENT="aux" ID="tl_100_4" STYLEREFS="FONT0"/>
            <SP HEIGHT="53.54330708661417" WIDTH="31.496062992125985" VPOS="3044.0944881889764" HPOS="2653.5433070866143"/>
            <String HEIGHT="53.54330708661417" WIDTH="351.18110236220474" VPOS="3044.0944881889764" HPOS="2557.48031496063" CONTENT="statuts" ID="tl_100_5" STYLEREFS="FONT0"/>
            <SP HEIGHT="53.54330708661417" WIDTH="31.496062992125985" VPOS="3044.0944881889764" HPOS="2908.6614173228345"/>
            <String HEIGHT="53.54330708661417" WIDTH="192.1259842519685" VPOS="3044.0944881889764" HPOS="2812.5984251968503" CONTENT="de" ID="tl_100_6" STYLEREFS="FONT0"/>
            <SP HEIGHT="53.54330708661417" WIDTH="31.496062992125985" VPOS="3044.0944881889764" HPOS="3004.7244094488187"/>
            <String HEIGHT="53.54330708661417" WIDTH="127.55905511811024" VPOS="3044.0944881889764" HPOS="2877.165354330709" CONTENT="la" ID="tl_100_7" STYLEREFS="FONT0"/>
          </TextLine>
          <TextLine ID="tl_101" BASELINE="2008" HEIGHT="61.41732283464567" WIDTH="1220.4724409448818" VPOS="3100.787401574803" HPOS="1788.976377952756">
            <String HEIGHT="61.41732283464567" WIDTH="352.755905511811" VPOS="3100.787401574803" HPOS="1762.2047244094488" CONTENT="Banque" ID="tl_101_1" STYLEREFS="FONT2"/>
            <SP HEIGHT="61.41732283464567" WIDTH="26.771653543307085" VPOS="3100.787401574803" HPOS="2114.9606299212596"/>
            <String HEIGHT="61.41732283464567" WIDTH="162.20472440944883" VPOS="3100.787401574803" HPOS="2033.0708661417323" CONTENT="de" ID="tl_101_2" STYLEREFS="FONT2"/>
            <SP HEIGHT="61.41732283464567" WIDTH="26.771653543307085" VPOS="3100.787401574803" HPOS="2195.2755905511813"/>
            <String HEIGHT="61.41732283464567" WIDTH="406.2992125984252" VPOS="3100.787401574803" HPOS="2114.9606299212596" CONTENT="France." ID="tl_101_3" STYLEREFS="FONT2"/>
            <SP HEIGHT="61.41732283464567" WIDTH="26.771653543307085" VPOS="3100.787401574803" HPOS="2521.259842519685"/>
            <String HEIGHT="61.41732283464567" WIDTH="162.20472440944883" VPOS="3100.787401574803" HPOS="2439.3700787401576" CONTENT="Le" ID="tl_101_4" STYLEREFS="FONT0"/>
            <SP HEIGHT="61.41732283464567" WIDTH="26.771653543307085" VPOS="3100.787401574803" HPOS="2603.149606299213"/>
            <String HEIGHT="61.41732283464567" WIDTH="325.98425196850394" VPOS="3100.787401574803" HPOS="2521.259842519685" CONTENT="Ministre" ID="tl_101_5" STYLEREFS="FONT0"/>
            <SP HEIGHT="61.41732283464567" WIDTH="26.771653543307085" VPOS="3100.787401574803" HPOS="2847.244094488189"/>
            <String HEIGHT="61.41732283464567" WIDTH="270.86614173228344" VPOS="3100.787401574803" HPOS="2738.582677165354" CONTENT="projette" ID="tl_101_6" STYLEREFS="FONT0"/>
          </TextLine>
          <TextLine ID="tl_102" BASELINE="2045" HEIGHT="62.99212598425197" WIDTH="1217.3228346456692" VPOS="3157.48031496063" HPOS="1788.976377952756">
            <String HEIGHT="62.99212598425197" WIDTH="182.6771653543307" VPOS="3157.48031496063" HPOS="1759.0551181102362" CONTENT="la" ID="tl_102_1" STYLEREFS="FONT0"/>
            <SP HEIGHT="62.99212598425197" WIDTH="29.921259842519685" VPOS="3157.48031496063" HPOS="1941.732283464567"/>
            <String HEIGHT="62.99212598425197" WIDTH="456.6929133858268" VPOS="3157.48031496063" HPOS="1850.3937007874015" CONTENT="prorogation" ID="tl_102_2" STYLEREFS="FONT0"/>
            <SP HEIGHT="62.99212598425197" WIDTH="29.921259842519685" VPOS="3157.48031496063" HPOS="2307.0866141732286"/>
            <String HEIGHT="62.99212598425197" WIDTH="182.6771653543307" VPOS="3157.48031496063" HPOS="2215.748031496063" CONTENT="du" ID="tl_102_3" STYLEREFS="FONT0"/>
            <SP HEIGHT="62.99212598425197" WIDTH="29.921259842519685" VPOS="3157.48031496063" HPOS="2398.4251968503936"/>
            <String HEIGHT="62.99212598425197" WIDTH="395.2755905511811" VPOS="3157.48031496063" HPOS="2307.0866141732286" CONTENT="privilège" ID="tl_102_4" STYLEREFS="FONT0"/>
            <SP HEIGHT="62.99212598425197" WIDTH="29.921259842519685" VPOS="3157.48031496063" HPOS="2702.3622047244094"/>
            <String HEIGHT="62.99212598425197" WIDTH="182.6771653543307" VPOS="3157.48031496063" HPOS="2611.0236220472443" CONTENT="de" ID="tl_102_5" STYLEREFS="FONT0"/>
            <SP HEIGHT="62.99212598425197" WIDTH="29.921259842519685" VPOS="3157.48031496063" HPOS="2793.700787401575"/>
            <String HEIGHT="62.99212598425197" WIDTH="182.6771653543307" VPOS="3157.48031496063" HPOS="2702.3622047244094" CONTENT="la" ID="tl_102_6" STYLEREFS="FONT0"/>
            <SP HEIGHT="62.99212598425197" WIDTH="29.921259842519685" VPOS="3157.48031496063" HPOS="2885.0393700787404"/>
            <String HEIGHT="62.99212598425197" WIDTH="244.09448818897638" VPOS="3157.48031496063" HPOS="2762.2047244094488" CONTENT="banque" ID="tl_102_7" STYLEREFS="FONT0"/>
          </TextLine>
          <TextLine ID="tl_103" BASELINE="2074" HEIGHT="51.968503937007874" WIDTH="1215.748031496063" VPOS="3214.1732283464567" HPOS="1788.976377952756">
            <String HEIGHT="51.968503937007874" WIDTH="182.6771653543307" VPOS="3214.1732283464567" HPOS="1759.0551181102362" CONTENT="en" ID="tl_103_1" STYLEREFS="FONT0"/>
            <SP HEIGHT="51.968503937007874" WIDTH="29.921259842519685" VPOS="3214.1732283464567" HPOS="1941.732283464567"/>
            <String HEIGHT="51.968503937007874" WIDTH="212.5984251968504" VPOS="3214.1732283464567" HPOS="1850.3937007874015" CONTENT="lui" ID="tl_103_2" STYLEREFS="FONT0"/>
            <SP HEIGHT="51.968503937007874" WIDTH="29.921259842519685" VPOS="3214.1732283464567" HPOS="2062.9921259842517"/>
            <String HEIGHT="51.968503937007874" WIDTH="395.2755905511811" VPOS="3214.1732283464567" HPOS="1971.6535433070867" CONTENT="réservant" ID="tl_103_3" STYLEREFS="FONT0"/>
            <SP HEIGHT="51.968503937007874" WIDTH="29.921259842519685" VPOS="3214.1732283464567" HPOS="2366.9291338582675"/>
            <String HEIGHT="51.968503937007874" WIDTH="425.1968503937008" VPOS="3214.1732283464567" HPOS="2275.5905511811025" CONTENT="l’émission" ID="tl_103_4" STYLEREFS="FONT0"/>
            <SP HEIGHT="51.968503937007874" WIDTH="29.921259842519685" VPOS="3214.1732283464567" HPOS="2700.787401574803"/>
            <String HEIGHT="51.968503937007874" WIDTH="212.5984251968504" VPOS="3214.1732283464567" HPOS="2609.448818897638" CONTENT="des" ID="tl_103_5" STYLEREFS="FONT0"/>
            <SP HEIGHT="51.968503937007874" WIDTH="29.921259842519685" VPOS="3214.1732283464567" HPOS="2822.047244094488"/>
            <String HEIGHT="51.968503937007874" WIDTH="303.93700787401576" VPOS="3214.1732283464567" HPOS="2700.787401574803" CONTENT="billets." ID="tl_103_6" STYLEREFS="FONT0"/>
          </TextLine>
          <TextLine ID="tl_104" BASELINE="2117" HEIGHT="64.56692913385827" WIDTH="1220.4724409448818" VPOS="3269.2913385826773" HPOS="1784.251968503937">
            <String HEIGHT="64.56692913385827" WIDTH="352.755905511811" VPOS="3269.2913385826773" HPOS="1752.755905511811" CONTENT="Berryer" ID="tl_104_1" STYLEREFS="FONT0"/>
            <SP HEIGHT="64.56692913385827" WIDTH="31.496062992125985" VPOS="3269.2913385826773" HPOS="2105.511811023622"/>
            <String HEIGHT="64.56692913385827" WIDTH="256.6929133858268" VPOS="3269.2913385826773" HPOS="2009.4488188976377" CONTENT="fait" ID="tl_104_2" STYLEREFS="FONT0"/>
            <SP HEIGHT="64.56692913385827" WIDTH="31.496062992125985" VPOS="3269.2913385826773" HPOS="2266.1417322834645"/>
            <String HEIGHT="64.56692913385827" WIDTH="417.3228346456693" VPOS="3269.2913385826773" HPOS="2170.0787401574803" CONTENT="remarquer" ID="tl_104_3" STYLEREFS="FONT0"/>
            <SP HEIGHT="64.56692913385827" WIDTH="31.496062992125985" VPOS="3269.2913385826773" HPOS="2587.4015748031497"/>
            <String HEIGHT="64.56692913385827" WIDTH="225.1968503937008" VPOS="3269.2913385826773" HPOS="2491.3385826771655" CONTENT="que" ID="tl_104_4" STYLEREFS="FONT0"/>
            <SP HEIGHT="64.56692913385827" WIDTH="31.496062992125985" VPOS="3269.2913385826773" HPOS="2714.9606299212596"/>
            <String HEIGHT="64.56692913385827" WIDTH="225.1968503937008" VPOS="3269.2913385826773" HPOS="2618.8976377952754" CONTENT="les" ID="tl_104_5" STYLEREFS="FONT0"/>
            <SP HEIGHT="64.56692913385827" WIDTH="31.496062992125985" VPOS="3269.2913385826773" HPOS="2844.0944881889764"/>
            <String HEIGHT="64.56692913385827" WIDTH="289.76377952755905" VPOS="3269.2913385826773" HPOS="2714.9606299212596" CONTENT="billets" ID="tl_104_6" STYLEREFS="FONT0"/>
          </TextLine>
          <TextLine ID="tl_105" BASELINE="2150" HEIGHT="59.84251968503937" WIDTH="1215.748031496063" VPOS="3325.984251968504" HPOS="1788.976377952756">
            <String HEIGHT="59.84251968503937" WIDTH="248.8188976377953" VPOS="3325.984251968504" HPOS="1757.4803149606298" CONTENT="sont" ID="tl_105_1" STYLEREFS="FONT0"/>
            <SP HEIGHT="59.84251968503937" WIDTH="31.496062992125985" VPOS="3325.984251968504" HPOS="2007.8740157480315"/>
            <String HEIGHT="59.84251968503937" WIDTH="343.3070866141732" VPOS="3325.984251968504" HPOS="1913.3858267716535" CONTENT="refusés" ID="tl_105_2" STYLEREFS="FONT0"/>
            <SP HEIGHT="59.84251968503937" WIDTH="31.496062992125985" VPOS="3325.984251968504" HPOS="2256.6929133858266"/>
            <String HEIGHT="59.84251968503937" WIDTH="187.4015748031496" VPOS="3325.984251968504" HPOS="2163.779527559055" CONTENT="en" ID="tl_105_3" STYLEREFS="FONT0"/>
            <SP HEIGHT="59.84251968503937" WIDTH="31.496062992125985" VPOS="3325.984251968504" HPOS="2349.6062992125985"/>
            <String HEIGHT="59.84251968503937" WIDTH="404.7244094488189" VPOS="3325.984251968504" HPOS="2256.6929133858266" CONTENT="province." ID="tl_105_4" STYLEREFS="FONT0"/>
            <SP HEIGHT="59.84251968503937" WIDTH="31.496062992125985" VPOS="3325.984251968504" HPOS="2661.417322834646"/>
            <String HEIGHT="59.84251968503937" WIDTH="311.81102362204723" VPOS="3325.984251968504" HPOS="2568.503937007874" CONTENT="«Notre" ID="tl_105_5" STYLEREFS="FONT0"/>
            <SP HEIGHT="59.84251968503937" WIDTH="31.496062992125985" VPOS="3325.984251968504" HPOS="2880.314960629921"/>
            <String HEIGHT="59.84251968503937" WIDTH="218.89763779527559" VPOS="3325.984251968504" HPOS="2785.8267716535433" CONTENT="mal" ID="tl_105_6" STYLEREFS="FONT0"/>
            <SP HEIGHT="59.84251968503937" WIDTH="31.496062992125985" VPOS="3325.984251968504" HPOS="3004.7244094488187"/>
            <String HEIGHT="59.84251968503937" WIDTH="124.40944881889764" VPOS="3325.984251968504" HPOS="2880.314960629921" CONTENT="le" ID="tl_105_7" STYLEREFS="FONT0"/>
          </TextLine>
          <TextLine ID="tl_106" BASELINE="2189" HEIGHT="64.56692913385827" WIDTH="1214.1732283464567" VPOS="3382.6771653543306" HPOS="1788.976377952756">
            <String HEIGHT="64.56692913385827" WIDTH="231.49606299212599" VPOS="3382.6771653543306" HPOS="1760.6299212598426" CONTENT="plus" ID="tl_106_1" STYLEREFS="FONT0"/>
            <SP HEIGHT="64.56692913385827" WIDTH="28.346456692913385" VPOS="3382.6771653543306" HPOS="1992.1259842519685"/>
            <String HEIGHT="64.56692913385827" WIDTH="231.49606299212599" VPOS="3382.6771653543306" HPOS="1903.9370078740158" CONTENT="réel" ID="tl_106_2" STYLEREFS="FONT0"/>
            <SP HEIGHT="64.56692913385827" WIDTH="28.346456692913385" VPOS="3382.6771653543306" HPOS="2135.433070866142"/>
            <String HEIGHT="64.56692913385827" WIDTH="203.1496062992126" VPOS="3382.6771653543306" HPOS="2048.818897637795" CONTENT="est" ID="tl_106_3" STYLEREFS="FONT0"/>
            <SP HEIGHT="64.56692913385827" WIDTH="28.346456692913385" VPOS="3382.6771653543306" HPOS="2251.968503937008"/>
            <String HEIGHT="64.56692913385827" WIDTH="173.22834645669292" VPOS="3382.6771653543306" HPOS="2165.3543307086616" CONTENT="la" ID="tl_106_4" STYLEREFS="FONT0"/>
            <SP HEIGHT="64.56692913385827" WIDTH="28.346456692913385" VPOS="3382.6771653543306" HPOS="2338.582677165354"/>
            <String HEIGHT="64.56692913385827" WIDTH="289.76377952755905" VPOS="3382.6771653543306" HPOS="2251.968503937008" CONTENT="rareté" ID="tl_106_5" STYLEREFS="FONT0"/>
            <SP HEIGHT="64.56692913385827" WIDTH="28.346456692913385" VPOS="3382.6771653543306" HPOS="2540.1574803149606"/>
            <String HEIGHT="64.56692913385827" WIDTH="173.22834645669292" VPOS="3382.6771653543306" HPOS="2453.5433070866143" CONTENT="du" ID="tl_106_6" STYLEREFS="FONT0"/>
            <SP HEIGHT="64.56692913385827" WIDTH="28.346456692913385" VPOS="3382.6771653543306" HPOS="2626.771653543307"/>
            <String HEIGHT="64.56692913385827" WIDTH="404.7244094488189" VPOS="3382.6771653543306" HPOS="2540.1574803149606" CONTENT="numéraire," ID="tl_106_7" STYLEREFS="FONT0"/>
            <SP HEIGHT="64.56692913385827" WIDTH="28.346456692913385" VPOS="3382.6771653543306" HPOS="2944.8818897637793"/>
            <String HEIGHT="64.56692913385827" WIDTH="173.22834645669292" VPOS="3382.6771653543306" HPOS="2829.9212598425197" CONTENT="d’où" ID="tl_106_8" STYLEREFS="FONT0"/>
          </TextLine>
          <TextLine ID="tl_107" BASELINE="2224" HEIGHT="61.41732283464567" WIDTH="1215.748031496063" VPOS="3440.9448818897636" HPOS="1788.976377952756">
            <String HEIGHT="61.41732283464567" WIDTH="182.6771653543307" VPOS="3440.9448818897636" HPOS="1759.0551181102362" CONTENT="la" ID="tl_107_1" STYLEREFS="FONT0"/>
            <SP HEIGHT="61.41732283464567" WIDTH="29.921259842519685" VPOS="3440.9448818897636" HPOS="1941.732283464567"/>
            <String HEIGHT="61.41732283464567" WIDTH="425.1968503937008" VPOS="3440.9448818897636" HPOS="1850.3937007874015" CONTENT="stagnation" ID="tl_107_2" STYLEREFS="FONT0"/>
            <SP HEIGHT="61.41732283464567" WIDTH="29.921259842519685" VPOS="3440.9448818897636" HPOS="2275.5905511811025"/>
            <String HEIGHT="61.41732283464567" WIDTH="486.61417322834643" VPOS="3440.9448818897636" HPOS="2184.251968503937" CONTENT="universelle," ID="tl_107_3" STYLEREFS="FONT0"/>
            <SP HEIGHT="61.41732283464567" WIDTH="29.921259842519685" VPOS="3440.9448818897636" HPOS="2670.8661417322833"/>
            <String HEIGHT="61.41732283464567" WIDTH="182.6771653543307" VPOS="3440.9448818897636" HPOS="2579.527559055118" CONTENT="le" ID="tl_107_4" STYLEREFS="FONT0"/>
            <SP HEIGHT="61.41732283464567" WIDTH="29.921259842519685" VPOS="3440.9448818897636" HPOS="2762.2047244094488"/>
            <String HEIGHT="61.41732283464567" WIDTH="365.3543307086614" VPOS="3440.9448818897636" HPOS="2639.3700787401576" CONTENT="dépérisse" SUBS_TYPE="HypPart1" SUBS_CONTENT="dépérissement" ID="tl_107_5" STYLEREFS="FONT0"/>
            <HYP CONTENT="-"/>
          </TextLine>
          <TextLine ID="tl_108" BASELINE="2258" HEIGHT="53.54330708661417" WIDTH="856.6929133858267" VPOS="3502.3622047244094" HPOS="1788.976377952756">
            <String HEIGHT="53.54330708661417" WIDTH="244.09448818897638" VPOS="3502.3622047244094" HPOS="1759.0551181102362" CONTENT="ment" SUBS_TYPE="HypPart2" SUBS_CONTENT="dépérissement" ID="tl_108_1" STYLEREFS="FONT0"/>
            <SP HEIGHT="53.54330708661417" WIDTH="29.921259842519685" VPOS="3502.3622047244094" HPOS="2003.1496062992126"/>
            <String HEIGHT="53.54330708661417" WIDTH="184.251968503937" VPOS="3502.3622047244094" HPOS="1911.8110236220473" CONTENT="de" ID="tl_108_2" STYLEREFS="FONT0"/>
            <SP HEIGHT="53.54330708661417" WIDTH="29.921259842519685" VPOS="3502.3622047244094" HPOS="2094.488188976378"/>
            <String HEIGHT="53.54330708661417" WIDTH="214.17322834645668" VPOS="3502.3622047244094" HPOS="2003.1496062992126" CONTENT="nos" ID="tl_108_3" STYLEREFS="FONT0"/>
            <SP HEIGHT="53.54330708661417" WIDTH="29.921259842519685" VPOS="3502.3622047244094" HPOS="2217.3228346456694"/>
            <String HEIGHT="53.54330708661417" WIDTH="458.26771653543307" VPOS="3502.3622047244094" HPOS="2125.984251968504" CONTENT="fabriques,»" ID="tl_108_4" STYLEREFS="FONT0"/>
            <SP HEIGHT="53.54330708661417" WIDTH="29.921259842519685" VPOS="3502.3622047244094" HPOS="2584.251968503937"/>
            <String HEIGHT="53.54330708661417" WIDTH="184.251968503937" VPOS="3502.3622047244094" HPOS="2461.417322834646" CONTENT="etc." ID="tl_108_5" STYLEREFS="FONT0"/>
          </TextLine>
        </TextBlock>
        <TextBlock ID="r_4_13" HEIGHT="67.71653543307086" WIDTH="1354.3307086614172" VPOS="3607.8740157480315" HPOS="1648.8188976377953">
          <TextLine ID="tl_109" BASELINE="2333" HEIGHT="64.56692913385827" WIDTH="1351.1811023622047" VPOS="3609.448818897638" HPOS="1650.3937007874015">
            <String HEIGHT="64.56692913385827" WIDTH="270.86614173228344" VPOS="3609.448818897638" HPOS="1617.3228346456692" CONTENT="4242" ID="tl_109_1" STYLEREFS="FONT0"/>
            <SP HEIGHT="64.56692913385827" WIDTH="33.07086614173228" VPOS="3609.448818897638" HPOS="1886.6141732283465"/>
            <String HEIGHT="64.56692913385827" WIDTH="607.8740157480315" VPOS="3609.448818897638" HPOS="1785.8267716535433" CONTENT="BERRYER" ID="tl_109_2" STYLEREFS="FONT1"/>
            <SP HEIGHT="64.56692913385827" WIDTH="33.07086614173228" VPOS="3609.448818897638" HPOS="2393.700787401575"/>
            <String HEIGHT="64.56692913385827" WIDTH="574.8031496062993" VPOS="3609.448818897638" HPOS="2292.9133858267714" CONTENT="(P.-Nicolas)." ID="tl_109_3" STYLEREFS="FONT0"/>
            <SP HEIGHT="64.56692913385827" WIDTH="33.07086614173228" VPOS="3609.448818897638" HPOS="2866.1417322834645"/>
            <String HEIGHT="64.56692913385827" WIDTH="168.50393700787401" VPOS="3609.448818897638" HPOS="2765.3543307086616" CONTENT="—" ID="tl_109_4" STYLEREFS="FONT0"/>
            <SP HEIGHT="64.56692913385827" WIDTH="33.07086614173228" VPOS="3609.448818897638" HPOS="2933.8582677165355"/>
            <String HEIGHT="64.56692913385827" WIDTH="203.1496062992126" VPOS="3609.448818897638" HPOS="2798.4251968503936" CONTENT="Let" ID="tl_109_5" STYLEREFS="FONT0"/>
          </TextLine>
        </TextBlock>
        <TextBlock ID="r_4_14" HEIGHT="152.75590551181102" WIDTH="1275.5905511811025" VPOS="3681.8897637795276" HPOS="1724.4094488188975">
          <TextLine ID="tl_110" BASELINE="2380" HEIGHT="64.56692913385827" WIDTH="1272.4409448818897" VPOS="3683.464566929134" HPOS="1725.984251968504">
            <String HEIGHT="64.56692913385827" WIDTH="240.9448818897638" VPOS="3683.464566929134" HPOS="1691.3385826771653" CONTENT="tre" ID="tl_110_1" STYLEREFS="FONT0"/>
            <SP HEIGHT="64.56692913385827" WIDTH="34.645669291338585" VPOS="3683.464566929134" HPOS="1932.283464566929"/>
            <String HEIGHT="64.56692913385827" WIDTH="206.29921259842519" VPOS="3683.464566929134" HPOS="1829.9212598425197" CONTENT="a." ID="tl_110_2" STYLEREFS="FONT0"/>
            <SP HEIGHT="64.56692913385827" WIDTH="34.645669291338585" VPOS="3683.464566929134" HPOS="2036.2204724409448"/>
            <String HEIGHT="64.56692913385827" WIDTH="206.29921259842519" VPOS="3683.464566929134" HPOS="1932.283464566929" CONTENT="s." ID="tl_110_3" STYLEREFS="FONT0"/>
            <SP HEIGHT="64.56692913385827" WIDTH="34.645669291338585" VPOS="3683.464566929134" HPOS="2138.582677165354"/>
            <String HEIGHT="64.56692913385827" WIDTH="343.3070866141732" VPOS="3683.464566929134" HPOS="2036.2204724409448" CONTENT="Paris," ID="tl_110_4" STYLEREFS="FONT0"/>
            <SP HEIGHT="64.56692913385827" WIDTH="34.645669291338585" VPOS="3683.464566929134" HPOS="2379.527559055118"/>
            <String HEIGHT="64.56692913385827" WIDTH="206.29921259842519" VPOS="3683.464566929134" HPOS="2275.5905511811025" CONTENT="an" ID="tl_110_5" STYLEREFS="FONT0"/>
            <SP HEIGHT="64.56692913385827" WIDTH="34.645669291338585" VPOS="3683.464566929134" HPOS="2481.8897637795276"/>
            <String HEIGHT="64.56692913385827" WIDTH="310.23622047244095" VPOS="3683.464566929134" HPOS="2379.527559055118" CONTENT="XIII," ID="tl_110_6" STYLEREFS="FONT0"/>
            <SP HEIGHT="64.56692913385827" WIDTH="34.645669291338585" VPOS="3683.464566929134" HPOS="2688.1889763779527"/>
            <String HEIGHT="64.56692913385827" WIDTH="377.9527559055118" VPOS="3683.464566929134" HPOS="2585.8267716535433" CONTENT="(1804)," ID="tl_110_7" STYLEREFS="FONT0"/>
            <SP HEIGHT="64.56692913385827" WIDTH="34.645669291338585" VPOS="3683.464566929134" HPOS="2963.779527559055"/>
            <String HEIGHT="64.56692913385827" WIDTH="171.6535433070866" VPOS="3683.464566929134" HPOS="2826.771653543307" CONTENT="une" ID="tl_110_8" STYLEREFS="FONT0"/>
          </TextLine>
          <TextLine ID="tl_111" BASELINE="2434" HEIGHT="74.01574803149606" WIDTH="1272.4409448818897" VPOS="3759.0551181102364" HPOS="1725.984251968504">
            <String HEIGHT="74.01574803149606" WIDTH="565.3543307086615" VPOS="3759.0551181102364" HPOS="1655.1181102362204" CONTENT="page" ID="tl_111_1" STYLEREFS="FONT0"/>
            <SP HEIGHT="74.01574803149606" WIDTH="70.86614173228347" VPOS="3759.0551181102364" HPOS="2220.472440944882"/>
            <String HEIGHT="74.01574803149606" WIDTH="707.0866141732283" VPOS="3759.0551181102364" HPOS="2009.4488188976377" CONTENT="in-12;" ID="tl_111_2" STYLEREFS="FONT0"/>
            <SP HEIGHT="74.01574803149606" WIDTH="70.86614173228347" VPOS="3759.0551181102364" HPOS="2714.9606299212596"/>
            <String HEIGHT="74.01574803149606" WIDTH="423.62204724409446" VPOS="3759.0551181102364" HPOS="2503.9370078740158" CONTENT="10" ID="tl_111_3" STYLEREFS="FONT0"/>
            <SP HEIGHT="74.01574803149606" WIDTH="70.86614173228347" VPOS="3759.0551181102364" HPOS="2927.5590551181103"/>
            <String HEIGHT="74.01574803149606" WIDTH="352.755905511811" VPOS="3759.0551181102364" HPOS="2645.6692913385828" CONTENT="fr." ID="tl_111_4" STYLEREFS="FONT0"/>
          </TextLine>
        </TextBlock>
        <TextBlock ID="r_4_15" HEIGHT="56.69291338582677" WIDTH="1146.4566929133857" VPOS="3855.1181102362207" HPOS="1855.1181102362204">
          <TextLine ID="tl_112" BASELINE="2483" HEIGHT="53.54330708661417" WIDTH="1143.3070866141732" VPOS="3856.6929133858266" HPOS="1856.6929133858268">
            <String HEIGHT="53.54330708661417" WIDTH="381.1023622047244" VPOS="3856.6929133858266" HPOS="1825.1968503937007" CONTENT="Relative" ID="tl_112_1" STYLEREFS="FONT0"/>
            <SP HEIGHT="53.54330708661417" WIDTH="31.496062992125985" VPOS="3856.6929133858266" HPOS="2206.299212598425"/>
            <String HEIGHT="53.54330708661417" WIDTH="159.0551181102362" VPOS="3856.6929133858266" HPOS="2110.236220472441" CONTENT="à" ID="tl_112_2" STYLEREFS="FONT0"/>
            <SP HEIGHT="53.54330708661417" WIDTH="31.496062992125985" VPOS="3856.6929133858266" HPOS="2269.2913385826773"/>
            <String HEIGHT="53.54330708661417" WIDTH="222.04724409448818" VPOS="3856.6929133858266" HPOS="2174.803149606299" CONTENT="des" ID="tl_112_3" STYLEREFS="FONT0"/>
            <SP HEIGHT="53.54330708661417" WIDTH="31.496062992125985" VPOS="3856.6929133858266" HPOS="2396.850393700787"/>
            <String HEIGHT="53.54330708661417" WIDTH="381.1023622047244" VPOS="3856.6929133858266" HPOS="2300.787401574803" CONTENT="affaires" ID="tl_112_4" STYLEREFS="FONT0"/>
            <SP HEIGHT="53.54330708661417" WIDTH="31.496062992125985" VPOS="3856.6929133858266" HPOS="2681.8897637795276"/>
            <String HEIGHT="53.54330708661417" WIDTH="444.09448818897636" VPOS="3856.6929133858266" HPOS="2555.9055118110236" CONTENT="judiciaires." ID="tl_112_5" STYLEREFS="FONT0"/>
          </TextLine>
        </TextBlock>
        <TextBlock ID="r_4_16" HEIGHT="70.86614173228347" WIDTH="1349.6062992125985" VPOS="3955.9055118110236" HPOS="1648.8188976377953">
          <TextLine ID="tl_113" BASELINE="2556" HEIGHT="67.71653543307086" WIDTH="1346.4566929133857" VPOS="3957.48031496063" HPOS="1650.3937007874015">
            <String HEIGHT="67.71653543307086" WIDTH="262.99212598425197" VPOS="3957.48031496063" HPOS="1617.3228346456692" CONTENT="4243" ID="tl_113_1" STYLEREFS="FONT0"/>
            <SP HEIGHT="67.71653543307086" WIDTH="33.07086614173228" VPOS="3957.48031496063" HPOS="1880.3149606299212"/>
            <String HEIGHT="67.71653543307086" WIDTH="590.5511811023622" VPOS="3957.48031496063" HPOS="1781.1023622047244" CONTENT="BLANQUI" ID="tl_113_2" STYLEREFS="FONT1"/>
            <SP HEIGHT="67.71653543307086" WIDTH="33.07086614173228" VPOS="3957.48031496063" HPOS="2373.228346456693"/>
            <String HEIGHT="67.71653543307086" WIDTH="459.84251968503935" VPOS="3957.48031496063" HPOS="2274.015748031496" CONTENT="(Adolphe)," ID="tl_113_3" STYLEREFS="FONT0"/>
            <SP HEIGHT="67.71653543307086" WIDTH="33.07086614173228" VPOS="3957.48031496063" HPOS="2733.8582677165355"/>
            <String HEIGHT="67.71653543307086" WIDTH="393.7007874015748" VPOS="3957.48031496063" HPOS="2603.149606299213" CONTENT="publiciste" ID="tl_113_4" STYLEREFS="FONT0"/>
          </TextLine>
        </TextBlock>
        <TextBlock ID="r_4_17" HEIGHT="223.6220472440945" WIDTH="1278.740157480315" VPOS="4031.496062992126" HPOS="1721.259842519685">
          <TextLine ID="tl_114" BASELINE="2600" HEIGHT="61.41732283464567" WIDTH="1267.716535433071" VPOS="4033.0708661417325" HPOS="1725.984251968504">
            <String HEIGHT="61.41732283464567" WIDTH="217.3228346456693" VPOS="4033.0708661417325" HPOS="1689.763779527559" CONTENT="et" ID="tl_114_1" STYLEREFS="FONT0"/>
            <SP HEIGHT="61.41732283464567" WIDTH="36.22047244094488" VPOS="4033.0708661417325" HPOS="1907.0866141732283"/>
            <String HEIGHT="61.41732283464567" WIDTH="507.0866141732283" VPOS="4033.0708661417325" HPOS="1798.4251968503936" CONTENT="économiste" ID="tl_114_2" STYLEREFS="FONT0"/>
            <SP HEIGHT="61.41732283464567" WIDTH="36.22047244094488" VPOS="4033.0708661417325" HPOS="2305.511811023622"/>
            <String HEIGHT="61.41732283464567" WIDTH="181.10236220472441" VPOS="4033.0708661417325" HPOS="2196.850393700787" CONTENT="—" ID="tl_114_3" STYLEREFS="FONT0"/>
            <SP HEIGHT="61.41732283464567" WIDTH="36.22047244094488" VPOS="4033.0708661417325" HPOS="2377.952755905512"/>
            <String HEIGHT="61.41732283464567" WIDTH="217.3228346456693" VPOS="4033.0708661417325" HPOS="2269.2913385826773" CONTENT="L." ID="tl_114_4" STYLEREFS="FONT0"/>
            <SP HEIGHT="61.41732283464567" WIDTH="36.22047244094488" VPOS="4033.0708661417325" HPOS="2486.6141732283463"/>
            <String HEIGHT="61.41732283464567" WIDTH="217.3228346456693" VPOS="4033.0708661417325" HPOS="2377.952755905512" CONTENT="a." ID="tl_114_5" STYLEREFS="FONT0"/>
            <SP HEIGHT="61.41732283464567" WIDTH="36.22047244094488" VPOS="4033.0708661417325" HPOS="2595.2755905511813"/>
            <String HEIGHT="61.41732283464567" WIDTH="217.3228346456693" VPOS="4033.0708661417325" HPOS="2486.6141732283463" CONTENT="s." ID="tl_114_6" STYLEREFS="FONT0"/>
            <SP HEIGHT="61.41732283464567" WIDTH="36.22047244094488" VPOS="4033.0708661417325" HPOS="2703.9370078740158"/>
            <String HEIGHT="61.41732283464567" WIDTH="325.98425196850394" VPOS="4033.0708661417325" HPOS="2595.2755905511813" CONTENT="1848," ID="tl_114_7" STYLEREFS="FONT0"/>
            <SP HEIGHT="61.41732283464567" WIDTH="36.22047244094488" VPOS="4033.0708661417325" HPOS="2921.259842519685"/>
            <String HEIGHT="61.41732283464567" WIDTH="181.10236220472441" VPOS="4033.0708661417325" HPOS="2812.5984251968503" CONTENT="1" ID="tl_114_8" STYLEREFS="FONT0"/>
            <SP HEIGHT="61.41732283464567" WIDTH="36.22047244094488" VPOS="4033.0708661417325" HPOS="2993.700787401575"/>
            <String HEIGHT="61.41732283464567" WIDTH="144.88188976377953" VPOS="4033.0708661417325" HPOS="2848.818897637795" CONTENT="p." ID="tl_114_9" STYLEREFS="FONT0"/>
          </TextLine>
          <TextLine ID="tl_115" BASELINE="2650" HEIGHT="64.56692913385827" WIDTH="1274.015748031496" VPOS="4108.6614173228345" HPOS="1724.4094488188975">
            <String HEIGHT="64.56692913385827" WIDTH="261.4173228346457" VPOS="4108.6614173228345" HPOS="1691.3385826771653" CONTENT="in-8" ID="tl_115_1" STYLEREFS="FONT0"/>
            <SP HEIGHT="64.56692913385827" WIDTH="33.07086614173228" VPOS="4108.6614173228345" HPOS="1952.755905511811"/>
            <String HEIGHT="64.56692913385827" WIDTH="325.98425196850394" VPOS="4108.6614173228345" HPOS="1855.1181102362204" CONTENT="montée" ID="tl_115_2" STYLEREFS="FONT0"/>
            <SP HEIGHT="64.56692913385827" WIDTH="33.07086614173228" VPOS="4108.6614173228345" HPOS="2181.1023622047246"/>
            <String HEIGHT="64.56692913385827" WIDTH="228.3464566929134" VPOS="4108.6614173228345" HPOS="2083.464566929134" CONTENT="sur" ID="tl_115_3" STYLEREFS="FONT0"/>
            <SP HEIGHT="64.56692913385827" WIDTH="33.07086614173228" VPOS="4108.6614173228345" HPOS="2311.8110236220473"/>
            <String HEIGHT="64.56692913385827" WIDTH="359.0551181102362" VPOS="4108.6614173228345" HPOS="2214.1732283464567" CONTENT="bristol" ID="tl_115_4" STYLEREFS="FONT0"/>
            <SP HEIGHT="64.56692913385827" WIDTH="33.07086614173228" VPOS="4108.6614173228345" HPOS="2573.228346456693"/>
            <String HEIGHT="64.56692913385827" WIDTH="359.0551181102362" VPOS="4108.6614173228345" HPOS="2475.5905511811025" CONTENT="(cachet" ID="tl_115_5" STYLEREFS="FONT0"/>
            <SP HEIGHT="64.56692913385827" WIDTH="33.07086614173228" VPOS="4108.6614173228345" HPOS="2834.6456692913384"/>
            <String HEIGHT="64.56692913385827" WIDTH="195.2755905511811" VPOS="4108.6614173228345" HPOS="2737.0078740157483" CONTENT="du" ID="tl_115_6" STYLEREFS="FONT0"/>
            <SP HEIGHT="64.56692913385827" WIDTH="33.07086614173228" VPOS="4108.6614173228345" HPOS="2933.8582677165355"/>
            <String HEIGHT="64.56692913385827" WIDTH="195.2755905511811" VPOS="4108.6614173228345" HPOS="2803.149606299213" CONTENT="gou" SUBS_TYPE="HypPart1" SUBS_CONTENT="gouvernement" ID="tl_115_7" STYLEREFS="FONT0"/>
            <HYP CONTENT="-"/>
          </TextLine>
          <TextLine ID="tl_116" BASELINE="2701" HEIGHT="70.86614173228347" WIDTH="1270.8661417322835" VPOS="4182.677165354331" HPOS="1722.8346456692914">
            <String HEIGHT="70.86614173228347" WIDTH="570.0787401574803" VPOS="4182.677165354331" HPOS="1678.740157480315" CONTENT="vernement" SUBS_TYPE="HypPart2" SUBS_CONTENT="gouvernement" ID="tl_116_1" STYLEREFS="FONT0"/>
            <SP HEIGHT="70.86614173228347" WIDTH="44.09448818897638" VPOS="4182.677165354331" HPOS="2248.818897637795"/>
            <String HEIGHT="70.86614173228347" WIDTH="700.7874015748032" VPOS="4182.677165354331" HPOS="2116.535433070866" CONTENT="provisoire)." ID="tl_116_2" STYLEREFS="FONT0"/>
            <SP HEIGHT="70.86614173228347" WIDTH="44.09448818897638" VPOS="4182.677165354331" HPOS="2818.8976377952754"/>
            <String HEIGHT="70.86614173228347" WIDTH="262.99212598425197" VPOS="4182.677165354331" HPOS="2686.6141732283463" CONTENT="12" ID="tl_116_3" STYLEREFS="FONT0"/>
            <SP HEIGHT="70.86614173228347" WIDTH="44.09448818897638" VPOS="4182.677165354331" HPOS="2949.6062992125985"/>
            <String HEIGHT="70.86614173228347" WIDTH="218.89763779527559" VPOS="4182.677165354331" HPOS="2774.803149606299" CONTENT="fr." ID="tl_116_4" STYLEREFS="FONT0"/>
          </TextLine>
        </TextBlock>
        <TextBlock ID="r_4_18" HEIGHT="59.84251968503937" WIDTH="1148.0314960629921" VPOS="4277.165354330708" HPOS="1851.9685039370079">
          <TextLine ID="tl_117" BASELINE="2753" HEIGHT="56.69291338582677" WIDTH="1144.8818897637796" VPOS="4278.740157480315" HPOS="1853.5433070866143">
            <String HEIGHT="56.69291338582677" WIDTH="318.1102362204724" VPOS="4278.740157480315" HPOS="1822.0472440944882" CONTENT="Lettre" ID="tl_117_1" STYLEREFS="FONT0"/>
            <SP HEIGHT="56.69291338582677" WIDTH="31.496062992125985" VPOS="4278.740157480315" HPOS="2140.1574803149606"/>
            <String HEIGHT="56.69291338582677" WIDTH="190.5511811023622" VPOS="4278.740157480315" HPOS="2044.0944881889764" CONTENT="en" ID="tl_117_2" STYLEREFS="FONT0"/>
            <SP HEIGHT="56.69291338582677" WIDTH="31.496062992125985" VPOS="4278.740157480315" HPOS="2234.6456692913384"/>
            <String HEIGHT="56.69291338582677" WIDTH="318.1102362204724" VPOS="4278.740157480315" HPOS="2140.1574803149606" CONTENT="faveur" ID="tl_117_3" STYLEREFS="FONT0"/>
            <SP HEIGHT="56.69291338582677" WIDTH="31.496062992125985" VPOS="4278.740157480315" HPOS="2458.267716535433"/>
            <String HEIGHT="56.69291338582677" WIDTH="190.5511811023622" VPOS="4278.740157480315" HPOS="2362.2047244094488" CONTENT="du" ID="tl_117_4" STYLEREFS="FONT0"/>
            <SP HEIGHT="56.69291338582677" WIDTH="31.496062992125985" VPOS="4278.740157480315" HPOS="2552.755905511811"/>
            <String HEIGHT="56.69291338582677" WIDTH="349.6062992125984" VPOS="4278.740157480315" HPOS="2458.267716535433" CONTENT="citoyen" ID="tl_117_5" STYLEREFS="FONT0"/>
            <SP HEIGHT="56.69291338582677" WIDTH="31.496062992125985" VPOS="4278.740157480315" HPOS="2807.8740157480315"/>
            <String HEIGHT="56.69291338582677" WIDTH="318.1102362204724" VPOS="4278.740157480315" HPOS="2680.314960629921" CONTENT="Savelli." ID="tl_117_6" STYLEREFS="FONT0"/>
          </TextLine>
        </TextBlock>
        <TextBlock ID="r_4_19" HEIGHT="225.1968503937008" WIDTH="1349.6062992125985" VPOS="4381.102362204724" HPOS="1645.6692913385828">
          <TextLine ID="tl_118" BASELINE="2826" HEIGHT="67.71653543307086" WIDTH="1346.4566929133857" VPOS="4382.677165354331" HPOS="1647.244094488189">
            <String HEIGHT="67.71653543307086" WIDTH="250.39370078740157" VPOS="4382.677165354331" HPOS="1615.748031496063" CONTENT="4244" ID="tl_118_1" STYLEREFS="FONT0"/>
            <SP HEIGHT="67.71653543307086" WIDTH="31.496062992125985" VPOS="4382.677165354331" HPOS="1866.1417322834645"/>
            <String HEIGHT="67.71653543307086" WIDTH="500.78740157480314" VPOS="4382.677165354331" HPOS="1773.2283464566929" CONTENT="BLISS" ID="tl_118_2" STYLEREFS="FONT1"/>
            <SP HEIGHT="67.71653543307086" WIDTH="31.496062992125985" VPOS="4382.677165354331" HPOS="2274.015748031496"/>
            <String HEIGHT="67.71653543307086" WIDTH="406.2992125984252" VPOS="4382.677165354331" HPOS="2179.527559055118" CONTENT="(Arthur)," ID="tl_118_3" STYLEREFS="FONT0"/>
            <SP HEIGHT="67.71653543307086" WIDTH="31.496062992125985" VPOS="4382.677165354331" HPOS="2587.4015748031497"/>
            <String HEIGHT="67.71653543307086" WIDTH="469.29133858267716" VPOS="4382.677165354331" HPOS="2492.9133858267714" CONTENT="compositeur" ID="tl_118_4" STYLEREFS="FONT0"/>
            <SP HEIGHT="67.71653543307086" WIDTH="31.496062992125985" VPOS="4382.677165354331" HPOS="2962.2047244094488"/>
            <String HEIGHT="67.71653543307086" WIDTH="155.90551181102362" VPOS="4382.677165354331" HPOS="2837.7952755905512" CONTENT="an" SUBS_TYPE="HypPart1" SUBS_CONTENT="anglais." ID="tl_118_5" STYLEREFS="FONT0"/>
            <HYP CONTENT="-"/>
          </TextLine>
          <TextLine ID="tl_119" BASELINE="2877" HEIGHT="74.01574803149606" WIDTH="1269.291338582677" VPOS="4456.692913385827" HPOS="1722.8346456692914">
            <String HEIGHT="74.01574803149606" WIDTH="310.23622047244095" VPOS="4456.692913385827" HPOS="1691.3385826771653" CONTENT="glais." SUBS_TYPE="HypPart2" SUBS_CONTENT="anglais." ID="tl_119_1" STYLEREFS="FONT0"/>
            <SP HEIGHT="74.01574803149606" WIDTH="31.496062992125985" VPOS="4456.692913385827" HPOS="2001.5748031496064"/>
            <String HEIGHT="74.01574803149606" WIDTH="154.33070866141733" VPOS="4456.692913385827" HPOS="1908.6614173228347" CONTENT="—" ID="tl_119_2" STYLEREFS="FONT0"/>
            <SP HEIGHT="74.01574803149606" WIDTH="31.496062992125985" VPOS="4456.692913385827" HPOS="2062.9921259842517"/>
            <String HEIGHT="74.01574803149606" WIDTH="310.23622047244095" VPOS="4456.692913385827" HPOS="1970.0787401574803" CONTENT="Lettre" ID="tl_119_3" STYLEREFS="FONT0"/>
            <SP HEIGHT="74.01574803149606" WIDTH="31.496062992125985" VPOS="4456.692913385827" HPOS="2280.314960629921"/>
            <String HEIGHT="74.01574803149606" WIDTH="185.82677165354332" VPOS="4456.692913385827" HPOS="2187.4015748031497" CONTENT="a." ID="tl_119_4" STYLEREFS="FONT0"/>
            <SP HEIGHT="74.01574803149606" WIDTH="31.496062992125985" VPOS="4456.692913385827" HPOS="2373.228346456693"/>
            <String HEIGHT="74.01574803149606" WIDTH="185.82677165354332" VPOS="4456.692913385827" HPOS="2280.314960629921" CONTENT="s." ID="tl_119_5" STYLEREFS="FONT0"/>
            <SP HEIGHT="74.01574803149606" WIDTH="31.496062992125985" VPOS="4456.692913385827" HPOS="2466.1417322834645"/>
            <String HEIGHT="74.01574803149606" WIDTH="217.3228346456693" VPOS="4456.692913385827" HPOS="2373.228346456693" CONTENT="(en" ID="tl_119_6" STYLEREFS="FONT0"/>
            <SP HEIGHT="74.01574803149606" WIDTH="31.496062992125985" VPOS="4456.692913385827" HPOS="2588.9763779527557"/>
            <String HEIGHT="74.01574803149606" WIDTH="403.1496062992126" VPOS="4456.692913385827" HPOS="2496.0629921259842" CONTENT="anglais)," ID="tl_119_7" STYLEREFS="FONT0"/>
            <SP HEIGHT="74.01574803149606" WIDTH="31.496062992125985" VPOS="4456.692913385827" HPOS="2899.212598425197"/>
            <String HEIGHT="74.01574803149606" WIDTH="185.82677165354332" VPOS="4456.692913385827" HPOS="2806.299212598425" CONTENT="s." ID="tl_119_8" STYLEREFS="FONT0"/>
            <SP HEIGHT="74.01574803149606" WIDTH="31.496062992125985" VPOS="4456.692913385827" HPOS="2992.1259842519685"/>
            <String HEIGHT="74.01574803149606" WIDTH="124.40944881889764" VPOS="4456.692913385827" HPOS="2867.716535433071" CONTENT="d." ID="tl_119_9" STYLEREFS="FONT0"/>
          </TextLine>
          <TextLine ID="tl_120" BASELINE="2924" HEIGHT="75.59055118110236" WIDTH="1272.4409448818897" VPOS="4529.133858267716" HPOS="1719.6850393700788">
            <String HEIGHT="75.59055118110236" WIDTH="368.503937007874" VPOS="4529.133858267716" HPOS="1686.6141732283465" CONTENT="(1923)," ID="tl_120_1" STYLEREFS="FONT0"/>
            <SP HEIGHT="75.59055118110236" WIDTH="33.07086614173228" VPOS="4529.133858267716" HPOS="2055.1181102362207"/>
            <String HEIGHT="75.59055118110236" WIDTH="166.9291338582677" VPOS="4529.133858267716" HPOS="1954.3307086614172" CONTENT="3" ID="tl_120_2" STYLEREFS="FONT0"/>
            <SP HEIGHT="75.59055118110236" WIDTH="33.07086614173228" VPOS="4529.133858267716" HPOS="2121.259842519685"/>
            <String HEIGHT="75.59055118110236" WIDTH="201.5748031496063" VPOS="4529.133858267716" HPOS="2020.4724409448818" CONTENT="p." ID="tl_120_3" STYLEREFS="FONT0"/>
            <SP HEIGHT="75.59055118110236" WIDTH="33.07086614173228" VPOS="4529.133858267716" HPOS="2222.047244094488"/>
            <String HEIGHT="75.59055118110236" WIDTH="234.64566929133858" VPOS="4529.133858267716" HPOS="2121.259842519685" CONTENT="gr." ID="tl_120_4" STYLEREFS="FONT0"/>
            <SP HEIGHT="75.59055118110236" WIDTH="33.07086614173228" VPOS="4529.133858267716" HPOS="2355.9055118110236"/>
            <String HEIGHT="75.59055118110236" WIDTH="300.78740157480314" VPOS="4529.133858267716" HPOS="2255.1181102362207" CONTENT="in-8," ID="tl_120_5" STYLEREFS="FONT0"/>
            <SP HEIGHT="75.59055118110236" WIDTH="33.07086614173228" VPOS="4529.133858267716" HPOS="2557.48031496063"/>
            <String HEIGHT="75.59055118110236" WIDTH="201.5748031496063" VPOS="4529.133858267716" HPOS="2456.6929133858266" CONTENT="au" ID="tl_120_6" STYLEREFS="FONT0"/>
            <SP HEIGHT="75.59055118110236" WIDTH="33.07086614173228" VPOS="4529.133858267716" HPOS="2656.6929133858266"/>
            <String HEIGHT="75.59055118110236" WIDTH="335.43307086614175" VPOS="4529.133858267716" HPOS="2557.48031496063" CONTENT="crayon" ID="tl_120_7" STYLEREFS="FONT0"/>
            <SP HEIGHT="75.59055118110236" WIDTH="33.07086614173228" VPOS="4529.133858267716" HPOS="2891.3385826771655"/>
            <String HEIGHT="75.59055118110236" WIDTH="234.64566929133858" VPOS="4529.133858267716" HPOS="2757.48031496063" CONTENT="fixé." ID="tl_120_8" STYLEREFS="FONT0"/>
          </TextLine>
        </TextBlock>
        <TextBlock ID="r_4_20" HEIGHT="51.968503937007874" WIDTH="181.10236220472441" VPOS="4604.724409448819" HPOS="2811.0236220472443">
          <TextLine ID="tl_121" BASELINE="2956" HEIGHT="48.818897637795274" WIDTH="177.95275590551182" VPOS="4606.299212598426" HPOS="2812.5984251968503">
            <String HEIGHT="48.818897637795274" WIDTH="177.95275590551182" VPOS="4606.299212598426" HPOS="2782.6771653543306" CONTENT="25" ID="tl_121_1" STYLEREFS="FONT0"/>
            <SP HEIGHT="48.818897637795274" WIDTH="29.921259842519685" VPOS="4606.299212598426" HPOS="2960.6299212598424"/>
            <String HEIGHT="48.818897637795274" WIDTH="148.03149606299212" VPOS="4606.299212598426" HPOS="2842.51968503937" CONTENT="fr." ID="tl_121_2" STYLEREFS="FONT0"/>
          </TextLine>
        </TextBlock>
        <TextBlock ID="r_4_21" HEIGHT="177.95275590551182" WIDTH="1214.1732283464567" VPOS="4683.464566929134" HPOS="1781.1023622047244">
          <TextLine ID="tl_122" BASELINE="3013" HEIGHT="59.84251968503937" WIDTH="1143.3070866141732" VPOS="4685.03937007874" HPOS="1850.3937007874015">
            <String HEIGHT="59.84251968503937" WIDTH="261.4173228346457" VPOS="4685.03937007874" HPOS="1817.3228346456692" CONTENT="Très" ID="tl_122_1" STYLEREFS="FONT0"/>
            <SP HEIGHT="59.84251968503937" WIDTH="33.07086614173228" VPOS="4685.03937007874" HPOS="2078.740157480315"/>
            <String HEIGHT="59.84251968503937" WIDTH="456.6929133858268" VPOS="4685.03937007874" HPOS="1981.1023622047244" CONTENT="importante" ID="tl_122_2" STYLEREFS="FONT0"/>
            <SP HEIGHT="59.84251968503937" WIDTH="33.07086614173228" VPOS="4685.03937007874" HPOS="2437.7952755905512"/>
            <String HEIGHT="59.84251968503937" WIDTH="325.98425196850394" VPOS="4685.03937007874" HPOS="2340.1574803149606" CONTENT="lettre" ID="tl_122_3" STYLEREFS="FONT0"/>
            <SP HEIGHT="59.84251968503937" WIDTH="33.07086614173228" VPOS="4685.03937007874" HPOS="2667.716535433071"/>
            <String HEIGHT="59.84251968503937" WIDTH="425.1968503937008" VPOS="4685.03937007874" HPOS="2568.503937007874" CONTENT="contenant" ID="tl_122_4" STYLEREFS="FONT0"/>
            <SP HEIGHT="59.84251968503937" WIDTH="33.07086614173228" VPOS="4685.03937007874" HPOS="2993.700787401575"/>
            <String HEIGHT="59.84251968503937" WIDTH="130.70866141732284" VPOS="4685.03937007874" HPOS="2862.9921259842517" CONTENT="la" ID="tl_122_5" STYLEREFS="FONT0"/>
          </TextLine>
          <TextLine ID="tl_123" BASELINE="3049" HEIGHT="56.69291338582677" WIDTH="1211.023622047244" VPOS="4744.881889763779" HPOS="1782.6771653543308">
            <String HEIGHT="56.69291338582677" WIDTH="278.74015748031496" VPOS="4744.881889763779" HPOS="1751.1811023622047" CONTENT="liste" ID="tl_123_1" STYLEREFS="FONT0"/>
            <SP HEIGHT="56.69291338582677" WIDTH="31.496062992125985" VPOS="4744.881889763779" HPOS="2031.4960629921259"/>
            <String HEIGHT="56.69291338582677" WIDTH="527.5590551181102" VPOS="4744.881889763779" HPOS="1938.5826771653544" CONTENT="chronologique" ID="tl_123_2" STYLEREFS="FONT0"/>
            <SP HEIGHT="56.69291338582677" WIDTH="31.496062992125985" VPOS="4744.881889763779" HPOS="2466.1417322834645"/>
            <String HEIGHT="56.69291338582677" WIDTH="373.2283464566929" VPOS="4744.881889763779" HPOS="2373.228346456693" CONTENT="complète" ID="tl_123_3" STYLEREFS="FONT0"/>
            <SP HEIGHT="56.69291338582677" WIDTH="31.496062992125985" VPOS="4744.881889763779" HPOS="2744.8818897637793"/>
            <String HEIGHT="56.69291338582677" WIDTH="217.3228346456693" VPOS="4744.881889763779" HPOS="2651.968503937008" CONTENT="des" ID="tl_123_4" STYLEREFS="FONT0"/>
            <SP HEIGHT="56.69291338582677" WIDTH="31.496062992125985" VPOS="4744.881889763779" HPOS="2869.2913385826773"/>
            <String HEIGHT="56.69291338582677" WIDTH="248.8188976377953" VPOS="4744.881889763779" HPOS="2744.8818897637793" CONTENT="œuvres" ID="tl_123_5" STYLEREFS="FONT0"/>
          </TextLine>
          <TextLine ID="tl_124" BASELINE="3086" HEIGHT="51.968503937007874" WIDTH="492.9133858267717" VPOS="4807.8740157480315" HPOS="1782.6771653543308">
            <String HEIGHT="51.968503937007874" WIDTH="196.8503937007874" VPOS="4807.8740157480315" HPOS="1749.6062992125985" CONTENT="du" ID="tl_124_1" STYLEREFS="FONT0"/>
            <SP HEIGHT="51.968503937007874" WIDTH="33.07086614173228" VPOS="4807.8740157480315" HPOS="1946.4566929133857"/>
            <String HEIGHT="51.968503937007874" WIDTH="459.84251968503935" VPOS="4807.8740157480315" HPOS="1815.748031496063" CONTENT="compositeur." ID="tl_124_2" STYLEREFS="FONT0"/>
          </TextLine>
        </TextBlock>
        <TextBlock ID="r_5_1" HEIGHT="56.69291338582677" WIDTH="1516.5354330708662" VPOS="4940.157480314961" HPOS="822.0472440944882">
          <TextLine ID="tl_125" BASELINE="3172" HEIGHT="53.54330708661417" WIDTH="1513.3858267716535" VPOS="4941.7322834645665" HPOS="823.6220472440945">
            <String HEIGHT="53.54330708661417" WIDTH="425.1968503937008" VPOS="4941.7322834645665" HPOS="776.3779527559055" CONTENT="ACHAT" ID="tl_125_1" STYLEREFS="FONT0"/>
            <SP HEIGHT="53.54330708661417" WIDTH="47.24409448818898" VPOS="4941.7322834645665" HPOS="1201.5748031496064"/>
            <String HEIGHT="53.54330708661417" WIDTH="283.46456692913387" VPOS="4941.7322834645665" HPOS="1059.8425196850394" CONTENT="DE" ID="tl_125_2" STYLEREFS="FONT0"/>
            <SP HEIGHT="53.54330708661417" WIDTH="47.24409448818898" VPOS="4941.7322834645665" HPOS="1343.3070866141732"/>
            <String HEIGHT="53.54330708661417" WIDTH="472.4409448818898" VPOS="4941.7322834645665" HPOS="1201.5748031496064" CONTENT="LIVRES" ID="tl_125_3" STYLEREFS="FONT0"/>
            <SP HEIGHT="53.54330708661417" WIDTH="47.24409448818898" VPOS="4941.7322834645665" HPOS="1675.5905511811025"/>
            <String HEIGHT="53.54330708661417" WIDTH="283.46456692913387" VPOS="4941.7322834645665" HPOS="1532.283464566929" CONTENT="ET" ID="tl_125_4" STYLEREFS="FONT0"/>
            <SP HEIGHT="53.54330708661417" WIDTH="47.24409448818898" VPOS="4941.7322834645665" HPOS="1817.3228346456692"/>
            <String HEIGHT="53.54330708661417" WIDTH="236.2204724409449" VPOS="4941.7322834645665" HPOS="1675.5905511811025" CONTENT="D" ID="tl_125_5" STYLEREFS="FONT0"/>
            <SP HEIGHT="53.54330708661417" WIDTH="47.24409448818898" VPOS="4941.7322834645665" HPOS="1911.8110236220473"/>
            <String HEIGHT="53.54330708661417" WIDTH="614.1732283464567" VPOS="4941.7322834645665" HPOS="1722.8346456692914" CONTENT="AUTOGRAPHES" ID="tl_125_6" STYLEREFS="FONT0"/>
          </TextLine>
        </TextBlock>
        <GraphicalElement ID="r_6" HEIGHT="7.874015748031496" WIDTH="382.6771653543307" VPOS="5346.456692913386" HPOS="1447.244094488189"/>
        <GraphicalElement ID="r_7" HEIGHT="14.173228346456693" WIDTH="866.1417322834645" VPOS="5351.181102362205" HPOS="2332.283464566929"/>
        <GraphicalElement ID="r_8" HEIGHT="3198.4251968503936" WIDTH="20.47244094488189" VPOS="1661.4173228346456" HPOS="1590.5511811023623"/>
        <GraphicalElement ID="r_9" HEIGHT="1314.9606299212599" WIDTH="12.598425196850394" VPOS="346.45669291338584" HPOS="1607.8740157480315"/>
        <GraphicalElement ID="r_10" HEIGHT="385.8267716535433" WIDTH="9.448818897637794" VPOS="2198.4251968503936" HPOS="3244.0944881889764"/>
        <GraphicalElement ID="r_11" HEIGHT="248.8188976377953" WIDTH="11.023622047244094" VPOS="699.2125984251968" HPOS="3261.417322834646"/>
        <GraphicalElement ID="r_12" HEIGHT="346.45669291338584" WIDTH="12.598425196850394" VPOS="244.09448818897638" HPOS="3262.9921259842517"/>
        <GraphicalElement ID="r_13" HEIGHT="11.023622047244094" WIDTH="412.59842519685037" VPOS="5343.307086614173" HPOS="1433.0708661417323"/>
      </PrintSpace>
    </Page>
  </Layout>
</alto>
