3258.267716535433 5340.157480314961
2207.8740157480315 203.1496062992126 579.5275590551181 55.118110236220474 LIBRAIRIE
2653.5433070866143 203.1496062992126 401.5748031496063 55.118110236220474 SIMON
2875.5905511811025 203.1496062992126 223.6220472440945 55.118110236220474 KRA

231.49606299212599 176.3779527559055 113.38582677165354 64.56692913385827 6

272.4409448818898 321.25984251968504 256.6929133858268 74.01574803149606 4245
433.07086614173227 321.25984251968504 513.3858267716536 74.01574803149606 BODIN
848.8188976377953 321.25984251968504 225.1968503937008 74.01574803149606 (J.
977.9527559055118 321.25984251968504 256.6929133858268 74.01574803149606 H.),
1138.5826771653544 321.25984251968504 385.8267716535433 74.01574803149606 médecin,
1395.275590551181 321.25984251968504 256.6929133858268 74.01574803149606 auteur

344.88188976377955 396.8503937007874 201.5748031496063 75.59055118110236 de
445.6692913385827 396.8503937007874 436.2204724409449 75.59055118110236 plusieurs
779.5275590551181 396.8503937007874 401.5748031496063 75.59055118110236 ouvrages
1081.8897637795276 396.8503937007874 201.5748031496063 75.59055118110236 de
1182.6771653543308 396.8503937007874 502.3622047244094 75.59055118110236 pathologie.
1551.1811023622047 396.8503937007874 100.78740157480316 75.59055118110236 —

352.755905511811 474.01574803149606 302.3622047244094 74.01574803149606 Lettre
563.7795275590552 474.01574803149606 181.10236220472441 74.01574803149606 a.
655.1181102362204 474.01574803149606 181.10236220472441 74.01574803149606 s.
746.4566929133858 474.01574803149606 151.1811023622047 74.01574803149606 à
806.2992125984252 474.01574803149606 393.7007874015748 74.01574803149606 Sédillol,
1108.6614173228347 474.01574803149606 181.10236220472441 74.01574803149606 an
1200.0 474.01574803149606 212.5984251968504 74.01574803149606 13,
1321.259842519685 474.01574803149606 151.1811023622047 74.01574803149606 3
1381.1023622047244 474.01574803149606 181.10236220472441 74.01574803149606 p.
1442.5196850393702 474.01574803149606 212.5984251968504 74.01574803149606 petit

277.1653543307087 548.0314960629921 949.6062992125984 61.41732283464567 in-4.
910.2362204724409 548.0314960629921 633.0708661417323 61.41732283464567 30
1121.259842519685 548.0314960629921 527.5590551181102 61.41732283464567 fr.

481.8897637795276 637.7952755905512 292.9133858267717 56.69291338582677 Longue
688.1889763779527 637.7952755905512 292.9133858267717 56.69291338582677 lettre
892.9133858267717 637.7952755905512 204.7244094488189 56.69291338582677 sur
1011.0236220472441 637.7952755905512 292.9133858267717 56.69291338582677 l’état
1215.748031496063 637.7952755905512 176.3779527559055 56.69291338582677 de
1303.9370078740158 637.7952755905512 176.3779527559055 56.69291338582677 la
1363.7795275590552 637.7952755905512 292.9133858267717 56.69291338582677 médecine

409.4488188976378 689.7637795275591 203.1496062992126 58.267716535433074 au
510.23622047244095 689.7637795275591 540.1574803149606 58.267716535433074 commencement
949.6062992125984 689.7637795275591 203.1496062992126 58.267716535433074 du
1050.3937007874015 689.7637795275591 270.86614173228344 58.267716535433074 XIXe
1218.8976377952756 689.7637795275591 371.65354330708664 58.267716535433074 siècle.
1455.1181102362204 689.7637795275591 203.1496062992126 58.267716535433074 Pré-

411.0236220472441 752.7559055118111 415.748031496063 58.267716535433074 sentation
730.7086614173228 752.7559055118111 192.1259842519685 58.267716535433074 de
825.1968503937007 752.7559055118111 192.1259842519685 58.267716535433074 Le
921.2598425196851 752.7559055118111 255.11811023622047 58.267716535433074 Roy,
1081.8897637795276 752.7559055118111 351.18110236220474 58.267716535433074 médecin
1305.5118110236222 752.7559055118111 351.18110236220474 58.267716535433074 d’Anvers,

417.3228346456693 806.2992125984252 129.13385826771653 55.118110236220474 à
467.7165354330709 806.2992125984252 154.33070866141733 55.118110236220474 la
546.4566929133858 806.2992125984252 360.62992125984255 55.118110236220474 Société
829.9212598425197 806.2992125984252 387.40157480314963 55.118110236220474 d’Emulation
1138.5826771653544 806.2992125984252 181.10236220472441 55.118110236220474 des
1242.5196850393702 806.2992125984252 310.23622047244095 55.118110236220474 Sciences
1448.8188976377953 806.2992125984252 206.29921259842519 55.118110236220474 et

411.0236220472441 864.5669291338583 297.6377952755906 64.56692913385827 des
618.8976377952756 864.5669291338583 385.8267716535433 64.56692913385827 Arts.
916.5354330708661 864.5669291338583 325.98425196850394 64.56692913385827 Méthode
1124.4094488188975 864.5669291338583 533.8582677165355 64.56692913385827 antidysentérique

411.0236220472441 921.2598425196851 319.68503937007875 55.118110236220474 Jacob;
634.6456692913385 921.2598425196851 256.6929133858268 55.118110236220474 elle
793.7007874015748 921.2598425196851 384.251968503937 55.118110236220474 consiste
1081.8897637795276 921.2598425196851 192.1259842519685 55.118110236220474 «à
1177.9527559055118 921.2598425196851 319.68503937007875 55.118110236220474 donner
1401.5748031496064 921.2598425196851 192.1259842519685 55.118110236220474 de
1466.1417322834645 921.2598425196851 192.1259842519685 55.118110236220474 l’o-

411.0236220472441 977.9527559055118 269.29133858267716 62.99212598425197 pium
579.5275590551181 977.9527559055118 203.1496062992126 62.99212598425197 au
680.3149606299213 977.9527559055118 472.4409448818898 62.99212598425197 demi-grain
1051.9685039370079 977.9527559055118 203.1496062992126 62.99212598425197 ou
1152.755905511811 977.9527559055118 269.29133858267716 62.99212598425197 même
1286.6141732283465 977.9527559055118 371.65354330708664 62.99212598425197 davantage

411.0236220472441 1036.2204724409448 196.8503937007874 50.39370078740158 de
510.23622047244095 1036.2204724409448 262.99212598425197 50.39370078740158 deux
674.0157480314961 1036.2204724409448 327.5590551181102 50.39370078740158 heures
903.9370078740158 1036.2204724409448 196.8503937007874 50.39370078740158 en
1001.5748031496063 1036.2204724409448 262.99212598425197 50.39370078740158 deux
1133.8582677165355 1036.2204724409448 393.7007874015748 50.39370078740158 heures...»

272.4409448818898 1133.8582677165355 292.9133858267717 72.44094488188976 4246
455.11811023622045 1133.8582677165355 803.1496062992126 72.44094488188976 BOISLECOMTE
1111.8110236220473 1133.8582677165355 548.0314960629921 72.44094488188976 (Olivier-

348.0314960629921 1207.8740157480315 423.62204724409446 72.44094488188976 nislas,
655.1181102362204 1207.8740157480315 346.45669291338584 72.44094488188976 comte
886.6141732283464 1207.8740157480315 308.66141732283467 72.44094488188976 de),
1080.3149606299212 1207.8740157480315 577.9527559055118 72.44094488188976 ambassadeur
1503.9370078740158 1207.8740157480315 154.33070866141733 72.44094488188976 en

351.18110236220474 1285.0393700787401 344.88188976377955 67.71653543307086 Suisse
592.1259842519685 1285.0393700787401 206.29921259842519 67.71653543307086 et
696.0629921259842 1285.0393700787401 171.6535433070866 67.71653543307086 à
765.3543307086615 1285.0393700787401 379.5275590551181 67.71653543307086 Naples,
1039.3700787401574 1285.0393700787401 481.8897637795276 67.71653543307086 1800-1865.
1418.8976377952756 1285.0393700787401 171.6535433070866 67.71653543307086 —
1453.5433070866143 1285.0393700787401 206.29921259842519 67.71653543307086 Let-

349.6062992125984 1362.2047244094488 247.24409448818898 69.29133858267717 tre
489.76377952755905 1362.2047244094488 212.5984251968504 69.29133858267717 a.
596.8503937007874 1362.2047244094488 212.5984251968504 69.29133858267717 s.
702.3622047244095 1362.2047244094488 212.5984251968504 69.29133858267717 et
809.4488188976378 1362.2047244094488 283.46456692913387 69.29133858267717 note
985.8267716535433 1362.2047244094488 566.9291338582677 69.29133858267717 diplomatique
1445.6692913385828 1362.2047244094488 212.5984251968504 69.29133858267717 a.
1516.5354330708662 1362.2047244094488 141.73228346456693 69.29133858267717 s.

354.3307086614173 1436.2204724409448 253.54330708661416 70.86614173228347 1847
513.3858267716536 1436.2204724409448 190.5511811023622 70.86614173228347 et
607.8740157480315 1436.2204724409448 286.61417322834643 70.86614173228347 1855,
798.4251968503937 1436.2204724409448 253.54330708661416 70.86614173228347 ens.
957.4803149606299 1436.2204724409448 159.0551181102362 70.86614173228347 9
1022.0472440944882 1436.2204724409448 286.61417322834643 70.86614173228347 pages
1212.5984251968505 1436.2204724409448 318.1102362204724 70.86614173228347 in-f°.
1434.6456692913387 1436.2204724409448 190.5511811023622 70.86614173228347 50
1497.6377952755906 1436.2204724409448 159.0551181102362 70.86614173228347 fr.

481.8897637795276 1532.283464566929 255.11811023622047 62.99212598425197 Note
640.9448818897638 1532.283464566929 510.23622047244095 62.99212598425197 diplomatique
1055.1181102362204 1532.283464566929 349.6062992125984 62.99212598425197 secrète
1310.236220472441 1532.283464566929 190.5511811023622 62.99212598425197 de
1404.724409448819 1532.283464566929 190.5511811023622 62.99212598425197 la
1469.291338582677 1532.283464566929 190.5511811023622 62.99212598425197 plus

414.1732283464567 1588.976377952756 294.48818897637796 58.267716535433074 haute
611.0236220472441 1588.976377952756 491.33858267716533 58.267716535433074 importance,
1004.7244094488188 1588.976377952756 229.92125984251967 58.267716535433074 sur
1135.4330708661416 1588.976377952756 229.92125984251967 58.267716535433074 les
1266.1417322834645 1588.976377952756 393.7007874015748 58.267716535433074 troubles
1529.1338582677165 1588.976377952756 130.70866141732284 58.267716535433074 de

417.3228346456693 1645.6692913385828 226.77165354330708 61.41732283464567 1848
559.0551181102362 1645.6692913385828 141.73228346456693 61.41732283464567 à
615.7480314960629 1645.6692913385828 508.66141732283467 61.41732283464567 Naples.
1039.3700787401574 1645.6692913385828 198.4251968503937 61.41732283464567 «On
1152.755905511811 1645.6692913385828 310.23622047244095 61.41732283464567 regarde
1351.1811023622047 1645.6692913385828 310.23622047244095 61.41732283464567 générale-

411.0236220472441 1703.9370078740158 277.1653543307087 59.84251968503937 ment
584.2519685039371 1703.9370078740158 207.8740157480315 59.84251968503937 le
688.1889763779527 1703.9370078740158 242.51968503937007 59.84251968503937 Roi
826.7716535433071 1703.9370078740158 207.8740157480315 59.84251968503937 de
930.7086614173228 1703.9370078740158 346.45669291338584 59.84251968503937 Naples
1174.8031496062993 1703.9370078740158 311.81102362204723 59.84251968503937 comme
1382.6771653543308 1703.9370078740158 207.8740157480315 59.84251968503937 un
1451.9685039370079 1703.9370078740158 207.8740157480315 59.84251968503937 vrai

415.748031496063 1760.6299212598426 447.244094488189 53.54330708661417 Lazzaroni,
766.9291338582677 1760.6299212598426 382.6771653543307 53.54330708661417 méchant,
1055.1181102362204 1760.6299212598426 319.68503937007875 53.54330708661417 fourbe
1278.740157480315 1760.6299212598426 192.1259842519685 53.54330708661417 et
1373.2283464566929 1760.6299212598426 255.11811023622047 53.54330708661417 sans
1502.3622047244094 1760.6299212598426 159.0551181102362 53.54330708661417 in-

415.748031496063 1817.3228346456692 444.09448818897636 56.69291338582677 telligence;
771.6535433070866 1817.3228346456692 266.1417322834646 56.69291338582677 c’est
949.6062992125984 1817.3228346456692 207.8740157480315 56.69291338582677 une
1067.716535433071 1817.3228346456692 325.98425196850394 56.69291338582677 erreur;
1303.9370078740158 1817.3228346456692 177.95275590551182 56.69291338582677 le
1393.7007874015749 1817.3228346456692 207.8740157480315 56.69291338582677 Roi
1511.8110236220473 1817.3228346456692 148.03149606299212 56.69291338582677 a
1541.732283464567 1817.3228346456692 118.11023622047244 56.69291338582677 un

414.1732283464567 1875.5905511811025 288.18897637795277 59.84251968503937 grand
606.2992125984252 1875.5905511811025 319.68503937007875 59.84251968503937 esprit
829.9212598425197 1875.5905511811025 384.251968503937 59.84251968503937 d’ordre;
1118.1102362204724 1875.5905511811025 192.1259842519685 59.84251968503937 il
1214.1732283464567 1875.5905511811025 384.251968503937 59.84251968503937 s’occupe
1469.291338582677 1875.5905511811025 192.1259842519685 59.84251968503937 avec

411.0236220472441 1930.708661417323 277.1653543307087 58.267716535433074 soin
584.2519685039371 1930.708661417323 207.8740157480315 58.267716535433074 de
688.1889763779527 1930.708661417323 242.51968503937007 58.267716535433074 son
826.7716535433071 1930.708661417323 659.8425196850394 58.267716535433074 administration;
1382.6771653543308 1930.708661417323 277.1653543307087 58.267716535433074 mais
1521.259842519685 1930.708661417323 138.58267716535434 58.267716535433074 le

414.1732283464567 1987.4015748031495 255.11811023622047 61.41732283464567 fond
573.2283464566929 1987.4015748031495 192.1259842519685 61.41732283464567 de
669.2913385826772 1987.4015748031495 223.6220472440945 61.41732283464567 son
796.8503937007874 1987.4015748031495 414.1732283464567 61.41732283464567 caractère
1116.5354330708662 1987.4015748031495 223.6220472440945 61.41732283464567 est
1244.0944881889764 1987.4015748031495 192.1259842519685 61.41732283464567 la
1338.5826771653544 1987.4015748031495 286.61417322834643 61.41732283464567 peur,
1499.2125984251968 1987.4015748031495 159.0551181102362 61.41732283464567 et,

414.1732283464567 2042.5196850393702 177.95275590551182 62.99212598425197 il
503.93700787401576 2042.5196850393702 325.98425196850394 62.99212598425197 méprise
740.1574803149606 2042.5196850393702 207.8740157480315 62.99212598425197 ses
858.2677165354331 2042.5196850393702 296.06299212598424 62.99212598425197 sujets
1066.1417322834645 2042.5196850393702 296.06299212598424 62.99212598425197 autant
1274.015748031496 2042.5196850393702 266.1417322834646 62.99212598425197 qu’il
1422.0472440944882 2042.5196850393702 236.2204724409449 62.99212598425197 craint

414.1732283464567 2102.3622047244094 207.8740157480315 48.818897637795274 les
533.8582677165355 2102.3622047244094 593.7007874015748 48.818897637795274 révolutionnaires
1037.7952755905512 2102.3622047244094 177.95275590551182 48.818897637795274 de
1097.6377952755906 2102.3622047244094 445.6692913385827 48.818897637795274 l’extérieur.»

277.1653543307087 2200.0 269.29133858267716 74.01574803149606 4247
444.09448818897636 2200.0 672.4409448818898 74.01574803149606 BONAPARTE
982.6771653543307 2200.0 672.4409448818898 74.01574803149606 (Julie

346.45669291338584 2275.5905511811025 218.89763779527559 72.44094488188976 de
455.11811023622045 2275.5905511811025 617.3228346456693 72.44094488188976 Boccagiovine,
963.7795275590552 2275.5905511811025 327.5590551181102 72.44094488188976 fille
1182.6771653543308 2275.5905511811025 218.89763779527559 72.44094488188976 du
1291.3385826771653 2275.5905511811025 363.7795275590551 72.44094488188976 prince
1510.236220472441 2275.5905511811025 144.88188976377953 72.44094488188976 de

352.755905511811 2351.181102362205 368.503937007874 66.14173228346456 Canino,
620.4724409448819 2351.181102362205 469.29133858267716 66.14173228346456 1830-1885,
988.9763779527559 2351.181102362205 300.78740157480314 66.14173228346456 femme
1188.976377952756 2351.181102362205 201.5748031496063 66.14173228346456 de
1289.763779527559 2351.181102362205 401.5748031496063 66.14173228346456 lettres.
1557.4803149606298 2351.181102362205 100.78740157480316 66.14173228346456 —

359.0551181102362 2428.3464566929133 294.48818897637796 69.29133858267717 Lettre
565.3543307086615 2428.3464566929133 176.3779527559055 69.29133858267717 a.
653.5433070866142 2428.3464566929133 176.3779527559055 69.29133858267717 s.
741.7322834645669 2428.3464566929133 294.48818897637796 69.29133858267717 Paris,
946.4566929133858 2428.3464566929133 264.56692913385825 69.29133858267717 1867,
1122.8346456692914 2428.3464566929133 146.45669291338584 69.29133858267717 3
1182.6771653543308 2428.3464566929133 176.3779527559055 69.29133858267717 p.
1270.8661417322835 2428.3464566929133 264.56692913385825 69.29133858267717 in-8.
1445.6692913385828 2428.3464566929133 176.3779527559055 69.29133858267717 20
1505.5118110236222 2428.3464566929133 146.45669291338584 69.29133858267717 fr.

478.74015748031496 2525.984251968504 286.61417322834643 62.99212598425197 Elle
658.2677165354331 2525.984251968504 393.7007874015748 62.99212598425197 demande
944.8818897637796 2525.984251968504 179.5275590551181 62.99212598425197 à
1015.7480314960629 2525.984251968504 250.39370078740157 62.99212598425197 son
1122.8346456692914 2525.984251968504 537.007874015748 62.99212598425197 correspondant

412.59842519685037 2582.6771653543306 236.2204724409449 58.267716535433074 sur
546.4566929133858 2582.6771653543306 201.5748031496063 58.267716535433074 la
647.2440944881889 2582.6771653543306 606.2992125984252 58.267716535433074 recommandation
1152.755905511811 2582.6771653543306 201.5748031496063 58.267716535433074 de
1253.5433070866143 2582.6771653543306 201.5748031496063 58.267716535433074 M.
1355.9055118110236 2582.6771653543306 303.93700787401576 58.267716535433074 Caro,
1522.8346456692914 2582.6771653543306 135.43307086614172 58.267716535433074 de

415.748031496063 2639.3700787401576 341.73228346456693 61.41732283464567 vouloir
664.5669291338583 2639.3700787401576 248.8188976377953 61.41732283464567 bien
820.4724409448819 2639.3700787401576 311.81102362204723 61.41732283464567 mettre
1039.3700787401574 2639.3700787401576 373.2283464566929 61.41732283464567 quelques
1319.6850393700788 2639.3700787401576 311.81102362204723 61.41732283464567 lignes
1505.5118110236222 2639.3700787401576 155.90551181102362 61.41732283464567 sur

418.8976377952756 2699.212598425197 236.2204724409449 45.669291338582674 son
519.6850393700787 2699.212598425197 269.29133858267716 45.669291338582674 album.

278.74015748031496 2793.700787401575 250.39370078740157 74.01574803149606 4248
436.2204724409449 2793.700787401575 533.8582677165355 74.01574803149606 BONNAT
875.5905511811023 2793.700787401575 344.88188976377955 74.01574803149606 (Léon),
1125.984251968504 2793.700787401575 188.9763779527559 74.01574803149606 le
1220.4724409448818 2793.700787401575 344.88188976377955 74.01574803149606 célèbre
1439.3700787401574 2793.700787401575 220.4724409448819 74.01574803149606 pein

357.4803149606299 2872.4409448818897 231.49606299212599 66.14173228346456 tre.
502.3622047244094 2872.4409448818897 144.88188976377953 66.14173228346456 —
559.0551181102362 2872.4409448818897 173.22834645669292 66.14173228346456 L.
645.6692913385826 2872.4409448818897 173.22834645669292 66.14173228346456 a.
733.8582677165355 2872.4409448818897 173.22834645669292 66.14173228346456 s.
820.4724409448819 2872.4409448818897 144.88188976377953 66.14173228346456 à
878.7401574803149 2872.4409448818897 203.1496062992126 66.14173228346456 une
993.7007874015748 2872.4409448818897 289.76377952755905 66.14173228346456 reine;
1196.8503937007874 2872.4409448818897 492.9133858267717 66.14173228346456 Paris,
1573.2283464566929 2872.4409448818897 86.61417322834646 66.14173228346456 3

337.00787401574803 2944.8818897637793 395.2755905511811 69.29133858267717 janv.
601.5748031496063 2944.8818897637793 395.2755905511811 69.29133858267717 1893;
864.5669291338583 2944.8818897637793 220.4724409448819 69.29133858267717 4
952.7559055118111 2944.8818897637793 264.56692913385825 69.29133858267717 p.
1085.0393700787401 2944.8818897637793 395.2755905511811 69.29133858267717 in-8.
1348.0314960629921 2944.8818897637793 264.56692913385825 69.29133858267717 45
1436.2204724409448 2944.8818897637793 220.4724409448819 69.29133858267717 fr.

485.03937007874015 3034.6456692913384 349.6062992125984 61.41732283464567 Superbe
740.1574803149606 3034.6456692913384 349.6062992125984 61.41732283464567 lettre.
993.7007874015748 3034.6456692913384 255.11811023622047 61.41732283464567 «Mon
1152.755905511811 3034.6456692913384 318.1102362204724 61.41732283464567 esprit
1344.8818897637796 3034.6456692913384 318.1102362204724 61.41732283464567 attristé

415.748031496063 3092.9133858267714 236.2204724409449 58.267716535433074 par
549.6062992125984 3092.9133858267714 236.2204724409449 58.267716535433074 les
685.0393700787401 3092.9133858267714 370.0787401574803 58.267716535433074 misères
954.3307086614174 3092.9133858267714 201.5748031496063 58.267716535433074 du
1055.1181102362204 3092.9133858267714 370.0787401574803 58.267716535433074 moment,
1324.4094488188975 3092.9133858267714 168.50393700787401 58.267716535433074 a
1392.1259842519685 3092.9133858267714 269.29133858267716 58.267716535433074 reçu
1525.984251968504 3092.9133858267714 135.43307086614172 58.267716535433074 en

418.8976377952756 3146.4566929133857 303.93700787401576 59.84251968503937 lisant,
640.9448818897638 3146.4566929133857 165.35433070866142 59.84251968503937 un
722.8346456692914 3146.4566929133857 220.4724409448819 59.84251968503937 vrai
861.4173228346457 3146.4566929133857 248.8188976377953 59.84251968503937 rayon
1026.7716535433071 3146.4566929133857 165.35433070866142 59.84251968503937 de
1110.236220472441 3146.4566929133857 303.93700787401576 59.84251968503937 soleil,
1330.708661417323 3146.4566929133857 193.70078740157481 59.84251968503937 une
1414.1732283464567 3146.4566929133857 248.8188976377953 59.84251968503937 envolée

418.8976377952756 3204.7244094488187 173.22834645669292 61.41732283464567 de
505.51181102362204 3204.7244094488187 318.1102362204724 61.41732283464567 poésie.
737.007874015748 3204.7244094488187 173.22834645669292 61.41732283464567 Il
823.6220472440945 3204.7244094488187 144.88188976377953 61.41732283464567 y
881.8897637795276 3204.7244094488187 259.84251968503935 61.41732283464567 avait
1055.1181102362204 3204.7244094488187 173.22834645669292 61.41732283464567 je
1141.732283464567 3204.7244094488187 173.22834645669292 61.41732283464567 ne
1228.3464566929133 3204.7244094488187 231.49606299212599 61.41732283464567 sais
1373.2283464566929 3204.7244094488187 231.49606299212599 61.41732283464567 quel
1489.763779527559 3204.7244094488187 173.22834645669292 61.41732283464567 par-

415.748031496063 3261.417322834646 223.6220472440945 61.41732283464567 fum
543.3070866141733 3261.417322834646 414.1732283464567 61.41732283464567 d’Orient,
861.4173228346457 3261.417322834646 223.6220472440945 61.41732283464567 cet
988.9763779527559 3261.417322834646 319.68503937007875 61.41732283464567 Orient
1212.5984251968505 3261.417322834646 223.6220472440945 61.41732283464567 qui
1340.1574803149606 3261.417322834646 255.11811023622047 61.41732283464567 nous
1467.716535433071 3261.417322834646 192.1259842519685 61.41732283464567 fait

414.1732283464567 3318.1102362204724 327.5590551181102 56.69291338582677 rêver,
644.0944881889764 3318.1102362204724 261.4173228346457 56.69291338582677 nous
807.8740157480315 3318.1102362204724 327.5590551181102 56.69291338582677 autres
1037.7952755905512 3318.1102362204724 327.5590551181102 56.69291338582677 hommes
1266.1417322834645 3318.1102362204724 196.8503937007874 56.69291338582677 de
1332.283464566929 3318.1102362204724 327.5590551181102 56.69291338582677 l’Ouest,

415.748031496063 3374.803149606299 217.3228346456693 58.267716535433074 cet
540.1574803149606 3374.803149606299 341.73228346456693 58.267716535433074 Orient,
788.9763779527559 3374.803149606299 248.8188976377953 58.267716535433074 pays
944.8818897637796 3374.803149606299 217.3228346456693 58.267716535433074 des
1069.291338582677 3374.803149606299 280.31496062992125 58.267716535433074 mille
1255.1181102362204 3374.803149606299 185.82677165354332 58.267716535433074 et
1349.6062992125985 3374.803149606299 217.3228346456693 58.267716535433074 une
1442.5196850393702 3374.803149606299 217.3228346456693 58.267716535433074 fées,

414.1732283464567 3431.496062992126 229.92125984251967 58.267716535433074 qui
544.8818897637796 3431.496062992126 360.62992125984255 58.267716535433074 captive
807.8740157480315 3431.496062992126 196.8503937007874 58.267716535433074 si
905.511811023622 3431.496062992126 491.33858267716533 58.267716535433074 puissamment
1299.2125984251968 3431.496062992126 229.92125984251967 58.267716535433074 nos
1398.4251968503936 3431.496062992126 261.4173228346457 58.267716535433074 imagi

382.6771653543307 3491.3385826771655 354.3307086614173 42.51968503937008 nations.»

278.74015748031496 3585.8267716535433 269.29133858267716 72.44094488188976 4249
445.6692913385827 3585.8267716535433 604.7244094488188 72.44094488188976 BORNIER
951.1811023622047 3585.8267716535433 337.00787401574803 72.44094488188976 (Henri
1185.8267716535433 3585.8267716535433 269.29133858267716 72.44094488188976 de),
1354.3307086614172 3585.8267716535433 302.3622047244094 72.44094488188976 poète
1522.8346456692914 3585.8267716535433 133.85826771653544 72.44094488188976 et

349.6062992125984 3662.9921259842517 371.65354330708664 66.14173228346456 auteur
611.0236220472441 3662.9921259842517 559.0551181102362 66.14173228346456 dramatique.
1058.267716535433 3662.9921259842517 185.82677165354332 66.14173228346456 —
1132.283464566929 3662.9921259842517 297.6377952755906 66.14173228346456 Deux
1318.1102362204724 3662.9921259842517 223.6220472440945 66.14173228346456 L.
1429.9212598425197 3662.9921259842517 223.6220472440945 66.14173228346456 a.
1503.9370078740158 3662.9921259842517 149.60629921259843 66.14173228346456 s.

357.4803149606299 3733.8582677165355 168.50393700787401 70.86614173228347 (à
442.5196850393701 3733.8582677165355 338.5826771653543 70.86614173228347 Henri
696.0629921259842 3733.8582677165355 507.0866141732283 70.86614173228347 Houssaye),
1118.1102362204724 3733.8582677165355 225.1968503937008 70.86614173228347 1897
1259.8425196850394 3733.8582677165355 168.50393700787401 70.86614173228347 et
1343.3070866141732 3733.8582677165355 253.54330708661416 70.86614173228347 1899.
1513.3858267716535 3733.8582677165355 140.15748031496062 70.86614173228347 2
1540.1574803149606 3733.8582677165355 113.38582677165354 70.86614173228347 p.

355.90551181102364 3811.0236220472443 277.1653543307087 67.71653543307086 in-8,
541.7322834645669 3811.0236220472443 462.99212598425197 67.71653543307086 enveloppes.
911.8110236220473 3811.0236220472443 215.748031496063 67.71653543307086 Les
1036.2204724409448 3811.0236220472443 247.24409448818898 67.71653543307086 deux
1190.5511811023623 3811.0236220472443 340.15748031496065 67.71653543307086 lettres
1437.7952755905512 3811.0236220472443 185.82677165354332 67.71653543307086 40
1499.2125984251968 3811.0236220472443 154.33070866141733 67.71653543307086 fr.

481.8897637795276 3908.6614173228345 196.8503937007874 56.69291338582677 a)
581.1023622047244 3908.6614173228345 327.5590551181102 56.69291338582677 «C’est
809.4488188976378 3908.6614173228345 458.26771653543307 56.69291338582677 absolument
1168.5039370078741 3908.6614173228345 261.4173228346457 56.69291338582677 beau
1332.283464566929 3908.6614173228345 196.8503937007874 56.69291338582677 de
1398.4251968503936 3908.6614173228345 261.4173228346457 56.69291338582677 calme,

415.748031496063 3963.779527559055 574.8031496062993 56.69291338582677 d’impartialité
894.488188976378 3963.779527559055 286.61417322834643 56.69291338582677 même,
1085.0393700787401 3963.779527559055 255.11811023622047 56.69291338582677 avec
1245.6692913385828 3963.779527559055 223.6220472440945 56.69291338582677 une
1340.1574803149606 3963.779527559055 319.68503937007875 56.69291338582677 certaine

420.4724409448819 4022.047244094488 403.1496062992126 56.69291338582677 mélancolie
737.007874015748 4022.047244094488 201.5748031496063 56.69291338582677 qui
851.9685039370079 4022.047244094488 229.92125984251967 56.69291338582677 sied
996.8503937007874 4022.047244094488 144.88188976377953 56.69291338582677 à
1055.1181102362204 4022.047244094488 403.1496062992126 56.69291338582677 l’histoire
1371.6535433070867 4022.047244094488 173.22834645669292 56.69291338582677 de
1429.9212598425197 4022.047244094488 229.92125984251967 56.69291338582677 1915.»

483.46456692913387 4077.165354330709 195.2755905511811 59.84251968503937 b)
581.1023622047244 4077.165354330709 325.98425196850394 59.84251968503937 «Votre
811.0236220472441 4077.165354330709 392.12598425196853 59.84251968503937 Waterloo
1103.9370078740158 4077.165354330709 228.3464566929134 59.84251968503937 est
1234.6456692913387 4077.165354330709 195.2755905511811 59.84251968503937 de
1333.8582677165355 4077.165354330709 195.2755905511811 59.84251968503937 la
1398.4251968503936 4077.165354330709 261.4173228346457 59.84251968503937 grande

417.3228346456693 4133.858267716535 384.251968503937 51.968503937007874 histoire,
713.3858267716536 4133.858267716535 177.95275590551182 51.968503937007874 le
801.5748031496063 4133.858267716535 266.1417322834646 51.968503937007874 récit
979.5275590551181 4133.858267716535 177.95275590551182 51.968503937007874 de
1067.716535433071 4133.858267716535 414.1732283464567 51.968503937007874 l’horrible
1363.7795275590552 4133.858267716535 296.06299212598424 51.968503937007874 bataille

417.3228346456693 4190.5511811023625 212.5984251968504 59.84251968503937 est
538.5826771653543 4190.5511811023625 182.6771653543307 59.84251968503937 un
629.9212598425197 4190.5511811023625 242.51968503937007 59.84251968503937 chef
781.1023622047244 4190.5511811023625 363.7795275590551 59.84251968503937 d’œuvre,
1053.5433070866143 4190.5511811023625 212.5984251968504 59.84251968503937 les
1174.8031496062993 4190.5511811023625 272.4409448818898 59.84251968503937 pages
1357.4803149606298 4190.5511811023625 182.6771653543307 59.84251968503937 de
1447.244094488189 4190.5511811023625 182.6771653543307 59.84251968503937 la
1508.6614173228347 4190.5511811023625 151.1811023622047 59.84251968503937 dé-

415.748031496063 4250.393700787402 278.74015748031496 53.54330708661417 route
603.1496062992126 4250.393700787402 248.8188976377953 53.54330708661417 sont
725.9842519685039 4250.393700787402 466.1417322834646 53.54330708661417 effrayantes.»

280.31496062992125 4346.456692913386 255.11811023622047 69.29133858267717 4250
439.37007874015745 4346.456692913386 576.3779527559055 69.29133858267717 BORNIER
919.6850393700787 4346.456692913386 319.68503937007875 69.29133858267717 (Henri
1143.3070866141732 4346.456692913386 255.11811023622047 69.29133858267717 de).
1303.9370078740158 4346.456692913386 160.62992125984252 69.29133858267717 —
1366.9291338582677 4346.456692913386 192.1259842519685 69.29133858267717 L.
1462.992125984252 4346.456692913386 192.1259842519685 69.29133858267717 a.
1527.5590551181103 4346.456692913386 127.55905511811024 69.29133858267717 s.

319.68503937007875 4420.472440944882 351.18110236220474 67.71653543307086 1
461.4173228346457 4420.472440944882 420.4724409448819 67.71653543307086 p.
670.8661417322835 4420.472440944882 702.3622047244095 67.71653543307086 in-12.
1162.2047244094488 4420.472440944882 420.4724409448819 67.71653543307086 10
1302.3622047244094 4420.472440944882 351.18110236220474 67.71653543307086 fr.

278.74015748031496 4532.283464566929 255.11811023622047 70.86614173228347 4251
437.79527559055117 4532.283464566929 543.3070866141733 70.86614173228347 BOTREL
885.0393700787401 4532.283464566929 478.74015748031496 70.86614173228347 (Théodore),
1269.291338582677 4532.283464566929 288.18897637795277 70.86614173228347 barde
1428.3464566929133 4532.283464566929 223.6220472440945 70.86614173228347 popu-

351.18110236220474 4607.8740157480315 333.8582677165354 64.56692913385827 laire.
584.2519685039371 4607.8740157480315 166.9291338582677 64.56692913385827 —
650.3937007874016 4607.8740157480315 299.21259842519686 64.56692913385827 Carte
850.3937007874016 4607.8740157480315 366.92913385826773 64.56692913385827 postale
1116.5354330708662 4607.8740157480315 433.07086614173227 64.56692913385827 illustrée
1450.3937007874015 4607.8740157480315 200.0 64.56692913385827 de
1516.5354330708662 4607.8740157480315 133.85826771653544 64.56692913385827 sa

343.3070866141732 4683.464566929134 549.6062992125984 67.71653543307086 photographie
790.5511811023622 4683.464566929134 206.29921259842519 67.71653543307086 et
892.9133858267717 4683.464566929134 206.29921259842519 67.71653543307086 de
996.8503937007874 4683.464566929134 308.66141732283467 67.71653543307086 celle
1201.5748031496064 4683.464566929134 206.29921259842519 67.71653543307086 de
1305.5118110236222 4683.464566929134 206.29921259842519 67.71653543307086 sa
1374.8031496062993 4683.464566929134 274.01574803149606 67.71653543307086 femme;

330.70866141732284 4759.055118110236 314.96062992125985 64.56692913385827 20
488.18897637795277 4759.055118110236 525.9842519685039 64.56692913385827 lignes
855.1181102362204 4759.055118110236 420.4724409448819 64.56692913385827 aut.
1118.1102362204724 4759.055118110236 314.96062992125985 64.56692913385827 s.
1275.5905511811025 4759.055118110236 314.96062992125985 64.56692913385827 15
1381.1023622047244 4759.055118110236 262.99212598425197 64.56692913385827 fr.

1729.1338582677165 330.70866141732284 303.93700787401576 66.14173228346456 4252
1919.6850393700788 330.70866141732284 837.7952755905512 66.14173228346456 BOUCHARDAT,
2642.51968503937 330.70866141732284 456.6929133858268 66.14173228346456 chimiste
2946.4566929133857 330.70866141732284 152.75590551181102 66.14173228346456 et

1806.2992125984251 407.87401574803147 502.3622047244094 70.86614173228347 pharmacien
2201.5748031496064 407.87401574803147 574.8031496062993 70.86614173228347 (1806-1856).
2667.716535433071 407.87401574803147 179.5275590551181 70.86614173228347 —
2740.1574803149606 407.87401574803147 215.748031496063 70.86614173228347 L.
2847.244094488189 407.87401574803147 215.748031496063 70.86614173228347 a.
2919.685039370079 407.87401574803147 179.5275590551181 70.86614173228347 s.,

1806.2992125984251 481.8897637795276 209.4488188976378 64.56692913385827 1
1889.763779527559 481.8897637795276 250.39370078740157 64.56692913385827 p.
2014.1732283464567 481.8897637795276 376.37795275590554 64.56692913385827 in-4,
2264.566929133858 481.8897637795276 292.9133858267717 64.56692913385827 sur
2431.496062992126 481.8897637795276 500.78740157480314 64.56692913385827 bristol.
2807.8740157480315 481.8897637795276 250.39370078740157 64.56692913385827 25
2891.3385826771655 481.8897637795276 209.4488188976378 64.56692913385827 fr.

1941.732283464567 581.1023622047244 366.92913385826773 62.99212598425197 Curieuse
2215.748031496063 581.1023622047244 337.00787401574803 62.99212598425197 lettre.
2461.417322834646 581.1023622047244 337.00787401574803 62.99212598425197 Réponse
2705.511811023622 581.1023622047244 152.75590551181102 62.99212598425197 à
2766.9291338582675 581.1023622047244 184.251968503937 62.99212598425197 un
2859.8425196850394 581.1023622047244 214.17322834645668 62.99212598425197 ami
2951.181102362205 581.1023622047244 152.75590551181102 62.99212598425197 qui

1872.4409448818897 636.2204724409448 226.77165354330708 64.56692913385827 lui
2003.1496062992126 636.2204724409448 355.90551181102364 64.56692913385827 demande
2261.417322834646 636.2204724409448 193.70078740157481 64.56692913385827 de
2359.0551181102364 636.2204724409448 226.77165354330708 64.56692913385827 lui
2488.1889763779527 636.2204724409448 324.40944881889766 64.56692913385827 tracer
2714.9606299212596 636.2204724409448 193.70078740157481 64.56692913385827 en
2779.527559055118 636.2204724409448 324.40944881889766 64.56692913385827 quelques

1872.4409448818897 692.9133858267717 308.66141732283467 64.56692913385827 lignes
2088.1889763779527 692.9133858267717 215.748031496063 64.56692913385827 les
2212.5984251968503 692.9133858267717 400.0 64.56692913385827 préceptes
2519.685039370079 692.9133858267717 400.0 64.56692913385827 d’hygiène
2828.3464566929133 692.9133858267717 215.748031496063 64.56692913385827 les
2921.259842519685 692.9133858267717 184.251968503937 64.56692913385827 plus

1844.0944881889764 752.7559055118111 398.4251968503937 53.54330708661417 importants.

1735.4330708661416 826.7716535433071 296.06299212598424 96.06299212598425 4253
1919.6850393700788 826.7716535433071 629.9212598425197 96.06299212598425 BOUFFÉ
2437.7952755905512 826.7716535433071 703.9370078740158 96.06299212598425 (Hugues-Marie).
2993.700787401575 826.7716535433071 111.81102362204724 96.06299212598425 —

1814.1732283464567 929.1338582677165 428.34645669291336 66.14173228346456 Vingt-six
2144.8818897637793 929.1338582677165 362.20472440944883 66.14173228346456 lettres
2407.8740157480315 929.1338582677165 198.4251968503937 66.14173228346456 du
2507.0866141732286 929.1338582677165 362.20472440944883 66.14173228346456 célèbre
2771.6535433070867 929.1338582677165 329.13385826771656 66.14173228346456 acteur
2968.503937007874 929.1338582677165 132.28346456692913 66.14173228346456 et

1814.1732283464567 1006.2992125984252 385.8267716535433 61.41732283464567 d’autres
2102.3622047244094 1006.2992125984252 354.3307086614173 61.41732283464567 membres
2360.6299212598424 1006.2992125984252 193.70078740157481 61.41732283464567 de
2456.6929133858266 1006.2992125984252 193.70078740157481 61.41732283464567 sa
2554.3307086614172 1006.2992125984252 385.8267716535433 61.41732283464567 famille,
2844.0944881889764 1006.2992125984252 193.70078740157481 61.41732283464567 a.
2940.1574803149606 1006.2992125984252 193.70078740157481 61.41732283464567 s.
3004.7244094488187 1006.2992125984252 96.06299212598425 61.41732283464567 à

1840.9448818897638 1081.8897637795276 445.6692913385827 64.56692913385827 Dutacq
2209.448818897638 1081.8897637795276 157.48031496062993 64.56692913385827 et
2288.1889763779527 1081.8897637795276 314.96062992125985 64.56692913385827 diverses
2522.834645669291 1081.8897637795276 366.92913385826773 64.56692913385827 personnes,
2812.5984251968503 1081.8897637795276 236.2204724409449 64.56692913385827 1849,
2943.3070866141734 1081.8897637795276 157.48031496062993 64.56692913385827 ens.

1815.748031496063 1154.3307086614172 209.4488188976378 67.71653543307086 30
1919.6850393700788 1154.3307086614172 209.4488188976378 67.71653543307086 p.
2025.1968503937007 1154.3307086614172 313.38582677165357 67.71653543307086 in-8,
2233.0708661417325 1154.3307086614172 278.74015748031496 67.71653543307086 avec
2407.8740157480315 1154.3307086614172 382.6771653543307 67.71653543307086 en-tête
2686.6141732283463 1154.3307086614172 209.4488188976378 67.71653543307086 du
2755.9055118110236 1154.3307086614172 348.0314960629921 67.71653543307086 «Théâtre

1792.1259842519685 1229.9212598425197 341.73228346456693 53.54330708661417 du
1962.2047244094488 1229.9212598425197 910.2362204724409 53.54330708661417 Vaudeville».
2702.3622047244094 1229.9212598425197 341.73228346456693 53.54330708661417 25
2815.748031496063 1229.9212598425197 285.03937007874015 53.54330708661417 fr.

1740.1574803149606 1332.283464566929 280.31496062992125 67.71653543307086 4254
1914.9606299212599 1332.283464566929 699.2125984251968 67.71653543307086 BOULANGER
2508.6614173228345 1332.283464566929 420.4724409448819 67.71653543307086 (Louis),
2788.9763779527557 1332.283464566929 314.96062992125985 67.71653543307086 peintre

1817.3228346456692 1409.4488188976377 481.8897637795276 66.14173228346456 romantique.
2203.149606299213 1409.4488188976377 160.62992125984252 66.14173228346456 —
2266.1417322834645 1409.4488188976377 192.1259842519685 66.14173228346456 L.
2363.779527559055 1409.4488188976377 192.1259842519685 66.14173228346456 a.
2459.8425196850394 1409.4488188976377 192.1259842519685 66.14173228346456 s.
2555.9055118110236 1409.4488188976377 160.62992125984252 66.14173228346456 à
2620.472440944882 1409.4488188976377 192.1259842519685 66.14173228346456 un
2716.535433070866 1409.4488188976377 321.25984251968504 66.14173228346456 maire,
2941.732283464567 1409.4488188976377 160.62992125984252 66.14173228346456 1
2973.228346456693 1409.4488188976377 129.13385826771653 66.14173228346456 p.

1809.4488188976377 1481.8897637795276 352.755905511811 66.14173228346456 in-4,
2044.0944881889764 1481.8897637795276 392.12598425196853 66.14173228346456 collée
2319.685039370079 1481.8897637795276 274.01574803149606 66.14173228346456 sur
2475.5905511811025 1481.8897637795276 470.86614173228344 66.14173228346456 bristol.
2828.3464566929133 1481.8897637795276 234.64566929133858 66.14173228346456 30
2907.0866141732286 1481.8897637795276 195.2755905511811 66.14173228346456 fr.

1952.755905511811 1582.6771653543308 170.07874015748033 59.84251968503937 Il
2037.7952755905512 1582.6771653543308 310.23622047244095 59.84251968503937 annonce
2262.9921259842517 1582.6771653543308 253.54330708661416 59.84251968503937 qu’il
2433.0708661417325 1582.6771653543308 196.8503937007874 59.84251968503937 lui
2546.4566929133857 1582.6771653543308 310.23622047244095 59.84251968503937 enverra
2771.6535433070867 1582.6771653543308 141.73228346456693 59.84251968503937 à
2800.0 1582.6771653543308 310.23622047244095 59.84251968503937 l’exposi-

1877.1653543307086 1639.3700787401574 234.64566929133858 59.84251968503937 tion
2023.6220472440946 1639.3700787401574 262.99212598425197 59.84251968503937 qu’il
2200.0 1639.3700787401574 381.1023622047244 59.84251968503937 patronne,
2492.9133858267714 1639.3700787401574 176.3779527559055 59.84251968503937 un
2581.1023622047246 1639.3700787401574 322.8346456692913 59.84251968503937 tableau
2785.8267716535433 1639.3700787401574 322.8346456692913 59.84251968503937 représen-

1872.4409448818897 1696.0629921259842 275.59055118110234 56.69291338582677 tant
2044.0944881889764 1696.0629921259842 240.9448818897638 56.69291338582677 une
2182.6771653543306 1696.0629921259842 310.23622047244095 56.69291338582677 scène
2388.9763779527557 1696.0629921259842 206.29921259842519 56.69291338582677 de
2492.9133858267714 1696.0629921259842 377.9527559055118 56.69291338582677 Mazeppa
2766.9291338582675 1696.0629921259842 344.88188976377955 56.69291338582677 (tirée
2974.803149606299 1696.0629921259842 137.00787401574803 56.69291338582677 de

1878.740157480315 1749.6062992125985 251.96850393700788 62.99212598425197 Lord
2036.2204724409448 1749.6062992125985 346.45669291338584 62.99212598425197 Byron).
2288.1889763779527 1749.6062992125985 220.4724409448819 62.99212598425197 «M.
2414.1732283464567 1749.6062992125985 283.46456692913387 62.99212598425197 Louis
2604.7244094488187 1749.6062992125985 283.46456692913387 62.99212598425197 Amiel
2793.700787401575 1749.6062992125985 157.48031496062993 62.99212598425197 a
2856.6929133858266 1749.6062992125985 283.46456692913387 62.99212598425197 joint
3014.1732283464567 1749.6062992125985 94.48818897637796 62.99212598425197 à

1878.740157480315 1807.8740157480315 215.748031496063 50.39370078740158 mon
2003.1496062992126 1807.8740157480315 338.5826771653543 50.39370078740158 tableau
2248.818897637795 1807.8740157480315 215.748031496063 50.39370078740158 une
2371.6535433070867 1807.8740157480315 277.1653543307087 50.39370078740158 étude
2557.48031496063 1807.8740157480315 184.251968503937 50.39370078740158 de
2650.3937007874015 1807.8740157480315 308.66141732283467 50.39370078740158 cheval
2864.566929133858 1807.8740157480315 154.33070866141733 50.39370078740158 à
2896.0629921259842 1807.8740157480315 215.748031496063 50.39370078740158 l’en-

1880.3149606299212 1870.8661417322835 244.09448818897638 53.54330708661417 trée
2033.0708661417323 1870.8661417322835 275.59055118110234 53.54330708661417 d’une
2185.8267716535433 1870.8661417322835 275.59055118110234 53.54330708661417 forge.»

1735.4330708661416 1954.3307086614172 297.6377952755906 70.86614173228347 4255
1921.259842519685 1954.3307086614172 705.511811023622 70.86614173228347 BOURBAKI
2478.740157480315 1954.3307086614172 631.496062992126 70.86614173228347 (Charles

1817.3228346456692 2029.9212598425197 387.40157480314963 72.44094488188976 Sauter),
2107.0866141732286 2029.9212598425197 354.3307086614173 72.44094488188976 général
2365.3543307086616 2029.9212598425197 418.8976377952756 72.44094488188976 français,
2688.1889763779527 2029.9212598425197 451.9685039370079 72.44094488188976 1834-1897.
3011.0236220472443 2029.9212598425197 96.06299212598425 72.44094488188976 —

1812.5984251968505 2105.511811023622 340.15748031496065 69.29133858267717 Lettre
2051.968503937008 2105.511811023622 204.7244094488189 69.29133858267717 a.
2154.3307086614172 2105.511811023622 204.7244094488189 69.29133858267717 s.
2256.6929133858266 2105.511811023622 204.7244094488189 69.29133858267717 (à
2359.0551181102364 2105.511811023622 204.7244094488189 69.29133858267717 De
2461.417322834646 2105.511811023622 409.4488188976378 69.29133858267717 Mazade),
2768.503937007874 2105.511811023622 307.0866141732283 69.29133858267717 1875,
2938.582677165354 2105.511811023622 170.07874015748033 69.29133858267717 une

1762.2047244094488 2179.527559055118 503.93700787401576 72.44094488188976 p.
2014.1732283464567 2179.527559055118 755.9055118110236 72.44094488188976 in-8.
2518.1102362204724 2179.527559055118 503.93700787401576 72.44094488188976 25
2685.0393700787404 2179.527559055118 420.4724409448819 72.44094488188976 fr.

1938.5826771653544 2278.740157480315 584.2519685039371 58.267716535433074 Remerciements
2420.472440944882 2278.740157480315 275.59055118110234 58.267716535433074 pour
2592.1259842519685 2278.740157480315 377.9527559055118 58.267716535433074 l’envoi
2867.716535433071 2278.740157480315 206.29921259842519 58.267716535433074 de
2937.0078740157483 2278.740157480315 171.6535433070866 58.267716535433074 son

1875.5905511811025 2333.8582677165355 264.56692913385825 55.118110236220474 livre
2051.968503937008 2333.8582677165355 206.29921259842519 55.118110236220474 sur
2170.0787401574803 2333.8582677165355 176.3779527559055 55.118110236220474 la
2258.267716535433 2333.8582677165355 294.48818897637796 55.118110236220474 Guerre
2464.566929133858 2333.8582677165355 176.3779527559055 55.118110236220474 de
2552.755905511811 2333.8582677165355 264.56692913385825 55.118110236220474 1870.
2729.1338582677167 2333.8582677165355 206.29921259842519 55.118110236220474 «Je
2847.244094488189 2333.8582677165355 234.64566929133858 55.118110236220474 n’ai
2965.3543307086616 2333.8582677165355 146.45669291338584 55.118110236220474 pas

1877.1653543307086 2392.1259842519685 294.48818897637796 58.267716535433074 encore
2083.464566929134 2392.1259842519685 176.3779527559055 58.267716535433074 eu
2171.6535433070867 2392.1259842519685 176.3779527559055 58.267716535433074 le
2259.8425196850394 2392.1259842519685 264.56692913385825 58.267716535433074 temps
2436.220472440945 2392.1259842519685 176.3779527559055 58.267716535433074 de
2524.4094488188975 2392.1259842519685 176.3779527559055 58.267716535433074 le
2612.5984251968503 2392.1259842519685 264.56692913385825 58.267716535433074 lire,
2788.9763779527557 2392.1259842519685 234.64566929133858 58.267716535433074 mais
2937.0078740157483 2392.1259842519685 176.3779527559055 58.267716535433074 je
2995.2755905511813 2392.1259842519685 118.11023622047244 58.267716535433074 ne

1875.5905511811025 2450.3937007874015 259.84251968503935 59.84251968503937 veux
2039.3700787401574 2450.3937007874015 228.3464566929134 59.84251968503937 pas
2168.503937007874 2450.3937007874015 390.5511811023622 59.84251968503937 attendre
2461.417322834646 2450.3937007874015 259.84251968503935 59.84251968503937 plus
2623.6220472440946 2450.3937007874015 422.0472440944882 59.84251968503937 longtemps
2916.535433070866 2450.3937007874015 195.2755905511811 59.84251968503937 pour

1875.5905511811025 2503.9370078740158 267.7165354330709 62.99212598425197 vous
2042.5196850393702 2503.9370078740158 401.5748031496063 62.99212598425197 exprimer
2343.3070866141734 2503.9370078740158 234.64566929133858 62.99212598425197 mes
2477.165354330709 2503.9370078740158 467.7165354330709 62.99212598425197 sentiments
2844.0944881889764 2503.9370078740158 200.0 62.99212598425197 de
2911.8110236220473 2503.9370078740158 200.0 62.99212598425197 gra

1848.8188976377953 2571.6535433070867 319.68503937007875 42.51968503937008 titude.»

1733.8582677165355 2658.267716535433 322.8346456692913 75.59055118110236 4256
1937.007874015748 2658.267716535433 970.0787401574803 75.59055118110236 BOURBON-CONDÉ
2744.8818897637793 2658.267716535433 363.7795275590551 75.59055118110236 (Louis-

1814.1732283464567 2743.3070866141734 359.0551181102362 74.01574803149606 Henri,
2066.1417322834645 2743.3070866141734 359.0551181102362 74.01574803149606 prince
2318.1102362204724 2743.3070866141734 288.18897637795277 74.01574803149606 de),
2497.6377952755906 2743.3070866141734 395.2755905511811 74.01574803149606 premier
2749.6062992125985 2743.3070866141734 359.0551181102362 74.01574803149606 ministre

1817.3228346456692 2817.3228346456694 258.26771653543307 64.56692913385827 sous
1977.9527559055118 2817.3228346456694 289.76377952755905 64.56692913385827 Louis
2171.6535433070867 2817.3228346456694 225.1968503937008 64.56692913385827 XV.
2300.787401574803 2817.3228346456694 160.62992125984252 64.56692913385827 —
2365.3543307086616 2817.3228346456694 289.76377952755905 64.56692913385827 Pièce
2559.0551181102364 2817.3228346456694 225.1968503937008 64.56692913385827 s.,
2688.1889763779527 2817.3228346456694 322.8346456692913 64.56692913385827 Paris,
2881.8897637795276 2817.3228346456694 225.1968503937008 64.56692913385827 1732,

1814.1732283464567 2891.3385826771655 174.8031496062992 77.16535433070867 3
1883.4645669291338 2891.3385826771655 209.4488188976378 77.16535433070867 p.
1988.976377952756 2891.3385826771655 314.96062992125985 77.16535433070867 in-4,
2198.4251968503936 2891.3385826771655 489.76377952755905 77.16535433070867 parchemin.
2582.6771653543306 2891.3385826771655 174.8031496062992 77.16535433070867 —
2651.968503937008 2891.3385826771655 209.4488188976378 77.16535433070867 On
2757.48031496063 2891.3385826771655 174.8031496062992 77.16535433070867 y
2826.771653543307 2891.3385826771655 174.8031496062992 77.16535433070867 a
2862.9921259842517 2891.3385826771655 244.09448818897638 77.16535433070867 joint

1815.748031496063 2968.503937007874 193.70078740157481 70.86614173228347 un
1913.3858267716535 2968.503937007874 387.40157480314963 70.86614173228347 feuillet
2204.7244094488187 2968.503937007874 193.70078740157481 70.86614173228347 de
2300.787401574803 2968.503937007874 387.40157480314963 70.86614173228347 comptes,
2592.1259842519685 2968.503937007874 258.26771653543307 70.86614173228347 avec
2752.755905511811 2968.503937007874 291.33858267716533 70.86614173228347 trois
2914.9606299212596 2968.503937007874 193.70078740157481 70.86614173228347 mots

1822.0472440944882 3040.9448818897636 179.5275590551181 77.16535433070867 a.
1911.8110236220473 3040.9448818897636 179.5275590551181 77.16535433070867 et
2001.5748031496064 3040.9448818897636 179.5275590551181 77.16535433070867 un
2091.3385826771655 3040.9448818897636 359.0551181102362 77.16535433070867 paraphe,
2360.6299212598424 3040.9448818897636 269.29133858267716 77.16535433070867 1717.
2538.582677165354 3040.9448818897636 149.60629921259843 77.16535433070867 3
2598.4251968503936 3040.9448818897636 179.5275590551181 77.16535433070867 p.
2688.1889763779527 3040.9448818897636 299.21259842519686 77.16535433070867 in-f°.
2897.6377952755906 3040.9448818897636 179.5275590551181 77.16535433070867 40
2957.48031496063 3040.9448818897636 149.60629921259843 77.16535433070867 fr.

1946.4566929133857 3141.732283464567 355.90551181102364 58.267716535433074 Extrait
2206.299212598425 3141.732283464567 258.26771653543307 58.267716535433074 d’un
2368.503937007874 3141.732283464567 388.9763779527559 58.267716535433074 fragment
2658.267716535433 3141.732283464567 193.70078740157481 58.267716535433074 le
2722.834645669291 3141.732283464567 388.9763779527559 58.267716535433074 condamnant

1875.5905511811025 3196.850393700787 176.3779527559055 66.14173228346456 à
1944.8818897637796 3196.850393700787 318.1102362204724 66.14173228346456 payer
2157.48031496063 3196.850393700787 176.3779527559055 66.14173228346456 à
2228.3464566929133 3196.850393700787 388.9763779527559 66.14173228346456 Jacques
2510.236220472441 3196.850393700787 212.5984251968504 66.14173228346456 de
2581.1023622047246 3196.850393700787 530.7086614173228 66.14173228346456 Saint

1880.3149606299212 3253.5433070866143 307.0866141732283 66.14173228346456 prêtre
2096.0629921259842 3253.5433070866143 277.1653543307087 66.14173228346456 doyen
2280.314960629921 3253.5433070866143 184.251968503937 66.14173228346456 de
2373.228346456693 3253.5433070866143 368.503937007874 66.14173228346456 l’église
2648.818897637795 3253.5433070866143 184.251968503937 66.14173228346456 de
2741.732283464567 3253.5433070866143 277.1653543307087 66.14173228346456 Saint
2894.488188976378 3253.5433070866143 215.748031496063 66.14173228346456 Rieul

1877.1653543307086 3308.6614173228345 200.0 64.56692913385827 de
1976.3779527559054 3308.6614173228345 366.92913385826773 64.56692913385827 Senlis,
2244.0944881889764 3308.6614173228345 267.7165354330709 64.56692913385827 sept
2411.0236220472443 3308.6614173228345 300.78740157480314 64.56692913385827 mines
2611.0236220472443 3308.6614173228345 200.0 64.56692913385827 et
2711.8110236220473 3308.6614173228345 267.7165354330709 64.56692913385827 demy
2878.740157480315 3308.6614173228345 200.0 64.56692913385827 de
2944.8818897637793 3308.6614173228345 166.9291338582677 64.56692913385827 blé

1880.3149606299212 3365.3543307086616 300.78740157480314 64.56692913385827 méteil
2089.763779527559 3365.3543307086616 179.5275590551181 64.56692913385827 au
2179.527559055118 3365.3543307086616 239.37007874015748 64.56692913385827 jour
2330.7086614173227 3365.3543307086616 179.5275590551181 64.56692913385827 de
2420.472440944882 3365.3543307086616 480.31496062992125 64.56692913385827 Saint-Martin
2779.527559055118 3365.3543307086616 330.70866141732284 64.56692913385827 d’hiver.»

1881.8897637795276 3422.047244094488 188.9763779527559 61.41732283464567 La
1976.3779527559054 3422.047244094488 346.45669291338584 61.41732283464567 feuille
2228.3464566929133 3422.047244094488 188.9763779527559 61.41732283464567 de
2322.834645669291 3422.047244094488 314.96062992125985 61.41732283464567 compte
2541.732283464567 3422.047244094488 346.45669291338584 61.41732283464567 énumère
2793.700787401575 3422.047244094488 220.4724409448819 61.41732283464567 les
2888.1889763779527 3422.047244094488 220.4724409448819 61.41732283464567 paie-

1878.740157480315 3478.740157480315 281.8897637795276 56.69291338582677 ments
2066.1417322834645 3478.740157480315 281.8897637795276 56.69291338582677 faits
2255.1181102362207 3478.740157480315 187.4015748031496 56.69291338582677 au
2348.031496062992 3478.740157480315 281.8897637795276 56.69291338582677 comte
2537.0078740157483 3478.740157480315 187.4015748031496 56.69291338582677 de
2598.4251968503936 3478.740157480315 376.37795275590554 56.69291338582677 Charolais.

1740.1574803149606 3576.3779527559054 259.84251968503935 74.01574803149606 4257
1903.9370078740158 3576.3779527559054 584.2519685039371 74.01574803149606 BRAVAIS
2390.551181102362 3576.3779527559054 455.11811023622045 74.01574803149606 (Auguste),
2714.9606299212596 3576.3779527559054 390.5511811023622 74.01574803149606 physicien,

1815.748031496063 3650.3937007874015 346.45669291338584 78.74015748031496 célèbre
2067.716535433071 3650.3937007874015 220.4724409448819 78.74015748031496 par
2193.700787401575 3650.3937007874015 220.4724409448819 78.74015748031496 ses
2319.685039370079 3650.3937007874015 314.96062992125985 78.74015748031496 études
2538.582677165354 3650.3937007874015 220.4724409448819 78.74015748031496 sur
2664.566929133858 3650.3937007874015 188.9763779527559 78.74015748031496 la
2727.5590551181103 3650.3937007874015 377.9527559055118 78.74015748031496 cristallo-

1815.748031496063 3725.984251968504 417.3228346456693 80.31496062992126 graphie.
2129.1338582677167 3725.984251968504 174.8031496062992 80.31496062992126 —
2198.4251968503936 3725.984251968504 209.4488188976378 80.31496062992126 L.
2302.3622047244094 3725.984251968504 209.4488188976378 80.31496062992126 a.
2407.8740157480315 3725.984251968504 209.4488188976378 80.31496062992126 s.
2511.8110236220473 3725.984251968504 174.8031496062992 80.31496062992126 à
2581.1023622047246 3725.984251968504 209.4488188976378 80.31496062992126 M.
2686.6141732283463 3725.984251968504 313.38582677165357 80.31496062992126 Lamé,
2859.8425196850394 3725.984251968504 244.09448818897638 80.31496062992126 1854,

1820.4724409448818 3800.0 168.50393700787401 81.88976377952756 1
1886.6141732283465 3800.0 203.1496062992126 81.88976377952756 p.
1988.976377952756 3800.0 303.93700787401576 81.88976377952756 in-8,
2190.551181102362 3800.0 337.00787401574803 81.88976377952756 collée
2426.771653543307 3800.0 236.2204724409449 81.88976377952756 sur
2562.2047244094488 3800.0 404.7244094488189 81.88976377952756 bristol.
2866.1417322834645 3800.0 203.1496062992126 81.88976377952756 25
2933.8582677165355 3800.0 168.50393700787401 81.88976377952756 fr.

1946.4566929133857 3894.488188976378 313.38582677165357 64.56692913385827 Lettre
2166.9291338582675 3894.488188976378 533.8582677165355 64.56692913385827 intéressante.
2606.299212598425 3894.488188976378 220.4724409448819 64.56692913385827 «Je
2732.283464566929 3894.488188976378 251.96850393700788 64.56692913385827 vous
2856.6929133858266 3894.488188976378 251.96850393700788 64.56692913385827 envoie

1875.5905511811025 3955.9055118110236 239.37007874015748 61.41732283464567 mon
2012.5984251968505 3955.9055118110236 376.37795275590554 61.41732283464567 mémoire
2286.6141732283463 3955.9055118110236 239.37007874015748 61.41732283464567 sur
2422.047244094488 3955.9055118110236 204.7244094488189 61.41732283464567 le
2524.4094488188975 3955.9055118110236 376.37795275590554 61.41732283464567 pendule
2763.779527559055 3955.9055118110236 341.73228346456693 61.41732283464567 conique.

1872.4409448818897 4012.5984251968503 281.8897637795276 67.71653543307086 J’ai
2048.818897637795 4012.5984251968503 247.24409448818898 67.71653543307086 par
2188.9763779527557 4012.5984251968503 352.755905511811 67.71653543307086 devers
2436.220472440945 4012.5984251968503 247.24409448818898 67.71653543307086 moi
2577.952755905512 4012.5984251968503 211.0236220472441 67.71653543307086 un
2683.464566929134 4012.5984251968503 388.9763779527559 67.71653543307086 mémoire
2930.7086614173227 4012.5984251968503 176.3779527559055 67.71653543307086 sur

1878.740157480315 4067.716535433071 521.2598425196851 70.86614173228347 l’explication
2307.0866141732286 4067.716535433071 398.4251968503937 70.86614173228347 théorique
2614.1732283464567 4067.716535433071 184.251968503937 70.86614173228347 du
2707.0866141732286 4067.716535433071 245.66929133858267 70.86614173228347 fait
2859.8425196850394 4067.716535433071 184.251968503937 70.86614173228347 de
2921.259842519685 4067.716535433071 184.251968503937 70.86614173228347 Fou-

1878.740157480315 4121.259842519685 250.39370078740157 70.86614173228347 cault
2045.6692913385828 4121.259842519685 166.9291338582677 70.86614173228347 et
2130.7086614173227 4121.259842519685 166.9291338582677 70.86614173228347 en
2214.1732283464567 4121.259842519685 307.0866141732283 70.86614173228347 général
2436.220472440945 4121.259842519685 195.2755905511811 70.86614173228347 sur
2548.031496062992 4121.259842519685 195.2755905511811 70.86614173228347 les
2659.8425196850394 4121.259842519685 333.8582677165354 70.86614173228347 «éclairs
2910.236220472441 4121.259842519685 166.9291338582677 70.86614173228347 et
2966.9291338582675 4121.259842519685 138.58267716535434 70.86614173228347 les

1877.1653543307086 4188.976377952756 450.3937007874016 62.99212598425197 phénomènes
2231.496062992126 4188.976377952756 193.70078740157481 62.99212598425197 de
2327.5590551181103 4188.976377952756 193.70078740157481 62.99212598425197 la
2392.1259842519685 4188.976377952756 354.3307086614173 62.99212598425197 surface.»

1741.732283464567 4283.464566929134 253.54330708661416 69.29133858267717 4258
1899.2125984251968 4283.464566929134 537.007874015748 69.29133858267717 BRETON
2341.732283464567 4283.464566929134 379.5275590551181 69.29133858267717 (Jules),
2626.771653543307 4283.464566929134 348.0314960629921 69.29133858267717 célèbre
2847.244094488189 4283.464566929134 253.54330708661416 69.29133858267717 paysa

1814.1732283464567 4351.181102362205 329.13385826771656 85.03937007874016 giste.
2045.6692913385828 4351.181102362205 165.35433070866142 85.03937007874016 —
2110.236220472441 4351.181102362205 198.4251968503937 85.03937007874016 L.
2209.448818897638 4351.181102362205 198.4251968503937 85.03937007874016 a.
2308.6614173228345 4351.181102362205 198.4251968503937 85.03937007874016 s.
2407.8740157480315 4351.181102362205 165.35433070866142 85.03937007874016 à
2474.015748031496 4351.181102362205 198.4251968503937 85.03937007874016 un
2571.6535433070867 4351.181102362205 428.34645669291336 85.03937007874016 confrère,
2869.2913385826773 4351.181102362205 229.92125984251967 85.03937007874016 1886,

1771.6535433070867 4426.771653543307 368.503937007874 83.46456692913385 3
1919.6850393700788 4426.771653543307 442.5196850393701 83.46456692913385 p.
2140.1574803149606 4426.771653543307 442.5196850393701 83.46456692913385 in
2360.6299212598424 4426.771653543307 442.5196850393701 83.46456692913385 8.
2582.6771653543306 4426.771653543307 442.5196850393701 83.46456692913385 40
2729.1338582677167 4426.771653543307 368.503937007874 83.46456692913385 fr.

1937.007874015748 4524.4094488188975 376.37795275590554 61.41732283464567 J’étais
2211.0236220472443 4524.4094488188975 274.01574803149606 61.41732283464567 dans
2382.6771653543306 4524.4094488188975 204.7244094488189 61.41732283464567 un
2485.0393700787404 4524.4094488188975 204.7244094488189 61.41732283464567 de
2587.4015748031497 4524.4094488188975 239.37007874015748 61.41732283464567 ces
2724.4094488188975 4524.4094488188975 376.37795275590554 61.41732283464567 moments
2963.779527559055 4524.4094488188975 137.00787401574803 61.41732283464567 où

1870.8661417322835 4579.527559055118 226.77165354330708 69.29133858267717 mes
2001.5748031496064 4579.527559055118 387.40157480314963 69.29133858267717 tableaux
2291.3385826771655 4579.527559055118 226.77165354330708 69.29133858267717 qui
2422.047244094488 4579.527559055118 193.70078740157481 69.29133858267717 me
2518.1102362204724 4579.527559055118 485.03937007874015 69.29133858267717 passionnent
2874.015748031496 4579.527559055118 226.77165354330708 69.29133858267717 d’une

1870.8661417322835 4636.220472440945 291.33858267716533 72.44094488188976 façon
2066.1417322834645 4636.220472440945 387.40157480314963 72.44094488188976 absurde,
2355.9055118110236 4636.220472440945 193.70078740157481 72.44094488188976 me
2453.5433070866143 4636.220472440945 355.90551181102364 72.44094488188976 donnent
2711.8110236220473 4636.220472440945 258.26771653543307 72.44094488188976 tant
2872.4409448818897 4636.220472440945 193.70078740157481 72.44094488188976 de
2937.0078740157483 4636.220472440945 162.20472440944883 72.44094488188976 mal

1867.716535433071 4697.63779527559 333.8582677165354 69.29133858267717 qu’ils
2100.787401574803 4697.63779527559 500.78740157480314 69.29133858267717 m’absorbent
2500.787401574803 4697.63779527559 500.78740157480314 69.29133858267717 entièrement
2900.787401574803 4697.63779527559 200.0 69.29133858267717 en
2966.9291338582675 4697.63779527559 133.85826771653544 69.29133858267717 me

1870.8661417322835 4757.48031496063 352.755905511811 61.41732283464567 laissant
2135.433070866142 4757.48031496063 322.8346456692913 61.41732283464567 stupide
2371.6535433070867 4757.48031496063 234.64566929133858 61.41732283464567 pour
2518.1102362204724 4757.48031496063 176.3779527559055 61.41732283464567 le
2576.3779527559054 4757.48031496063 264.56692913385825 61.41732283464567 reste.»

911.8110236220473 4886.614173228347 420.4724409448819 67.71653543307086 ACHAT
1193.7007874015749 4886.614173228347 280.31496062992125 67.71653543307086 DE
1333.8582677165355 4886.614173228347 467.7165354330709 67.71653543307086 LIVRES
1661.4173228346456 4886.614173228347 280.31496062992125 67.71653543307086 ET
1754.3307086614172 4886.614173228347 702.3622047244095 67.71653543307086 D’AUTOGRAPHES
