3308.6614173228345 5415.748031496063
2842.51968503937 200.0 113.38582677165354 62.99212598425197 7

94.48818897637796 184.251968503937 272.4409448818898 80.31496062992126 6,
231.49606299212599 184.251968503937 318.1102362204724 80.31496062992126 RUE
412.59842519685037 184.251968503937 544.8818897637796 80.31496062992126 RLANCHE,
774.8031496062993 184.251968503937 318.1102362204724 80.31496062992126 PARIS

108.66141732283465 343.3070866141732 255.11811023622047 64.56692913385827 4259
267.7165354330709 343.3070866141732 543.3070866141733 64.56692913385827 BRIEUX
716.5354330708661 343.3070866141732 415.748031496063 64.56692913385827 (Eugène),
1036.2204724409448 343.3070866141732 319.68503937007875 64.56692913385827 auteur
1228.3464566929133 343.3070866141732 255.11811023622047 64.56692913385827 drama

177.95275590551182 418.8976377952756 362.20472440944883 64.56692913385827 tique.
431.496062992126 418.8976377952756 181.10236220472441 64.56692913385827 —
503.93700787401576 418.8976377952756 217.3228346456693 64.56692913385827 L.
612.5984251968504 418.8976377952756 217.3228346456693 64.56692913385827 a.
721.2598425196851 418.8976377952756 217.3228346456693 64.56692913385827 s.
829.9212598425197 418.8976377952756 181.10236220472441 64.56692913385827 à
902.3622047244095 418.8976377952756 507.0866141732283 64.56692913385827 Madame...,
1300.7874015748032 418.8976377952756 181.10236220472441 64.56692913385827 1
1337.007874015748 418.8976377952756 144.88188976377953 64.56692913385827 p.

118.11023622047244 494.48818897637796 973.2283464566929 51.968503937007874 in-12.
800.0 494.48818897637796 584.2519685039371 51.968503937007874 12
995.2755905511812 494.48818897637796 486.61417322834643 51.968503937007874 fr.

316.53543307086613 592.1259842519685 200.0 55.118110236220474 Il
415.748031496063 592.1259842519685 368.503937007874 55.118110236220474 annonce
683.4645669291339 592.1259842519685 234.64566929133858 55.118110236220474 son
817.3228346456693 592.1259842519685 333.8582677165354 55.118110236220474 départ
1051.9685039370079 592.1259842519685 267.7165354330709 55.118110236220474 pour
1218.8976377952756 592.1259842519685 200.0 55.118110236220474 la
1286.6141732283465 592.1259842519685 200.0 55.118110236220474 cam

214.17322834645668 659.8425196850394 250.39370078740157 44.09448818897638 pagne.

102.36220472440945 777.9527559055118 291.33858267716533 62.99212598425197 4260
283.46456692913387 777.9527559055118 653.5433070866142 62.99212598425197 BROGLIE
792.1259842519685 777.9527559055118 691.3385826771654 62.99212598425197 (Achille

177.95275590551182 855.1181102362204 352.755905511811 64.56692913385827 Léonce
423.62204724409446 855.1181102362204 387.40157480314963 64.56692913385827 Victor,
705.511811023622 855.1181102362204 387.40157480314963 64.56692913385827 prince,
988.9763779527559 855.1181102362204 281.8897637795276 64.56692913385827 puis
1165.3543307086613 855.1181102362204 247.24409448818898 64.56692913385827 duc
1270.8661417322835 855.1181102362204 211.0236220472441 64.56692913385827 de),

174.8031496062992 930.7086614173228 327.5590551181102 62.99212598425197 homme
392.12598425196853 930.7086614173228 508.66141732283467 62.99212598425197 politique,
792.1259842519685 930.7086614173228 508.66141732283467 62.99212598425197 1785-1870.
1192.1259842519685 930.7086614173228 181.10236220472441 62.99212598425197 —
1228.3464566929133 930.7086614173228 255.11811023622047 62.99212598425197 Pièce

177.95275590551182 1006.2992125984252 200.0 62.99212598425197 a.
277.1653543307087 1006.2992125984252 200.0 62.99212598425197 s.
377.9527559055118 1006.2992125984252 333.8582677165354 62.99212598425197 Paris,
612.5984251968504 1006.2992125984252 300.78740157480314 62.99212598425197 1814,
812.5984251968504 1006.2992125984252 233.0708661417323 62.99212598425197 une
946.4566929133858 1006.2992125984252 200.0 62.99212598425197 p.
1045.6692913385828 1006.2992125984252 200.0 62.99212598425197 in
1146.4566929133857 1006.2992125984252 200.0 62.99212598425197 4.
1247.244094488189 1006.2992125984252 200.0 62.99212598425197 20
1313.3858267716535 1006.2992125984252 166.9291338582677 62.99212598425197 fr.

311.81102362204723 1103.9370078740158 211.0236220472441 53.54330708661417 «Je
431.496062992126 1103.9370078740158 362.20472440944883 53.54330708661417 certifie
703.9370078740158 1103.9370078740158 211.0236220472441 53.54330708661417 que
823.6220472440945 1103.9370078740158 181.10236220472441 53.54330708661417 M.
914.9606299212599 1103.9370078740158 362.20472440944883 53.54330708661417 Behourt,
1155.9055118110236 1103.9370078740158 330.70866141732284 53.54330708661417 suppléant

237.79527559055117 1160.6299212598426 192.1259842519685 53.54330708661417 le
333.8582677165354 1160.6299212598426 256.6929133858268 53.54330708661417 juge
492.9133858267717 1160.6299212598426 192.1259842519685 53.54330708661417 de
588.9763779527559 1160.6299212598426 256.6929133858268 53.54330708661417 paix
749.6062992125984 1160.6299212598426 351.18110236220474 53.54330708661417 pendant
1004.7244094488188 1160.6299212598426 223.6220472440945 53.54330708661417 les
1133.8582677165355 1160.6299212598426 288.18897637795277 53.54330708661417 temps
1292.9133858267717 1160.6299212598426 192.1259842519685 53.54330708661417 ora-

237.79527559055117 1217.3228346456692 255.11811023622047 53.54330708661417 geux
396.8503937007874 1217.3228346456692 192.1259842519685 53.54330708661417 de
492.9133858267717 1217.3228346456692 192.1259842519685 53.54330708661417 la
588.9763779527559 1217.3228346456692 447.244094488189 53.54330708661417 révolution
940.1574803149606 1217.3228346456692 159.0551181102362 53.54330708661417 a
971.6535433070866 1217.3228346456692 511.81102362204723 53.54330708661417 principalement

240.9448818897638 1274.015748031496 384.251968503937 55.118110236220474 contribué
537.007874015748 1274.015748031496 148.03149606299212 55.118110236220474 à
595.2755905511812 1274.015748031496 384.251968503937 55.118110236220474 conserver
891.3385826771654 1274.015748031496 206.29921259842519 55.118110236220474 les
1009.4488188976378 1274.015748031496 266.1417322834646 55.118110236220474 jours
1157.4803149606298 1274.015748031496 324.40944881889766 55.118110236220474 sérieuse-

234.64566929133858 1332.283464566929 278.74015748031496 53.54330708661417 ment
409.4488188976378 1332.283464566929 384.251968503937 53.54330708661417 menacés
688.1889763779527 1332.283464566929 209.4488188976378 53.54330708661417 de
793.7007874015748 1332.283464566929 244.09448818897638 53.54330708661417 mes
897.6377952755905 1332.283464566929 384.251968503937 53.54330708661417 parents.»

96.06299212598425 1483.4645669291338 262.99212598425197 62.99212598425197 4261
261.4173228346457 1483.4645669291338 691.3385826771654 62.99212598425197 BRONGNIART
853.5433070866142 1483.4645669291338 527.5590551181102 62.99212598425197 (Alexandre),
1250.3937007874015 1483.4645669291338 229.92125984251967 62.99212598425197 célè

171.6535433070866 1559.0551181102362 234.64566929133858 64.56692913385827 bre
305.51181102362204 1559.0551181102362 401.5748031496063 64.56692913385827 chimiste
606.2992125984252 1559.0551181102362 201.5748031496063 64.56692913385827 et
707.0866141732283 1559.0551181102362 436.2204724409449 64.56692913385827 géologue,
1042.5196850393702 1559.0551181102362 436.2204724409449 64.56692913385827 directeur
1344.8818897637796 1559.0551181102362 133.85826771653544 64.56692913385827 de

165.35433070866142 1634.6456692913387 239.37007874015748 51.968503937007874 la
285.03937007874015 1634.6456692913387 596.8503937007874 51.968503937007874 manufacture
762.2047244094488 1634.6456692913387 239.37007874015748 51.968503937007874 de
880.3149606299213 1634.6456692913387 437.79527559055117 51.968503937007874 Sèvres.
1198.4251968503936 1634.6456692913387 198.4251968503937 51.968503937007874 —
1239.3700787401574 1634.6456692913387 239.37007874015748 51.968503937007874 Deux

173.22834645669292 1711.8110236220473 340.15748031496065 62.99212598425197 lettres
422.0472440944882 1711.8110236220473 185.82677165354332 62.99212598425197 a.
514.9606299212599 1711.8110236220473 185.82677165354332 62.99212598425197 s.
607.8740157480315 1711.8110236220473 310.23622047244095 62.99212598425197 Paris,
823.6220472440945 1711.8110236220473 433.07086614173227 62.99212598425197 1839-1843;
1163.7795275590552 1711.8110236220473 247.24409448818898 62.99212598425197 ens.
1319.6850393700788 1711.8110236220473 154.33070866141733 62.99212598425197 3
1349.6062992125985 1711.8110236220473 124.40944881889764 62.99212598425197 p.

138.58267716535434 1785.8267716535433 508.66141732283467 51.968503937007874 in-8
455.11811023622045 1785.8267716535433 381.1023622047244 51.968503937007874 et
645.6692913385826 1785.8267716535433 571.6535433070866 51.968503937007874 in-4.
1028.3464566929133 1785.8267716535433 381.1023622047244 51.968503937007874 25
1154.3307086614172 1785.8267716535433 318.1102362204724 51.968503937007874 fr.

300.78740157480314 1885.0393700787401 240.9448818897638 55.118110236220474 Dans
451.9685039370079 1885.0393700787401 181.10236220472441 55.118110236220474 la
541.7322834645669 1885.0393700787401 362.20472440944883 55.118110236220474 première
814.1732283464567 1885.0393700787401 332.2834645669291 55.118110236220474 lettre,
1055.1181102362204 1885.0393700787401 181.10236220472441 55.118110236220474 il
1144.8818897637796 1885.0393700787401 270.86614173228344 55.118110236220474 donne
1296.0629921259842 1885.0393700787401 181.10236220472441 55.118110236220474 ren-

229.92125984251967 1941.732283464567 374.8031496062992 55.118110236220474 dez-vous
510.23622047244095 1941.732283464567 155.90551181102362 55.118110236220474 à
573.2283464566929 1941.732283464567 218.89763779527559 55.118110236220474 son
697.6377952755905 1941.732283464567 248.8188976377953 55.118110236220474 aide
853.5433070866142 1941.732283464567 467.7165354330709 55.118110236220474 naturaliste
1228.3464566929133 1941.732283464567 248.8188976377953 55.118110236220474 pour
1352.755905511811 1941.732283464567 124.40944881889764 55.118110236220474 le

231.49606299212599 2000.0 296.06299212598424 53.54330708661417 mettre
439.37007874015745 2000.0 177.95275590551182 53.54330708661417 en
527.5590551181102 2000.0 414.1732283464567 53.54330708661417 possession
853.5433070866142 2000.0 177.95275590551182 53.54330708661417 de
943.3070866141733 2000.0 177.95275590551182 53.54330708661417 la
1031.4960629921259 2000.0 414.1732283464567 53.54330708661417 collection
1327.5590551181103 2000.0 148.03149606299212 53.54330708661417 des

228.3464566929134 2056.6929133858266 404.7244094488189 55.118110236220474 archives
530.7086614173228 2056.6929133858266 201.5748031496063 55.118110236220474 de
631.496062992126 2056.6929133858266 201.5748031496063 55.118110236220474 la
732.2834645669292 2056.6929133858266 370.0787401574803 55.118110236220474 Société
968.503937007874 2056.6929133858266 505.51181102362204 55.118110236220474 Philomatique;

229.92125984251967 2113.3858267716537 242.51968503937007 53.54330708661417 dans
381.1023622047244 2113.3858267716537 333.8582677165354 53.54330708661417 l’autre
625.1968503937007 2113.3858267716537 182.6771653543307 53.54330708661417 il
714.9606299212599 2113.3858267716537 333.8582677165354 53.54330708661417 réclame
959.0551181102362 2113.3858267716537 212.5984251968504 53.54330708661417 des
1080.3149606299212 2113.3858267716537 395.2755905511811 53.54330708661417 portraits
1354.3307086614172 2113.3858267716537 121.25984251968504 53.54330708661417 de

229.92125984251967 2171.6535433070867 182.6771653543307 53.54330708661417 la
321.25984251968504 2171.6535433070867 333.8582677165354 53.54330708661417 famille
563.7795275590552 2171.6535433070867 303.93700787401576 53.54330708661417 royale
774.8031496062993 2171.6535433070867 242.51968503937007 53.54330708661417 pour
927.5590551181102 2171.6535433070867 212.5984251968504 53.54330708661417 les
1018.8976377952756 2171.6535433070867 393.7007874015748 53.54330708661417 reproduire.

91.33858267716535 2308.6614173228345 262.99212598425197 66.14173228346456 4262
255.11811023622047 2308.6614173228345 689.7637795275591 66.14173228346456 BUONAROTTI
814.1732283464567 2308.6614173228345 656.6929133858267 66.14173228346456 (Philippe

159.0551181102362 2385.8267716535433 710.2362204724409 59.84251968503937 révolutionnaire,
762.2047244094488 2385.8267716535433 248.8188976377953 59.84251968503937 ami
905.511811023622 2385.8267716535433 212.5984251968504 59.84251968503937 de
1011.0236220472441 2385.8267716535433 390.5511811023622 59.84251968503937 Babeuf,
1259.8425196850394 2385.8267716535433 212.5984251968504 59.84251968503937 des-

159.0551181102362 2461.417322834646 411.0236220472441 62.99212598425197 cendant
458.26771653543307 2461.417322834646 225.1968503937008 62.99212598425197 de
571.6535433070866 2461.417322834646 374.8031496062992 62.99212598425197 Michel
833.0708661417323 2461.417322834646 337.00787401574803 62.99212598425197 Ange,
1058.267716535433 2461.417322834646 225.1968503937008 62.99212598425197 né
1170.0787401574803 2461.417322834646 187.4015748031496 62.99212598425197 à
1207.8740157480315 2461.417322834646 261.4173228346457 62.99212598425197 Pise,

163.7795275590551 2537.0078740157483 521.2598425196851 50.39370078740158 1761-1837.
574.8031496062993 2537.0078740157483 185.82677165354332 50.39370078740158 —
648.8188976377953 2537.0078740157483 297.6377952755906 50.39370078740158 Deux
836.2204724409448 2537.0078740157483 409.4488188976378 50.39370078740158 lettres
1133.8582677165355 2537.0078740157483 223.6220472440945 50.39370078740158 a.
1245.6692913385828 2537.0078740157483 223.6220472440945 50.39370078740158 s.
1319.6850393700788 2537.0078740157483 149.60629921259843 50.39370078740158 au

165.35433070866142 2611.0236220472443 310.23622047244095 64.56692913385827 député
382.6771653543307 2611.0236220472443 278.74015748031496 64.56692913385827 Félix
568.503937007874 2611.0236220472443 278.74015748031496 64.56692913385827 Réal.
754.3307086614174 2611.0236220472443 310.23622047244095 64.56692913385827 Paris,
971.6535433070866 2611.0236220472443 278.74015748031496 64.56692913385827 1834,
1157.4803149606298 2611.0236220472443 247.24409448818898 64.56692913385827 ens.
1313.3858267716535 2611.0236220472443 154.33070866141733 64.56692913385827 2
1343.3070866141732 2611.0236220472443 124.40944881889764 64.56692913385827 p.

133.85826771653544 2688.1889763779527 381.1023622047244 50.39370078740158 in
324.40944881889766 2688.1889763779527 318.1102362204724 50.39370078740158 8
450.3937007874016 2688.1889763779527 381.1023622047244 50.39370078740158 et
640.9448818897638 2688.1889763779527 571.6535433070866 50.39370078740158 in-4.
1023.6220472440945 2688.1889763779527 381.1023622047244 50.39370078740158 40
1149.6062992125985 2688.1889763779527 318.1102362204724 50.39370078740158 fr.

294.48818897637796 2785.8267716535433 381.1023622047244 53.54330708661417 «Agréez
571.6535433070866 2785.8267716535433 242.51968503937007 53.54330708661417 mes
710.2362204724409 2785.8267716535433 588.9763779527559 53.54330708661417 remerciements
1195.275590551181 2785.8267716535433 277.1653543307087 53.54330708661417 pour
1333.8582677165355 2785.8267716535433 138.58267716535434 53.54330708661417 la

223.6220472440945 2842.51968503937 395.2755905511811 53.54330708661417 démarche
519.6850393700787 2842.51968503937 229.92125984251967 53.54330708661417 que
651.9685039370079 2842.51968503937 262.99212598425197 53.54330708661417 vous
815.7480314960629 2842.51968503937 262.99212598425197 53.54330708661417 avez
981.1023622047244 2842.51968503937 196.8503937007874 53.54330708661417 eu
1078.740157480315 2842.51968503937 196.8503937007874 53.54330708661417 la
1177.9527559055118 2842.51968503937 296.06299212598424 53.54330708661417 bonté
1341.732283464567 2842.51968503937 132.28346456692913 53.54330708661417 de

229.92125984251967 2899.212598425197 248.8188976377953 44.09448818897638 faire
396.8503937007874 2899.212598425197 138.58267716535434 44.09448818897638 à
451.9685039370079 2899.212598425197 303.93700787401576 44.09448818897638 l’effet
672.4409448818898 2899.212598425197 359.0551181102362 44.09448818897638 d’obtenir
949.6062992125984 2899.212598425197 165.35433070866142 44.09448818897638 la
1031.4960629921259 2899.212598425197 414.1732283464567 44.09448818897638 restitution
1335.4330708661416 2899.212598425197 138.58267716535434 44.09448818897638 des

225.1968503937008 2957.48031496063 371.65354330708664 53.54330708661417 papiers
494.48818897637796 2957.48031496063 236.2204724409449 53.54330708661417 qui
629.9212598425197 2957.48031496063 203.1496062992126 53.54330708661417 me
730.7086614173228 2957.48031496063 337.00787401574803 53.54330708661417 furent
966.9291338582677 2957.48031496063 371.65354330708664 53.54330708661417 enlevés
1237.7952755905512 2957.48031496063 236.2204724409449 53.54330708661417 par
1338.5826771653544 2957.48031496063 135.43307086614172 53.54330708661417 la

225.1968503937008 3014.1732283464567 362.20472440944883 53.54330708661417 police.
488.18897637795277 3014.1732283464567 229.92125984251967 53.54330708661417 Ces
620.4724409448819 3014.1732283464567 362.20472440944883 53.54330708661417 papiers
881.8897637795276 3014.1732283464567 262.99212598425197 53.54330708661417 sont
1047.244094488189 3014.1732283464567 196.8503937007874 53.54330708661417 ma
1111.8110236220473 3014.1732283464567 362.20472440944883 53.54330708661417 propriété

223.6220472440945 3070.8661417322833 196.8503937007874 53.54330708661417 et
322.8346456692913 3070.8661417322833 492.9133858267717 53.54330708661417 contiennent
716.5354330708661 3070.8661417322833 229.92125984251967 53.54330708661417 des
848.8188976377953 3070.8661417322833 329.13385826771656 53.54330708661417 choses
1078.740157480315 3070.8661417322833 229.92125984251967 53.54330708661417 qui
1211.023622047244 3070.8661417322833 196.8503937007874 53.54330708661417 me
1277.1653543307086 3070.8661417322833 196.8503937007874 53.54330708661417 sont

228.3464566929134 3125.984251968504 283.46456692913387 53.54330708661417 utiles
426.7716535433071 3125.984251968504 170.07874015748033 53.54330708661417 et
511.81102362204723 3125.984251968504 198.4251968503937 53.54330708661417 sur
625.1968503937007 3125.984251968504 396.8503937007874 53.54330708661417 lesquelles
935.4330708661417 3125.984251968504 170.07874015748033 53.54330708661417 je
1020.4724409448819 3125.984251968504 226.77165354330708 53.54330708661417 n’ai
1162.2047244094488 3125.984251968504 283.46456692913387 53.54330708661417 aucune
1332.283464566929 3125.984251968504 141.73228346456693 53.54330708661417 ex-

226.77165354330708 3182.6771653543306 393.7007874015748 55.118110236220474 plication
529.1338582677165 3182.6771653543306 151.1811023622047 55.118110236220474 à
559.0551181102362 3182.6771653543306 302.3622047244094 55.118110236220474 donner.»

86.61417322834646 3330.7086614173227 270.86614173228344 64.56692913385827 4263
255.11811023622047 3330.7086614173227 609.4488188976378 64.56692913385827 CAJELLA
763.7795275590552 3330.7086614173227 406.2992125984252 64.56692913385827 (Henri),
1067.716535433071 3330.7086614173227 440.9448818897638 64.56692913385827 chanteur.
1373.2283464566929 3330.7086614173227 102.36220472440945 64.56692913385827 —

162.20472440944883 3407.8740157480315 325.98425196850394 61.41732283464567 Lettre
390.5511811023622 3407.8740157480315 195.2755905511811 61.41732283464567 a.
489.76377952755905 3407.8740157480315 195.2755905511811 61.41732283464567 s.
587.4015748031496 3407.8740157480315 163.7795275590551 61.41732283464567 à
651.9685039370079 3407.8740157480315 359.0551181102362 61.41732283464567 Stephen
913.3858267716536 3407.8740157480315 195.2755905511811 61.41732283464567 de
1012.5984251968504 3407.8740157480315 195.2755905511811 61.41732283464567 la
1077.1653543307086 3407.8740157480315 392.12598425196853 61.41732283464567 Madeleine,

165.35433070866142 3481.8897637795276 272.4409448818898 64.56692913385827 Caen,
346.45669291338584 3481.8897637795276 181.10236220472441 64.56692913385827 s.
437.79527559055117 3481.8897637795276 181.10236220472441 64.56692913385827 d.
529.1338582677165 3481.8897637795276 272.4409448818898 64.56692913385827 (vers
710.2362204724409 3481.8897637795276 302.3622047244094 64.56692913385827 1850),
922.8346456692914 3481.8897637795276 151.1811023622047 64.56692913385827 2
982.6771653543307 3481.8897637795276 181.10236220472441 64.56692913385827 p.
1074.015748031496 3481.8897637795276 272.4409448818898 64.56692913385827 in-8.
1255.1181102362204 3481.8897637795276 181.10236220472441 64.56692913385827 20
1316.5354330708662 3481.8897637795276 151.1811023622047 64.56692913385827 fr.

294.48818897637796 3581.1023622047246 261.4173228346457 53.54330708661417 «Mon
458.26771653543307 3581.1023622047246 327.5590551181102 53.54330708661417 succès
686.6141732283464 3581.1023622047246 228.3464566929134 53.54330708661417 ici
818.8976377952756 3581.1023622047246 294.48818897637796 53.54330708661417 lundi
1014.1732283464567 3581.1023622047246 294.48818897637796 53.54330708661417 passé
1211.023622047244 3581.1023622047246 163.7795275590551 53.54330708661417 a
1244.0944881889764 3581.1023622047246 228.3464566929134 53.54330708661417 était

226.77165354330708 3639.3700787401576 447.244094488189 55.118110236220474 piramidal.
577.9527559055118 3639.3700787401576 192.1259842519685 55.118110236220474 La
672.4409448818898 3639.3700787401576 286.61417322834643 55.118110236220474 salle
864.5669291338583 3639.3700787401576 192.1259842519685 55.118110236220474 de
960.6299212598425 3639.3700787401576 192.1259842519685 55.118110236220474 la
1056.6929133858268 3639.3700787401576 319.68503937007875 55.118110236220474 mairie
1247.244094488189 3639.3700787401576 223.6220472440945 55.118110236220474 était

226.77165354330708 3694.488188976378 311.81102362204723 56.69291338582677 pleine
445.6692913385827 3694.488188976378 341.73228346456693 56.69291338582677 comble,
694.488188976378 3694.488188976378 217.3228346456693 56.69291338582677 300
818.8976377952756 3694.488188976378 404.7244094488189 56.69291338582677 personnes
1130.708661417323 3694.488188976378 155.90551181102362 56.69291338582677 à
1192.1259842519685 3694.488188976378 155.90551181102362 56.69291338582677 5
1255.1181102362204 3694.488188976378 217.3228346456693 56.69291338582677 fr.
1348.0314960629921 3694.488188976378 124.40944881889764 56.69291338582677 le

222.04724409448818 3752.755905511811 381.1023622047244 53.54330708661417 ticket.
499.21259842519686 3752.755905511811 277.1653543307087 53.54330708661417 Nous
672.4409448818898 3752.755905511811 381.1023622047244 53.54330708661417 partons
951.1811023622047 3752.755905511811 346.45669291338584 53.54330708661417 samedi
1193.7007874015749 3752.755905511811 277.1653543307087 53.54330708661417 pour
1332.283464566929 3752.755905511811 138.58267716535434 53.54330708661417 le

228.3464566929134 3811.0236220472443 337.00787401574803 48.818897637795274 Hâavre,
472.4409448818898 3811.0236220472443 214.17322834645668 48.818897637795274 etc
565.3543307086615 3811.0236220472443 91.33858267716535 48.818897637795274 »

83.46456692913385 3935.433070866142 292.9133858267717 64.56692913385827 4264
266.1417322834646 3935.433070866142 694.488188976378 64.56692913385827 CAMPENON
850.3937007874016 3935.433070866142 511.81102362204723 64.56692913385827 (Vincent),
1215.748031496063 3935.433070866142 255.11811023622047 64.56692913385827 poète

162.20472440944883 4011.0236220472443 467.7165354330709 64.56692913385827 dramatique
529.1338582677165 4011.0236220472443 535.4330708661417 64.56692913385827 (1772-1843).
963.7795275590552 4011.0236220472443 166.9291338582677 64.56692913385827 —
1031.4960629921259 4011.0236220472443 333.8582677165354 64.56692913385827 Lettre
1266.1417322834645 4011.0236220472443 200.0 64.56692913385827 a.
1332.283464566929 4011.0236220472443 133.85826771653544 64.56692913385827 s.

155.90551181102362 4086.6141732283463 237.79527559055117 62.99212598425197 s.
274.01574803149606 4086.6141732283463 237.79527559055117 62.99212598425197 l.
393.7007874015748 4086.6141732283463 237.79527559055117 62.99212598425197 n.
513.3858267716536 4086.6141732283463 277.1653543307087 62.99212598425197 d.,
670.8661417322835 4086.6141732283463 277.1653543307087 62.99212598425197 une
829.9212598425197 4086.6141732283463 237.79527559055117 62.99212598425197 p.
949.6062992125984 4086.6141732283463 357.4803149606299 62.99212598425197 in-4.
1187.4015748031495 4086.6141732283463 237.79527559055117 62.99212598425197 25
1266.1417322834645 4086.6141732283463 198.4251968503937 62.99212598425197 fr.

294.48818897637796 4182.677165354331 236.2204724409449 53.54330708661417 «Je
428.34645669291336 4182.677165354331 269.29133858267716 53.54330708661417 vous
596.8503937007874 4182.677165354331 302.3622047244094 53.54330708661417 dois,
798.4251968503937 4182.677165354331 404.7244094488189 53.54330708661417 Monsieur
1102.3622047244094 4182.677165354331 269.29133858267716 53.54330708661417 plus
1236.2204724409448 4182.677165354331 236.2204724409449 53.54330708661417 d’une

226.77165354330708 4240.944881889764 286.61417322834643 53.54330708661417 sorte
417.3228346456693 4240.944881889764 192.1259842519685 53.54330708661417 de
513.3858267716536 4240.944881889764 574.8031496062993 53.54330708661417 remerciements;
992.1259842519685 4240.944881889764 255.11811023622047 53.54330708661417 vous
1151.1811023622047 4240.944881889764 192.1259842519685 53.54330708661417 me
1215.748031496063 4240.944881889764 255.11811023622047 53.54330708661417 procu-

228.3464566929134 4297.63779527559 201.5748031496063 53.54330708661417 rez
343.3070866141732 4297.63779527559 201.5748031496063 53.54330708661417 les
458.26771653543307 4297.63779527559 288.18897637795277 53.54330708661417 moyens
661.4173228346457 4297.63779527559 173.22834645669292 53.54330708661417 de
748.0314960629921 4297.63779527559 231.49606299212599 53.54330708661417 lire
891.3385826771654 4297.63779527559 173.22834645669292 53.54330708661417 et
977.9527559055118 4297.63779527559 173.22834645669292 53.54330708661417 de
1064.5669291338584 4297.63779527559 288.18897637795277 53.54330708661417 garder
1267.716535433071 4297.63779527559 173.22834645669292 53.54330708661417 un
1324.4094488188975 4297.63779527559 144.88188976377953 53.54330708661417 bel

223.6220472440945 4354.330708661418 207.8740157480315 53.54330708661417 et
327.5590551181102 4354.330708661418 242.51968503937007 53.54330708661417 bon
466.1417322834646 4354.330708661418 381.1023622047244 53.54330708661417 ouvrage
743.3070866141733 4354.330708661418 242.51968503937007 53.54330708661417 que
881.8897637795276 4354.330708661418 207.8740157480315 53.54330708661417 je
985.8267716535433 4354.330708661418 207.8740157480315 53.54330708661417 ne
1055.1181102362204 4354.330708661418 415.748031496063 53.54330708661417 connassais

226.77165354330708 4411.023622047244 255.11811023622047 55.118110236220474 pas,
385.8267716535433 4411.023622047244 192.1259842519685 55.118110236220474 et
481.8897637795276 4411.023622047244 255.11811023622047 55.118110236220474 vous
640.9448818897638 4411.023622047244 478.74015748031496 55.118110236220474 accompagnez
1023.6220472440945 4411.023622047244 192.1259842519685 55.118110236220474 ce
1119.6850393700788 4411.023622047244 351.18110236220474 55.118110236220474 présent
1343.3070866141732 4411.023622047244 127.55905511811024 55.118110236220474 de

228.3464566929134 4467.716535433071 242.51968503937007 55.118110236220474 vers
379.5275590551181 4467.716535433071 302.3622047244094 55.118110236220474 pleins
590.5511811023622 4467.716535433071 181.10236220472441 55.118110236220474 de
681.8897637795276 4467.716535433071 272.4409448818898 55.118110236220474 grâce
864.5669291338583 4467.716535433071 181.10236220472441 55.118110236220474 où
954.3307086614174 4467.716535433071 181.10236220472441 55.118110236220474 je
1045.6692913385828 4467.716535433071 363.7795275590551 55.118110236220474 retrouve
1288.1889763779527 4467.716535433071 181.10236220472441 55.118110236220474 tout

225.1968503937008 4522.834645669292 278.74015748031496 55.118110236220474 votre
411.0236220472441 4522.834645669292 310.23622047244095 55.118110236220474 esprit
628.3464566929134 4522.834645669292 185.82677165354332 55.118110236220474 et
721.2598425196851 4522.834645669292 278.74015748031496 55.118110236220474 toute
907.0866141732283 4522.834645669292 278.74015748031496 55.118110236220474 votre
1061.4173228346456 4522.834645669292 403.1496062992126 55.118110236220474 politesse.»

86.61417322834646 4634.645669291339 269.29133858267716 70.86614173228347 4265
255.11811023622047 4634.645669291339 538.5826771653543 70.86614173228347 CARRÉ
692.9133858267717 4634.645669291339 437.79527559055117 70.86614173228347 (Albert),
1029.9212598425197 4634.645669291339 437.79527559055117 70.86614173228347 directeur
1332.283464566929 4634.645669291339 135.43307086614172 70.86614173228347 de

162.20472440944883 4718.110236220473 368.503937007874 64.56692913385827 l'Opéra
429.9212598425197 4718.110236220473 401.5748031496063 64.56692913385827 Comique.
730.7086614173228 4718.110236220473 166.9291338582677 64.56692913385827 —
796.8503937007874 4718.110236220473 333.8582677165354 64.56692913385827 Lettre
1031.4960629921259 4718.110236220473 200.0 64.56692913385827 a.
1132.283464566929 4718.110236220473 200.0 64.56692913385827 s.
1198.4251968503936 4718.110236220473 267.7165354330709 64.56692913385827 Paris,

152.75590551181102 4793.700787401574 209.4488188976378 64.56692913385827 2
237.79527559055117 4793.700787401574 376.37795275590554 64.56692913385827 pages
488.18897637795277 4793.700787401574 376.37795275590554 64.56692913385827 in-12
738.5826771653543 4793.700787401574 292.9133858267717 64.56692913385827 sur
905.511811023622 4793.700787401574 417.3228346456693 64.56692913385827 carte.
1198.4251968503936 4793.700787401574 250.39370078740157 64.56692913385827 18
1281.8897637795276 4793.700787401574 166.9291338582677 64.56692913385827 fr

1773.2283464566929 344.88188976377955 322.8346456692913 55.118110236220474 «Vous
1988.976377952756 344.88188976377955 359.0551181102362 55.118110236220474 voulez
2239.3700787401576 344.88188976377955 286.61417322834643 55.118110236220474 bien
2418.8976377952754 344.88188976377955 215.748031496063 55.118110236220474 me
2525.984251968504 344.88188976377955 429.9212598425197 55.118110236220474 proposer
2812.5984251968503 344.88188976377955 143.30708661417322 55.118110236220474 M.

1707.0866141732283 400.0 327.5590551181102 58.267716535433074 Mischa.
1944.8818897637796 400.0 177.95275590551182 58.267716535433074 Il
2034.6456692913387 400.0 177.95275590551182 58.267716535433074 ne
2122.834645669291 400.0 237.79527559055117 58.267716535433074 nous
2272.4409448818897 400.0 207.8740157480315 58.267716535433074 est
2390.551181102362 400.0 207.8740157480315 58.267716535433074 pas
2510.236220472441 400.0 357.4803149606299 58.267716535433074 possible
2748.031496062992 400.0 207.8740157480315 58.267716535433074 d’ac-

1707.0866141732283 458.26771653543307 374.8031496062992 53.54330708661417 cueillir
1988.976377952756 458.26771653543307 280.31496062992125 53.54330708661417 cette
2174.803149606299 458.26771653543307 499.21259842519686 53.54330708661417 proposition,
2581.1023622047246 458.26771653543307 280.31496062992125 53.54330708661417 notre
2737.0078740157483 458.26771653543307 218.89763779527559 53.54330708661417 cadre

1707.0866141732283 514.9606299212599 188.9763779527559 55.118110236220474 de
1801.5748031496064 514.9606299212599 314.96062992125985 55.118110236220474 ténors
2022.0472440944882 514.9606299212599 220.4724409448819 55.118110236220474 est
2118.1102362204724 514.9606299212599 346.45669291338584 55.118110236220474 complet.»

1571.6535433070867 622.0472440944882 225.1968503937008 66.14173228346456 4265
1713.3858267716535 622.0472440944882 393.7007874015748 66.14173228346456 bis
2022.0472440944882 622.0472440944882 563.7795275590552 66.14173228346456 CASSAGNAC
2500.787401574803 622.0472440944882 365.3543307086614 66.14173228346456 (Granier,
2754.3307086614172 622.0472440944882 196.8503937007874 66.14173228346456 Louis

1639.3700787401574 699.2125984251968 225.1968503937008 62.99212598425197 et
1752.755905511811 699.2125984251968 299.21259842519686 62.99212598425197 Paul
1940.1574803149606 699.2125984251968 299.21259842519686 62.99212598425197 de),
2127.5590551181103 699.2125984251968 562.2047244094488 62.99212598425197 publicistes
2576.3779527559054 699.2125984251968 225.1968503937008 62.99212598425197 et
2651.968503937008 699.2125984251968 299.21259842519686 62.99212598425197 hommes

1636.2204724409448 773.2283464566929 579.5275590551181 62.99212598425197 politiques.
2100.787401574803 773.2283464566929 193.70078740157481 62.99212598425197 —
2177.952755905512 773.2283464566929 270.86614173228344 62.99212598425197 Dix
2332.283464566929 773.2283464566929 425.1968503937008 62.99212598425197 lettres
2640.9448818897636 773.2283464566929 231.49606299212599 62.99212598425197 a.
2755.9055118110236 773.2283464566929 231.49606299212599 62.99212598425197 s.
2833.0708661417325 773.2283464566929 116.53543307086615 62.99212598425197 à

1637.7952755905512 848.8188976377953 269.29133858267716 66.14173228346456 MM.
1790.5511811023623 848.8188976377953 385.8267716535433 66.14173228346456 Dutacq
2061.417322834646 848.8188976377953 231.49606299212599 66.14173228346456 et
2176.3779527559054 848.8188976377953 462.99212598425197 66.14173228346456 Azambre.
2524.4094488188975 848.8188976377953 308.66141732283467 66.14173228346456 ens.
2716.535433070866 848.8188976377953 231.49606299212599 66.14173228346456 14
2793.700787401575 848.8188976377953 154.33070866141733 66.14173228346456 p.

1642.5196850393702 922.8346456692914 310.23622047244095 59.84251968503937 in-8,
1848.8188976377953 922.8346456692914 206.29921259842519 59.84251968503937 et
1952.755905511811 922.8346456692914 310.23622047244095 59.84251968503937 in-16
2159.0551181102364 922.8346456692914 206.29921259842519 59.84251968503937 et
2262.9921259842517 922.8346456692914 206.29921259842519 59.84251968503937 un
2365.3543307086616 922.8346456692914 379.5275590551181 59.84251968503937 article
2640.9448818897636 922.8346456692914 206.29921259842519 59.84251968503937 a.
2744.8818897637793 922.8346456692914 206.29921259842519 59.84251968503937 s.
2814.1732283464567 922.8346456692914 137.00787401574803 59.84251968503937 de

1644.0944881889764 1000.0 398.4251968503937 66.14173228346456 Granier
1933.8582677165355 1000.0 217.3228346456693 66.14173228346456 de
2042.5196850393702 1000.0 507.0866141732283 66.14173228346456 Cassagnac,
2440.9448818897636 1000.0 253.54330708661416 66.14173228346456 sur
2585.8267716535433 1000.0 217.3228346456693 66.14173228346456 M.
2658.267716535433 1000.0 289.76377952755905 66.14173228346456 Dupin,

1614.1732283464567 1075.5905511811025 400.0 61.41732283464567 14
1814.1732283464567 1075.5905511811025 400.0 61.41732283464567 p.
2014.1732283464567 1075.5905511811025 667.7165354330708 61.41732283464567 in-12.
2480.314960629921 1075.5905511811025 400.0 61.41732283464567 25
2614.1732283464567 1075.5905511811025 333.8582677165354 61.41732283464567 fr.

1566.9291338582677 1196.8503937007874 262.99212598425197 64.56692913385827 4266
1732.283464566929 1196.8503937007874 592.1259842519685 64.56692913385827 CAUCHON
2225.196850393701 1196.8503937007874 428.34645669291336 64.56692913385827 (Pierre),
2554.3307086614172 1196.8503937007874 395.2755905511811 64.56692913385827 auditeur
2817.3228346456694 1196.8503937007874 132.28346456692913 64.56692913385827 de

1636.2204724409448 1272.4409448818897 225.1968503937008 64.56692913385827 la
1749.6062992125985 1272.4409448818897 412.59842519685037 64.56692913385827 chambre
2050.3937007874015 1272.4409448818897 262.99212598425197 64.56692913385827 des
2200.0 1272.4409448818897 412.59842519685037 64.56692913385827 comptes
2500.787401574803 1272.4409448818897 225.1968503937008 64.56692913385827 de
2612.5984251968503 1272.4409448818897 376.37795275590554 64.56692913385827 Paris.
2837.7952755905512 1272.4409448818897 113.38582677165354 64.56692913385827 —

1642.5196850393702 1349.6062992125985 300.78740157480314 64.56692913385827 Pièce
1842.5196850393702 1349.6062992125985 201.5748031496063 64.56692913385827 s.
1943.3070866141732 1349.6062992125985 335.43307086614175 64.56692913385827 Paris,
2177.952755905512 1349.6062992125985 300.78740157480314 64.56692913385827 1603,
2379.527559055118 1349.6062992125985 234.64566929133858 64.56692913385827 une
2513.3858267716537 1349.6062992125985 201.5748031496063 64.56692913385827 p.
2612.5984251968503 1349.6062992125985 267.7165354330709 64.56692913385827 in-8
2746.4566929133857 1349.6062992125985 201.5748031496063 64.56692913385827 obl.

1595.275590551181 1423.6220472440946 1050.3937007874015 61.41732283464567 parchemin.
2420.472440944882 1423.6220472440946 450.3937007874016 61.41732283464567 20
2571.6535433070867 1423.6220472440946 374.8031496062992 61.41732283464567 fr.

1770.0787401574803 1524.4094488188975 425.1968503937008 51.968503937007874 Quittance
2097.6377952755906 1524.4094488188975 327.5590551181102 51.968503937007874 donnée
2327.5590551181103 1524.4094488188975 196.8503937007874 51.968503937007874 au
2425.196850393701 1524.4094488188975 229.92125984251967 51.968503937007874 nom
2524.4094488188975 1524.4094488188975 425.1968503937008 51.968503937007874 d’Elizabeth

1699.2125984251968 1581.1023622047244 322.8346456692913 50.39370078740158 Morin,
1925.984251968504 1581.1023622047244 291.33858267716533 50.39370078740158 fille
2121.259842519685 1581.1023622047244 193.70078740157481 50.39370078740158 de
2217.3228346456694 1581.1023622047244 388.9763779527559 50.39370078740158 Mathurin
2477.165354330709 1581.1023622047244 258.26771653543307 50.39370078740158 Monin.

1554.3307086614172 1692.9133858267717 318.1102362204724 67.71653543307086 4267
1752.755905511811 1692.9133858267717 675.5905511811023 67.71653543307086 CERTIFICAT
2308.6614173228345 1692.9133858267717 237.79527559055117 67.71653543307086 DE
2388.9763779527557 1692.9133858267717 555.9055118110236 67.71653543307086 RÉFORME,

1636.2204724409448 1774.8031496062993 352.755905511811 64.56692913385827 délivré
1891.3385826771653 1774.8031496062993 223.6220472440945 64.56692913385827 par
2020.4724409448818 1774.8031496062993 223.6220472440945 64.56692913385827 les
2148.031496062992 1774.8031496062993 415.748031496063 64.56692913385827 colonels,
2467.716535433071 1774.8031496062993 288.18897637795277 64.56692913385827 major
2659.8425196850394 1774.8031496062993 192.1259842519685 64.56692913385827 et
2724.4094488188975 1774.8031496062993 223.6220472440945 64.56692913385827 capi-

1631.4960629921259 1851.9685039370079 346.45669291338584 62.99212598425197 taines
1874.015748031496 1851.9685039370079 207.8740157480315 62.99212598425197 du
1977.9527559055118 1851.9685039370079 415.748031496063 62.99212598425197 régiment
2289.763779527559 1851.9685039370079 554.3307086614174 62.99212598425197 d’infanterie
2703.9370078740158 1851.9685039370079 242.51968503937007 62.99212598425197 alle-

1626.7716535433071 1927.5590551181103 348.0314960629921 59.84251968503937 mande
1859.8425196850394 1927.5590551181103 233.0708661417323 59.84251968503937 de
1976.3779527559054 1927.5590551181103 233.0708661417323 59.84251968503937 La
2092.9133858267714 1927.5590551181103 387.40157480314963 59.84251968503937 Marck.
2363.779527559055 1927.5590551181103 464.56692913385825 59.84251968503937 Cambrai,
2674.015748031496 1927.5590551181103 270.86614173228344 59.84251968503937 1713,

1606.2992125984251 2003.1496062992126 407.87401574803147 62.99212598425197 une
1839.3700787401574 2003.1496062992126 466.1417322834646 62.99212598425197 page
2130.7086614173227 2003.1496062992126 582.6771653543307 62.99212598425197 in-f°.
2538.582677165354 2003.1496062992126 349.6062992125984 62.99212598425197 25
2655.1181102362207 2003.1496062992126 291.33858267716533 62.99212598425197 fr.

1765.3543307086613 2111.8110236220473 507.0866141732283 53.54330708661417 «Certifions
2170.0787401574803 2111.8110236220473 236.2204724409449 53.54330708661417 que
2305.511811023622 2111.8110236220473 203.1496062992126 53.54330708661417 le
2406.299212598425 2111.8110236220473 203.1496062992126 53.54330708661417 Sr
2507.0866141732286 2111.8110236220473 203.1496062992126 53.54330708661417 de
2574.803149606299 2111.8110236220473 371.65354330708664 53.54330708661417 Centreye,

1697.6377952755906 2168.503937007874 404.7244094488189 53.54330708661417 capitaine,
2015.748031496063 2168.503937007874 203.1496062992126 53.54330708661417 est
2130.7086614173227 2168.503937007874 318.1102362204724 53.54330708661417 atteint
2362.2047244094488 2168.503937007874 173.22834645669292 53.54330708661417 de
2450.3937007874015 2168.503937007874 348.0314960629921 53.54330708661417 vertiges
2710.236220472441 2168.503937007874 203.1496062992126 53.54330708661417 qui
2796.850393700787 2168.503937007874 144.88188976377953 53.54330708661417 luy

1689.763779527559 2225.196850393701 442.5196850393701 51.968503937007874 prennent
2022.0472440944882 2225.196850393701 406.2992125984252 51.968503937007874 souvant
2316.535433070866 2225.196850393701 332.2834645669291 51.968503937007874 mêmes
2538.582677165354 2225.196850393701 370.0787401574803 51.968503937007874 devant
2760.6299212598424 2225.196850393701 184.251968503937 51.968503937007874 les

1697.6377952755906 2281.8897637795276 305.51181102362204 51.968503937007874 postes
1910.236220472441 2281.8897637795276 182.6771653543307 51.968503937007874 de
2001.5748031496064 2281.8897637795276 456.6929133858268 51.968503937007874 détachemens
2366.9291338582675 2281.8897637795276 182.6771653543307 51.968503937007874 où
2458.267716535433 2281.8897637795276 182.6771653543307 51.968503937007874 il
2549.6062992125985 2281.8897637795276 274.01574803149606 51.968503937007874 s’est
2702.3622047244094 2281.8897637795276 244.09448818897638 51.968503937007874 trouvé

1691.3385826771653 2338.582677165354 417.3228346456693 53.54330708661417 commandé
2004.724409448819 2338.582677165354 278.74015748031496 53.54330708661417 pour
2177.952755905512 2338.582677165354 209.4488188976378 53.54330708661417 le
2281.8897637795276 2338.582677165354 382.6771653543307 53.54330708661417 service
2560.6299212598424 2338.582677165354 209.4488188976378 53.54330708661417 du
2664.566929133858 2338.582677165354 278.74015748031496 53.54330708661417 Roy;
2804.7244094488187 2338.582677165354 138.58267716535434 53.54330708661417 ce

1696.0629921259842 2396.850393700787 218.89763779527559 53.54330708661417 qui
1820.4724409448818 2396.850393700787 248.8188976377953 53.54330708661417 nous
1976.3779527559054 2396.850393700787 155.90551181102362 53.54330708661417 a
2039.3700787401574 2396.850393700787 311.81102362204723 53.54330708661417 obligé
2258.267716535433 2396.850393700787 187.4015748031496 53.54330708661417 de
2351.181102362205 2396.850393700787 248.8188976377953 53.54330708661417 l’en
2507.0866141732286 2396.850393700787 436.2204724409449 53.54330708661417 exempter.»
2818.8976377952754 2396.850393700787 124.40944881889764 53.54330708661417 La

1696.0629921259842 2453.5433070866143 264.56692913385825 53.54330708661417 pièce
1872.4409448818897 2453.5433070866143 264.56692913385825 53.54330708661417 porte
2048.818897637795 2453.5433070866143 176.3779527559055 53.54330708661417 15
2137.0078740157483 2453.5433070866143 411.0236220472441 53.54330708661417 signatures
2429.9212598425197 2453.5433070866143 411.0236220472441 53.54330708661417 d’officiers.

1552.755905511811 2570.0787401574803 291.33858267716533 62.99212598425197 4268
1735.4330708661416 2570.0787401574803 803.1496062992126 62.99212598425197 CHAMPFLEURY
2428.3464566929133 2570.0787401574803 365.3543307086614 62.99212598425197 (Jules
2647.244094488189 2570.0787401574803 291.33858267716533 62.99212598425197 Husson

1637.7952755905512 2647.244094488189 239.37007874015748 62.99212598425197 dit),
1796.8503937007874 2647.244094488189 451.9685039370079 62.99212598425197 littérateur.—
2168.503937007874 2647.244094488189 344.88188976377955 62.99212598425197 a)
2434.6456692913384 2647.244094488189 159.0551181102362 62.99212598425197 L.
2513.3858267716537 2647.244094488189 159.0551181102362 62.99212598425197 a.
2593.700787401575 2647.244094488189 159.0551181102362 62.99212598425197 s.
2672.4409448818897 2647.244094488189 132.28346456692913 62.99212598425197 à
2699.212598425197 2647.244094488189 239.37007874015748 62.99212598425197 Dutacq,

1637.7952755905512 2724.4094488188975 154.33070866141733 62.99212598425197 1
1699.2125984251968 2724.4094488188975 184.251968503937 62.99212598425197 p.
1760.6299212598426 2724.4094488188975 215.748031496063 62.99212598425197 in

1763.7795275590552 2820.472440944882 362.20472440944883 55.118110236220474 Relative
2034.6456692913387 2820.472440944882 151.1811023622047 55.118110236220474 à
2096.0629921259842 2820.472440944882 392.12598425196853 55.118110236220474 plusieurs
2366.9291338582675 2820.472440944882 302.3622047244094 55.118110236220474 lettres.

1640.9448818897638 2911.8110236220473 173.22834645669292 66.14173228346456 b)
1727.5590551181103 2911.8110236220473 374.8031496062992 66.14173228346456 Quittance
2015.748031496063 2911.8110236220473 173.22834645669292 66.14173228346456 s.
2102.3622047244094 2911.8110236220473 173.22834645669292 66.14173228346456 de
2188.9763779527557 2911.8110236220473 662.992125984252 66.14173228346456 Champfleury,
2737.0078740157483 2911.8110236220473 201.5748031496063 66.14173228346456 1854.

1760.6299212598426 3009.448818897638 277.1653543307087 55.118110236220474 Reçu
1933.8582677165355 3009.448818897638 207.8740157480315 55.118110236220474 du
2037.7952755905512 3009.448818897638 381.1023622047244 55.118110236220474 journal
2314.9606299212596 3009.448818897638 242.51968503937007 55.118110236220474 «Le
2455.1181102362207 3009.448818897638 346.45669291338584 55.118110236220474 Pays»,
2697.6377952755906 3009.448818897638 207.8740157480315 55.118110236220474 54
2766.9291338582675 3009.448818897638 173.22834645669292 55.118110236220474 fr.

1692.9133858267717 3067.716535433071 250.39370078740157 56.69291338582677 pour
1850.3937007874015 3067.716535433071 407.87401574803147 56.69291338582677 rédaction
2163.779527559055 3067.716535433071 188.9763779527559 56.69291338582677 de
2226.771653543307 3067.716535433071 313.38582677165357 56.69291338582677 Janvier.

2121.259842519685 3157.48031496063 237.79527559055117 62.99212598425197 Les
2258.267716535433 3157.48031496063 272.4409448818898 62.99212598425197 deux
2428.3464566929133 3157.48031496063 373.2283464566929 62.99212598425197 pièces:
2699.212598425197 3157.48031496063 203.1496062992126 62.99212598425197 25
2766.9291338582675 3157.48031496063 170.07874015748033 62.99212598425197 fr.

1555.9055118110236 3288.1889763779527 269.29133858267716 62.99212598425197 4269
1724.4094488188975 3288.1889763779527 741.7322834645669 62.99212598425197 CHANGARNIER
2363.779527559055 3288.1889763779527 472.4409448818898 62.99212598425197 (Nicolas),
2700.787401574803 3288.1889763779527 236.2204724409449 62.99212598425197 géné

1628.3464566929133 3365.3543307086616 247.24409448818898 62.99212598425197 ral
1768.5039370078741 3365.3543307086616 212.5984251968504 62.99212598425197 et
1875.5905511811025 3365.3543307086616 318.1102362204724 62.99212598425197 homme
2088.1889763779527 3365.3543307086616 496.06299212598424 62.99212598425197 politique.
2477.165354330709 3365.3543307086616 176.3779527559055 62.99212598425197 —
2548.031496062992 3365.3543307086616 212.5984251968504 62.99212598425197 L.
2653.5433070866143 3365.3543307086616 212.5984251968504 62.99212598425197 a.
2760.6299212598424 3365.3543307086616 212.5984251968504 62.99212598425197 s.
2831.496062992126 3365.3543307086616 105.51181102362204 62.99212598425197 à

1628.3464566929133 3439.3700787401576 206.29921259842519 62.99212598425197 un
1732.283464566929 3439.3700787401576 480.31496062992125 62.99212598425197 Intendant,
2110.236220472441 3439.3700787401576 308.66141732283467 62.99212598425197 1851,
2314.9606299212596 3439.3700787401576 171.6535433070866 62.99212598425197 1
2384.251968503937 3439.3700787401576 206.29921259842519 62.99212598425197 p.
2486.6141732283463 3439.3700787401576 308.66141732283467 62.99212598425197 in-4.
2692.9133858267714 3439.3700787401576 206.29921259842519 62.99212598425197 30
2762.2047244094488 3439.3700787401576 171.6535433070866 62.99212598425197 fr.

1765.3543307086613 3554.3307086614172 190.5511811023622 56.69291338582677 Il
1859.8425196850394 3554.3307086614172 349.6062992125984 56.69291338582677 demande
2114.9606299212596 3554.3307086614172 286.61417322834643 56.69291338582677 qu’on
2305.511811023622 3554.3307086614172 222.04724409448818 56.69291338582677 lui
2431.496062992126 3554.3307086614172 318.1102362204724 56.69291338582677 envoie
2655.1181102362207 3554.3307086614172 222.04724409448818 56.69291338582677 une
2749.6062992125985 3554.3307086614172 190.5511811023622 56.69291338582677 ces-

1685.0393700787401 3612.5984251968503 303.93700787401576 56.69291338582677 sion
1874.015748031496 3612.5984251968503 228.3464566929134 56.69291338582677 de
1988.976377952756 3612.5984251968503 455.11811023622045 56.69291338582677 paiement
2330.7086614173227 3612.5984251968503 303.93700787401576 56.69291338582677 afin
2519.685039370079 3612.5984251968503 228.3464566929134 56.69291338582677 de
2595.2755905511813 3612.5984251968503 341.73228346456693 56.69291338582677 pouvoir

1691.3385826771653 3669.2913385826773 352.755905511811 53.54330708661417 toucher
1946.4566929133857 3669.2913385826773 480.31496062992125 53.54330708661417 l’indemnité
2332.283464566929 3669.2913385826773 352.755905511811 53.54330708661417 allouée
2587.4015748031497 3669.2913385826773 223.6220472440945 53.54330708661417 aux
2683.464566929134 3669.2913385826773 256.6929133858268 53.54330708661417 repré

1667.716535433071 3732.283464566929 319.68503937007875 42.51968503937008 sentants.

1559.0551181102362 3834.6456692913384 256.6929133858268 64.56692913385827 4270
1718.1102362204724 3834.6456692913384 640.9448818897638 64.56692913385827 CHERUBINI
2264.566929133858 3834.6456692913384 384.251968503937 64.56692913385827 (Luigi),
2519.685039370079 3834.6456692913384 417.3228346456693 64.56692913385827 compositeur

1629.9212598425197 3910.236220472441 381.1023622047244 61.41732283464567 italien.
1916.5354330708662 3910.236220472441 159.0551181102362 61.41732283464567 —
1979.5275590551182 3910.236220472441 318.1102362204724 61.41732283464567 Lettre
2201.5748031496064 3910.236220472441 190.5511811023622 61.41732283464567 a.
2297.6377952755906 3910.236220472441 190.5511811023622 61.41732283464567 s.
2393.700787401575 3910.236220472441 222.04724409448818 61.41732283464567 (en
2519.685039370079 3910.236220472441 414.1732283464567 61.41732283464567 français)
2806.299212598425 3910.236220472441 127.55905511811024 61.41732283464567 au

1625.1968503937007 3985.8267716535433 414.1732283464567 69.29133858267717 pianiste
1935.4330708661416 3985.8267716535433 516.5354330708661 69.29133858267717 Zimmermann.
2349.6062992125985 3985.8267716535433 344.88188976377955 69.29133858267717 Paris,
2590.551181102362 3985.8267716535433 206.29921259842519 69.29133858267717 s.
2694.488188976378 3985.8267716535433 206.29921259842519 69.29133858267717 d.
2763.779527559055 3985.8267716535433 171.6535433070866 69.29133858267717 une

1600.0 4059.8425196850394 363.7795275590551 70.86614173228347 p.
1781.1023622047244 4059.8425196850394 544.8818897637796 70.86614173228347 petit
2144.8818897637793 4059.8425196850394 544.8818897637796 70.86614173228347 in-8.
2508.6614173228345 4059.8425196850394 363.7795275590551 70.86614173228347 25
2629.9212598425197 4059.8425196850394 302.3622047244094 70.86614173228347 fr.

1762.2047244094488 4166.929133858268 215.748031496063 55.118110236220474 «Je
1886.6141732283465 4166.929133858268 247.24409448818898 55.118110236220474 suis
2040.9448818897638 4166.929133858268 308.66141732283467 55.118110236220474 chargé
2256.6929133858266 4166.929133858268 215.748031496063 55.118110236220474 par
2381.1023622047246 4166.929133858268 278.74015748031496 55.118110236220474 votre
2566.9291338582675 4166.929133858268 340.15748031496065 55.118110236220474 commère
2782.6771653543306 4166.929133858268 154.33070866141733 55.118110236220474 (?)

1688.1889763779527 4223.622047244095 203.1496062992126 56.69291338582677 de
1788.976377952756 4223.622047244095 270.86614173228344 56.69291338582677 vous
1957.4803149606298 4223.622047244095 371.65354330708664 56.69291338582677 engager
2228.3464566929133 4223.622047244095 168.50393700787401 56.69291338582677 à
2296.0629921259842 4223.622047244095 337.00787401574803 56.69291338582677 dînner
2532.283464566929 4223.622047244095 270.86614173228344 56.69291338582677 pour
2666.1417322834645 4223.622047244095 270.86614173228344 56.69291338582677 demain

1689.763779527559 4280.314960629921 351.18110236220474 55.118110236220474 samedi,
1944.8818897637796 4280.314960629921 192.1259842519685 55.118110236220474 et
2040.9448818897638 4280.314960629921 256.6929133858268 55.118110236220474 afin
2201.5748031496064 4280.314960629921 192.1259842519685 55.118110236220474 de
2297.6377952755906 4280.314960629921 256.6929133858268 55.118110236220474 vous
2456.6929133858266 4280.314960629921 319.68503937007875 55.118110236220474 donner
2680.314960629921 4280.314960629921 192.1259842519685 55.118110236220474 un
2744.8818897637793 4280.314960629921 192.1259842519685 55.118110236220474 sti-

1691.3385826771653 4337.007874015748 303.93700787401576 56.69291338582677 mulant
1903.9370078740158 4337.007874015748 182.6771653543307 56.69291338582677 de
1995.275590551181 4337.007874015748 244.09448818897638 56.69291338582677 plus
2148.031496062992 4337.007874015748 244.09448818897638 56.69291338582677 pour
2299.212598425197 4337.007874015748 365.3543307086614 56.69291338582677 accepter
2573.228346456693 4337.007874015748 274.01574803149606 56.69291338582677 cette
2725.984251968504 4337.007874015748 212.5984251968504 56.69291338582677 invi-

1688.1889763779527 4393.700787401574 343.3070866141732 56.69291338582677 tation,
1938.5826771653544 4393.700787401574 187.4015748031496 56.69291338582677 je
2031.4960629921259 4393.700787401574 250.39370078740157 56.69291338582677 vous
2187.4015748031497 4393.700787401574 374.8031496062992 56.69291338582677 préviens
2469.2913385826773 4393.700787401574 218.89763779527559 56.69291338582677 que
2593.700787401575 4393.700787401574 187.4015748031496 56.69291338582677 le
2656.6929133858266 4393.700787401574 280.31496062992125 56.69291338582677 Docteur

1688.1889763779527 4450.393700787402 376.37795275590554 59.84251968503937 Nagendie
1970.0787401574803 4450.393700787402 218.89763779527559 59.84251968503937 est
2096.0629921259842 4450.393700787402 188.9763779527559 59.84251968503937 de
2190.551181102362 4450.393700787402 188.9763779527559 59.84251968503937 la
2253.5433070866143 4450.393700787402 313.38582677165357 59.84251968503937 partie.»

1557.4803149606298 4559.055118110236 229.92125984251967 58.267716535433074 4271
1700.7874015748032 4559.055118110236 514.9606299212599 58.267716535433074 CHIMIE.
2130.7086614173227 4559.055118110236 143.30708661417322 58.267716535433074 —
2187.4015748031497 4559.055118110236 286.61417322834643 58.267716535433074 Lettre
2387.4015748031497 4559.055118110236 171.6535433070866 58.267716535433074 a.
2474.015748031496 4559.055118110236 171.6535433070866 58.267716535433074 s.
2560.6299212598424 4559.055118110236 171.6535433070866 58.267716535433074 de
2617.3228346456694 4559.055118110236 314.96062992125985 58.267716535433074 De

1637.7952755905512 4633.070866141732 540.1574803149606 62.99212598425197 Servières
2096.0629921259842 4633.070866141732 135.43307086614172 62.99212598425197 à
2149.6062992125985 4633.070866141732 377.9527559055118 62.99212598425197 Delessert,
2447.244094488189 4633.070866141732 324.40944881889766 62.99212598425197 ministre
2689.763779527559 4633.070866141732 162.20472440944883 62.99212598425197 de
2743.3070866141734 4633.070866141732 188.9763779527559 62.99212598425197 l’In-

1623.6220472440946 4708.6614173228345 412.59842519685037 67.71653543307086 térieur,
1932.283464566929 4708.6614173228345 343.3070866141732 67.71653543307086 Paris,
2173.228346456693 4708.6614173228345 308.66141732283467 67.71653543307086 1791,
2379.527559055118 4708.6614173228345 240.9448818897638 67.71653543307086 une
2516.535433070866 4708.6614173228345 274.01574803149606 67.71653543307086 page
2655.1181102362207 4708.6614173228345 274.01574803149606 67.71653543307086 in

2714.9606299212596 4784.251968503937 181.10236220472441 50.39370078740158 25
2774.803149606299 4784.251968503937 151.1811023622047 50.39370078740158 fr.

727.5590551181102 4922.834645669292 422.0472440944882 67.71653543307086 ACHAT
1009.4488188976378 4922.834645669292 281.8897637795276 67.71653543307086 DE
1151.1811023622047 4922.834645669292 469.29133858267716 67.71653543307086 LIVRES
1478.740157480315 4922.834645669292 281.8897637795276 67.71653543307086 ET
1573.2283464566929 4922.834645669292 703.9370078740158 67.71653543307086 D’AUTOGRAPHES
