1641 2087
325 242 106 40 s.
378 242 176 40 EXCIA.
502 242 123 40 SR.
572 242 194 40 RODRIGO
713 242 106 40 M.
766 242 106 40 F.
801 242 159 40 ANDRADE

385 284 194 39 Diretor
527 284 106 39 da
580 284 194 39 Divisao
721 284 106 39 do
774 284 247 39 Patrimônio
968 284 230 39 Histérico
1145 284 88 39 e
1163 284 141 39 Artis-

454 324 136 38 tico
522 324 170 38 Nacional

324 388 105 39 S.
377 388 175 39 EXCIA.
500 388 123 39 SR.
570 388 140 39 JOSÉ
658 388 175 39 SIMEXO
763 388 105 39 LEAL

388 436 193 38 Diretor
529 436 106 38 do
582 436 193 38 Serviço
723 436 106 38 de
775 436 281 38 Documentação
1004 436 106 38 do
1057 436 246 38 Ministério
1233 436 70 38 da

455 477 225 45 Educaçâo
624 477 94 45 e
643 477 131 45 Saûde

326 541 106 37 S.
379 541 177 37 EXCIA.
503 541 124 37 SR.
574 541 159 37 ANDRÉ
680 541 159 37 NUNES
769 541 88 37 JR.

390 580 257 47 Presidente
592 580 110 47 da
647 580 184 47 Câmara
775 580 239 47 Municipal
959 580 110 47 de
1014 580 129 47 Sào
1069 580 129 47 Paulo

327 653 105 38 S.
379 653 175 38 EXCIA.
501 653 122 38 SR.
571 653 210 38 CANTIDIO
728 653 210 38 NOGUEIRA
868 653 175 38 SAMPAIO<

391 694 242 45 Secretârio
581 694 104 45 de
632 694 207 45 Educaçao
788 694 86 45 e
822 694 190 45 Cultura
961 694 104 45 da
1012 694 242 45 Prefeitura
1185 694 121 45 Muni-

459 740 161 46 cipal
566 740 107 46 de
620 740 125 46 São
674 740 125 46 Paulo

326 804 100 44 S.
376 804 167 44 EXCIA.
494 804 117 44 SR.
561 804 134 44 JOSÉ
627 804 218 44 SCACCIOTTII

391 852 257 45 Secretârio
592 852 110 45 de
648 852 220 45 Finanças
813 852 110 45 da
868 852 257 45 Prefeitura
1069 852 239 45 Municipal
1235 852 73 45 de

458 900 138 39 São
518 900 138 39 Paulo

325 976 107 43 8.
379 976 178 43 EXCIA.
503 976 124 43 SR.
574 976 160 43 DARIO
681 976 107 43 DE
734 976 178 43 CASTRO
841 976 124 43 BUENO

393 1020 251 46 Secretârio
591 1020 108 46 de
644 1020 162 46 Obras
752 1020 108 46 da
806 1020 251 46 Prefeitura
1004 1020 233 46 Municipal
1183 1020 108 46 de
1219 1020 90 46 São

440 1068 137 38 Paulo

329 1140 121 39 SR.
398 1140 224 39 FRANCISCO
553 1140 121 39 PATTI

393 1173 206 46 Diretor
543 1173 112 46 do
599 1173 300 46 Departamento
843 1173 112 46 de
899 1173 206 46 Cultura
1049 1173 112 46 da
1086 1173 225 46 Prefeitura

464 1220 239 46 Municipal
647 1220 110 46 de
702 1220 129 46 São
757 1220 129 46 Paulo

326 1292 134 39 SR.
402 1292 229 39 RAYMUNDO
574 1292 191 39 CASTRO
689 1292 115 39 MAIA

394 1332 256 45 Presidente
595 1332 110 45 do
650 1332 165 45 Museu
760 1332 110 45 de
815 1332 146 45 Arte
906 1332 201 45 Moderna
1053 1332 110 45 do
1108 1332 128 45 Rio
1181 1332 110 45 de
1217 1332 92 45 Ja

445 1379 122 55 neiro

326 1458 123 48 SR.
397 1458 176 48 SAMUEL
503 1458 159 48 RIBEIRO

397 1500 259 47 Presidente
600 1500 111 47 do
655 1500 166 47 Museu
766 1500 111 47 de
821 1500 148 47 Arte
914 1500 111 47 de
969 1500 129 47 São
1025 1500 129 47 Paulo

330 1572 112 39 SR.
394 1572 223 39 ADHEMAR
569 1572 96 39 DE
601 1572 128 39 BARROS

327 1612 130 54 SR.
401 1612 148 54 JOSÉ
493 1612 204 54 ARMANDO
623 1612 204 54 AFFONSECA

330 1667 122 40 SR.
399 1667 174 40 ODILON
521 1667 104 40 DE
555 1667 122 40 SOUZA

328 1708 125 39 SR.
399 1708 196 39 HERBERT
524 1708 125 39 MOSES

752 1804 90 38 9
