1641 2087
312 241 108 42 S.
366 241 179 42 EXCIA.
492 241 126 42 SR.
563 241 179 42 ERNANI
689 241 108 42 DO
743 241 179 42 AMARAL
850 241 162 42 PEIXOTO

379 280 259 50 Governador
583 280 111 50 do
639 280 185 50 Estado
769 280 111 50 do
824 280 130 50 Rio
898 280 111 50 de
935 280 167 50 Janeiro

313 348 106 39 s.
366 348 176 39 EXCIA.
489 348 123 39 SR.
560 348 211 39 JUCELINO
718 348 264 39 KUBITSCHECK
930 348 106 39 DE
965 348 176 39 OLIVEIRA

382 389 248 45 Governador
577 389 106 45 do
630 389 177 45 Estado
755 389 106 45 de
808 389 177 45 Minas.
914 389 142 45 Gerais

315 450 108 40 S.
369 450 180 40 EXCIA.
495 450 126 40 SR.
567 450 180 40 FLAVIO
676 450 198 40 GUIMARRES

383 484 268 46 Presidente
593 484 115 46 da
651 484 230 46 Comissao
823 484 115 46 de
881 484 230 46 Educaçao
1053 484 96 46 e
1091 484 211 46 Cultura
1225 484 77 46 do

451 533 179 46 Senado
559 533 161 46 Federal

318 602 103 41 s.
369 602 171 41 EXCIA.
489 602 120 41 SR.
558 602 171 41 EURICO
678 602 171 41 AGUIAR
781 602 137 41 SALLES

383 644 263 46 Presidente
590 644 113 46 da
646 644 226 46 Comissao
815 644 113 46 de
872 644 226 46 Educaçao
1041 644 113 46 e.
1097 644 207 46 Cultura
1229 644 75 46 da

452 692 190 47 Câmara
585 692 133 47 dos
642 692 208 47 Deputados

316 757 114 38 S.
373 757 190 38 EXCIA.
506 757 133 38 SR.
582 757 209 38 GUSTAVO
714 757 190 38 CAPANEMA

385 796 222 55 Deputado
533 796 167 55 Federal

318 860 110 31 s.
373 860 183 31 EXCIA.
501 860 128 31 SR.
574 860 165 31 MARIO
666 860 202 31 GUIMARXES

380 900 236 43 Ministro,
561 900 163 43 Chefe
670 900 109 43 da
724 900 199 43 Divisâo
869 900 236 43 Cultural,
1050 900 254 43 Secretaria
1232 900 72 43 de

456 938 171 41 Estado
576 938 120 41 das
644 938 206 41 Relaçôes
781 938 206 41 Exteriores

320 1003 104 32 S.
372 1003 174 32 EXCIA.
493 1003 122 32 SR.
563 1003 208 32 DIOGENES
719 1003 191 32 RIBEIRO
858 1003 104 32 DE
893 1003 104 32 LIMA

388 1044 252 39 Presidente
586 1044 108 39 da
640 1044 252 39 Assembléia
838 1044 270 39 Legislativa
1055 1044 126 39 do.
1127 1044 180 39 Estado
1235 1044 72 39 de

456 1092 134 38 Sào
513 1092 134 38 Paulo

322 1155 108 39 8.
376 1155 181 39 EXCIA.
502 1155 126 39 SR.
575 1155 181 39 CANUTO
701 1155 181 39 MENDES
827 1155 108 39 DE
863 1155 199 39 ALMEIDAb>

392 1198 243 45 Secretârio
582 1198 104 45 de
635 1198 173 45 Estado
756 1198 139 45 para
843 1198 104 45 os
895 1198 226 45 Negôcios.
1068 1198 104 45 do
1120 1198 191 45 Governo
1242 1198 69 45 de

457 1244 137 39 São
516 1244 137 39 Paulo

323 1305 110 35 s.
378 1305 183 35 EXCIA.
505 1305 128 35 SR.
579 1305 201 35 JUVENAL
725 1305 146 35 LINO
816 1305 110 35 DE
853 1305 146 35 MATTOS

392 1349 242 38 Secretârio
582 1349 104 38 de
634 1349 173 38 Estado
755 1349 138 38 para
842 1349 104 38 os
894 1349 208 38 Negôcios
1049 1349 104 38 de
1101 1349 208 38 Educaçao
1240 1349 69 38 de

461 1388 140 47 São
521 1388 140 47 Paulo

324 1452 106 38 S.
377 1452 176 38 EXCIA.
501 1452 123 38 SR.
571 1452 194 38 ERNESTO
694 1452 106 38 LEME

390 1492 231 42 Magnifico
568 1492 178 42 Reitor
692 1492 107 42 da
746 1492 284 42 Universidade
977 1492 107 42 de
1030 1492 124 42 São
1084 1492 124 42 Paulo

323 1564 108 31 S.
377 1564 180 31 EXCIA.
503 1564 144 31 SRA.
593 1564 234 31 CONCEIÇXO
754 1564 216 31 SANTAMARLA

392 1597 212 45 Deputado
552 1597 88 45 à
587 1597 248 45 Assembléia
782 1597 265 45 Legislativa
994 1597 106 45 de
1047 1597 124 45 São
1100 1597 124 45 Paulo

326 1661 100 38 s.
376 1661 167 38 EXCIA.
494 1661 117 38 SR.
561 1661 184 38 RICARDO
678 1661 117 38 JAFET

395 1700 245 47 Presidente
587 1700 105 47 do
639 1700 157 47 Banco
744 1700 105 47 do
779 1700 140 47 Brasil

751 1802 90 40 8
