1641 2087
318 243 254 40 regulamento
522 243 85 40 e
556 243 85 40 a
589 243 271 40 irrecorrivel
810 243 187 40 decisâo
946 243 119 40 dos
1014 243 153 40 Jûris
1098 243 204 40 conferindo

319 275 182 47 plenos
446 275 219 47 direitos
611 275 91 47 à
647 275 201 47 Direçao
793 275 109 47 do
848 275 164 47 Museu
957 275 109 47 de
1012 275 146 47 Arte
1103 275 201 47 Moderna
1231 275 73 47 de

321 314 122 41 Sào
390 314 157 41 Paulo
495 314 105 41 no
548 314 192 41 tocante
688 314 87 41 à
723 314 227 41 colocaçâo
898 314 105 41 de
950 314 140 41 suas
1020 314 140 41 obras.

389 364 126 46 12.
461 364 108 46 Os
515 364 162 46 casos
623 364 198 46 omissos
766 364 108 46 no
820 364 216 46 presente
982 364 269 46 regulamento
1179 364 126 46 serdo

320 412 246 38 resolvidos
514 412 141 38 pela
602 412 229 38 Diretoria
778 412 105 38 do
830 412 158 38 Museu
936 412 105 38 de
989 412 141 38 Arte
1076 412 211 38 Moderna,
1217 412 88 38 por

320 446 105 45 si
373 446 105 45 ou
426 446 105 45 de
479 446 176 45 aéordo
601 446 123 45 com
672 446 88 45 o
707 446 211 45 disposto
865 446 123 45 nas
935 446 176 45 normas
1058 446 176 45 gerais
1181 446 105 45 da
1216 446 88 45 I.a

320 484 188 38 Bienal
452 484 113 38 do
509 484 170 38 Museu
622 484 113 38 de
678 484 151 38 Arte
754 484 188 38 Moderna.

457 564 219 39 Lourival
633 564 132 39 Gomes
706 564 190 39 Machado

525 612 179 38 Diretor
639 612 179 38 Artistico

723 692 229 39 Francisco
909 692 186 39 Mataraszo
1038 692 200 39 Sobrinho

901 733 205 45 Presidente

392 811 125 41 São
464 811 179 41 Paulo,
589 811 215 41 setembro
750 811 107 41 de
786 811 125 41 1951.

458 900 180 42 Para
589 900 229 42 propaganda
769 900 98 42 da
818 900 82 42 I
851 900 180 42 Bienal,
982 900 82 42 0
1014 900 147 42 Museu
1113 900 98 42 de
1145 900 164 42 Arte

391 941 214 38 Moderna
559 941 198 38 instituiu
711 941 92 38 um
757 941 183 38 concurso
894 941 92 38 de
940 941 198 38 cartages,
1092 941 107 38 com
1153 941 76 38 0
1169 941 137 38 se

386 978 143 49 guinte/:/

611 1067 370 39 REGULAMENTO

394 1139 112 40 1.
450 1139 94 40 O
488 1139 169 40 Museu
600 1139 112 40 de
656 1139 150 40 Arte
750 1139 206 40 Moderna
900 1139 225 40 institui
1069 1139 112 40 um
1106 1139 206 40 concuirso

324 1180 112 39 de
380 1180 223 39 cartazes
548 1180 149 39 para
641 1180 260 39 propaganda
845 1180 112 39 da
901 1180 93 39 I
938 1180 186 39 Bienal
1068 1180 112 39 do
1124 1180 186 39 Muze)i
1236 1180 74 39 de

323 1220 146 39 Arte
414 1220 201 39 Moderna
560 1220 110 39 de
615 1220 128 39 Sao
688 1220 183 39 Paulo,
816 1220 238 39 exposigdo
999 1220 311 39 internacional
1237 1220 73 39 de

327 1251 150 40 artes
427 1251 233 40 plâsticas,
610 1251 133 40 que,
694 1251 117 40 sob
760 1251 83 40 0
794 1251 233 40 patrocinio
977 1251 100 40 da
1027 1251 233 40 Prefeitura
1193 1251 117 40 Muni-

325 1288 167 43 cipal,
442 1288 134 43 terà
526 1288 150 43 lugar
626 1288 100 43 de
676 1288 184 43 outubro
809 1288 83 43 a
843 1288 200 43 dezembro
993 1288 100 43 de
1043 1288 150 43 1951,
1143 1288 100 43 na
1176 1288 134 43 cidade

323 1328 111 42 de
378 1328 129 42 São
433 1328 148 42 Paulo.

394 1380 104 39 2.
446 1380 104 39 Os
498 1380 225 39 trabalhos
671 1380 104 39 no
723 1380 190 39 tamanho
861 1380 173 39 padrâo
982 1380 104 39 de
1034 1380 156 39 66x96
1138 1380 156 39 cms.,
1224 1380 87 39 de-

325 1418 155 39 verao
428 1418 121 39 ser
497 1418 276 39 apresentados
722 1418 190 39 prontos
860 1418 138 39 para
946 1418 86 39 a
981 1418 242 39 reproduçao
1171 1418 86 39 a
1188 1418 121 39 côres

326 1454 120 44 que
394 1454 154 44 nunca
497 1454 189 44 poderâo
635 1454 257 44 uktrapassar
840 1454 86 44 0
875 1454 171 44 nûmero
995 1454 103 44 de
1029 1454 120 44 seis.

391 1508 106 47 3.
444 1508 106 47 Os
497 1508 230 47 trabalhos
674 1508 283 47 apresentados
904 1508 194 47 deverao
1045 1508 194 47 conter,
1186 1508 106 47 no
1222 1508 88 47 mi-

324 1548 164 48 nimo,
433 1548 109 48 as
488 1548 237 48 seguintes
670 1548 274 48 indicacôes:
889 1548 91 48 °
926 1548 91 48 1
962 1548 182 48 Bienal
1090 1548 109 48 do
1145 1548 164 48 Museu
1236 1548 73 48 de

324 1586 165 40 Arte
427 1586 227 40 Mnderna
592 1586 103 40 —
634 1586 227 40 Outubro
799 1586 103 40 a
840 1586 247 40 Dezembro
1025 1586 124 40 de
1087 1586 165 40 1951
1190 1586 103 40 —
1211 1586 103 40 São

331 1620 173 47 Pa’ilo,
442 1620 158 47 Brasile»

395 1676 102 39 E’
446 1676 221 39 facultado
616 1676 119 39 aos
683 1676 204 39 artistas
836 1676 271 39 apresentarem
1057 1676 102 39 os
1107 1676 170 39 mesmos
1209 1676 102 39 tra-

326 1716 176 39 balhos
450 1716 123 39 com
520 1716 211 39 legendas
678 1716 106 39 em
731 1716 194 39 francès
872 1716 106 39 ou
925 1716 176 39 inglès
1048 1716 158 39 (além
1154 1716 106 39 do
1189 1716 123 39 texto

749 1802 94 41 36
