1641 2087
321 244 157 46 Para
435 244 157 46 projeto
549 244 86 46 de
592 244 185 46 arquiteto
734 244 214 46 estrangeiro
906 244 100 46 nuo
963 244 185 46 residente
1105 244 86 46 no
1134 244 171 46 Brasi.

381 300 309 46 Ramenzoni
619 300 190 46 (Cr8
738 300 333 46 30.000,00)
999 300 119 46 e
1047 300 214 46 Museu
1189 300 143 46 de
1237 300 71 46 »

449 341 171 45 Arte
556 341 236 45 Moderna
727 341 128 45 de
791 341 150 45 São
877 341 278 45 Paulo....
1069 341 236 45 50.000,00

320 403 178 57 Para
449 403 178 57 projeto
579 403 97 57 de
628 403 211 57 habitaçdo
773 403 49 57 —

347 452 564 51 Jafet.
685 452 621 51 50.000,00

322 508 148 55 Para
429 508 148 55 projeto
537 508 81 55 de
578 508 162 55 edificio
699 508 81 55 de
740 508 94 55 uso
780 508 216 55 pâblico:

367 564 368 44 Moreira
634 564 435 44 Salles...
935 564 368 44 50.000,00

321 628 154 47 Para
433 628 154 47 projeto
545 628 84 47 de
587 628 168 47 edificio
713 628 84 47 de
755 628 98 47 uso
797 628 196 47 técnico

386 675 202 43 Cândido
533 675 386 43 Fontoura.........
864 675 313 43 .............
1103 675 202 43 50.000,00

321 732 167 46 Para
442 732 167 46 projeto
564 732 91 46 de
610 732 228 46 organizaçao
792 732 91 46 de
837 732 167 46 grandes
944 732 167 46 âreas

383 780 282 47 Cotonificio
609 780 245 47 Guilherme
797 780 376 47 Giorgi..........
1098 780 207 47 50.000,00

321 855 157 44 Para
435 855 157 44 projeto
550 855 86 44 de
593 855 186 44 estudante
736 855 86 44 de
764 855 258 44 arquitetura;

383 909 226 61 Boavista
552 909 113 61 de
609 909 564 61 Seguros...................
1097 909 207 61 25.000,00

320 972 157 46 Para
434 972 157 46 projeto
548 972 86 46 de
591 972 186 46 estudante
734 972 86 46 de
762 972 257 46 arquitetura;

382 1022 241 53 Raymundo
562 1022 200 53 Castro
703 1022 461 53 Maia...............
1084 1022 220 53 15.000,00

317 1084 160 47 Poro
434 1084 160 47 projeto
551 1084 87 47 de
594 1084 189 47 estudante
740 1084 87 47 de
769 1084 248 47 arqitetura;

381 1116 230 63 Elétrica
554 1116 154 63 Real
649 1116 173 63 Ltda.
765 1116 422 63 ..................
1110 1116 192 63 10.00000

320 1196 157 39 Para
434 1196 157 39 projeto
548 1196 86 39 de
591 1196 186 39 estudante
734 1196 86 39 de
763 1196 257 39 arquitetura;

380 1236 215 56 Claudio
537 1236 118 56 de
596 1236 588 56 Carvalho..................
1105 1236 196 56 10.00000

317 1307 158 40 Para
431 1307 158 40 projeto
546 1307 86 40 de
589 1307 186 40 estudante
732 1307 86 40 de
761 1307 258 40 arquiteturo;

381 1349 192 53 Textil
515 1349 653 53 Ka-bo.........................
1091 1349 211 53 10.000,00

320 1404 153 55 Para
431 1404 139 55 melhor
529 1404 153 55 soluçήo
626 1404 236 55 estrutural

372 1460 292 47 Estacas
585 1460 531 47 Beotti..........
1010 1460 292 47 10.000,00

650 1556 271 47 CERAMICA

1149 1619 120 48 Cr8

306 1675 242 39 Dante
467 1675 645 39 Carraro.............
1005 1675 295 39 20.000,00

307 1716 291 40 Cristais
525 1716 630 40 Prado.................
1058 1716 242 40 10.00000

731 1805 100 38 42
