1928 3064
252 336 192 49 La
379 336 234 49 Socièté
550 336 149 49 des
635 336 256 49 Artistes
827 336 362 49 indépendants,
1125 336 192 49 basée
1253 336 149 49 sur
1317 336 170 49 la

292 389 384 57 suppression
612 389 149 57 des
697 389 192 57 Jurys
825 389 342 57 d’admission,
1103 389 107 57 a
1145 389 171 57 pour
1252 389 149 57 but
1316 389 171 57 de

292 446 324 59 permettre
555 446 142 59 aux
636 446 243 59 Artistés
818 446 122 59 de
879 446 263 59 présenter
1082 446 263 59 librement
1264 446 223 59 leurs

293 493 262 72 œuvres
495 493 121 72 au
555 493 242 72 jugement
737 493 121 72 du
777 493 262 72 public.

467 848 663 184 DÉSIGNATION

244 1119 262 94 ALBERT,
435 1119 286 94 Adolphe,
650 1119 143 94 né
721 1119 119 94 à
769 1119 239 94 Paris.
936 1119 119 94 —
984 1119 167 94 16,
1079 1119 239 94 avenue
1223 1119 262 94 Trudaine.

440 1184 183 88 1.
566 1184 155 88 Portrait.

410 1250 207 85 *2.
558 1250 118 85 Étude.

408 1302 240 85 *3
597 1302 154 85 Triel
682 1302 309 85 (Seine

404 1360 216 81 *4.
561 1360 255 81 Carrières
757 1360 157 81 sous
836 1360 176 81 Poissy.

407 1425 246 78 *5
601 1425 299 78 Petit-Andelys
830 1425 158 78 (Eure).

325 1476 243 82 *6
507 1476 304 82 Vernouillet
750 1476 304 82 (S.-et-O.).
973 1476 182 82 Pastel.

410 1541 224 85 *7
582 1541 173 85 Étude.
686 1541 155 85 Pastel.

406 1603 237 76 *8
588 1603 164 76 Cadre
697 1603 109 76 de
733 1603 164 76 dessins

434 1668 185 82 9
562 1668 156 82 Portrait.

242 1744 293 126 ANGRAND,
461 1744 293 126 Charles.
681 1744 122 126 —
730 1744 171 126 45,
828 1744 317 126 boulevard
1072 1744 171 126 des
1145 1744 342 126 Batignolles.

268 1841 187 60 Paris.

405 1911 219 79 10
574 1911 101 79 Le
607 1911 135 79 matin.

403 1976 226 62 11
580 1976 97 62 Le
613 1976 145 62 fumier.

398 2001 249 107 12
594 2001 125 107 Les
665 2001 178 107 meules
790 2001 107 107 de
825 2001 107 107 blé.

402 2092 238 84 13
589 2092 119 84 Les
640 2092 170 84 cochons.

399 2148 238 73 14
586 2148 102 73 La
637 2148 170 73 grande
739 2148 136 73 jatte.

401 2211 215 93 15
557 2211 117 93 Un
615 2211 156 93 çoin
713 2211 117 93 de
752 2211 137 93 parc.

405 2265 202 66 16
546 2265 125 66 Étude.

285 2358 119 83 (1)
353 2358 271 83 L’astérisque
573 2358 152 83 placé
674 2358 85 83 à
708 2358 135 83 côté
793 2358 119 83 des
861 2358 186 83 numéros
996 2358 186 83 indique
1132 2358 119 83 les
1199 2358 169 83 œuvres
1318 2358 85 83 à
1335 2358 152 83 vefdre.

285 2424 99 58 On
335 2424 132 58 peut
418 2424 99 58 se
467 2424 215 58 procurer,
632 2424 99 58 au
682 2424 248 58 Secrétariat
880 2424 99 58 de
930 2424 281 58 l’Exposition,
1161 2424 132 58 tous
1243 2424 116 58 les
1293 2424 198 58 renseigne-

253 2461 150 68 ments
353 2461 250 68 nécessaires
554 2461 83 68 à
587 2461 184 68 l’achat
721 2461 117 68 des
788 2461 217 68 ouvrages,
955 2461 134 68 prix
1038 2461 117 68 des
1105 2461 167 68 œuvres
1222 2461 100 68 et
1272 2461 200 68 adresses
1406 2461 83 68 des

234 2525 179 73 auteurs.
