1928 3064
252 336 192 49 La
379 336 234 49 Socièté
550 336 149 49 des
635 336 256 49 Artistes
827 336 362 49 indépendants,
1125 336 192 49 basée
1253 336 149 49 sur
1317 336 170 49 la

292 389 384 57 suppression
612 389 149 57 des
697 389 192 57 Jurys
825 389 342 57 d’admission,
1103 389 107 57 a
1145 389 171 57 pour
1252 389 149 57 but
1316 389 171 57 de

292 446 324 59 permettre
555 446 142 59 aux
636 446 243 59 Artistés
818 446 122 59 de
879 446 263 59 présenter
1082 446 263 59 librement
1264 446 223 59 leurs

293 493 262 72 œuvres
495 493 121 72 au
555 493 242 72 jugement
737 493 121 72 du
777 493 262 72 public.

467 848 663 184 DÉSIGNATION

244 1119 262 94 ALBERT,
435 1119 286 94 Adolphe,
650 1119 143 94 né
721 1119 119 94 à
769 1119 239 94 Paris.
936 1119 119 94 —
984 1119 167 94 16,
1079 1119 239 94 avenue
1223 1119 262 94 Trudaine.

440 1184 183 88 1.
566 1184 155 88 Portrait.

410 1250 207 85 *2.
558 1250 118 85 Étude.

408 1302 240 85 *3
597 1302 154 85 Triel
682 1302 309 85 (Seine

404 1360 216 81 *4.
561 1360 255 81 Carrières
757 1360 157 81 sous
836 1360 176 81 Poissy.

407 1425 246 78 *5
601 1425 299 78 Petit-Andelys
830 1425 158 78 (Eure).

325 1476 243 82 *6
507 1476 304 82 Vernouillet
750 1476 304 82 (S.-et-O.).
973 1476 182 82 Pastel.

410 1541 224 85 *7
582 1541 173 85 Étude.
686 1541 155 85 Pastel.

406 1603 237 76 *8
588 1603 164 76 Cadre
697 1603 109 76 de
733 1603 164 76 dessins

434 1668 185 82 9
562 1668 156 82 Portrait.

242 1744 293 126 ANGRAND,
461 1744 293 126 Charles.
681 1744 122 126 —
730 1744 171 126 45,
828 1744 317 126 boulevard
1072 1744 171 126 des
1145 1744 342 126 Batignolles.

268 1841 187 60 Paris.

405 1911 219 79 10
574 1911 101 79 Le
607 1911 135 79 matin.

403 1976 226 62 11
580 1976 97 62 Le
613 1976 145 62 fumier.

398 2001 249 107 12
594 2001 125 107 Les
665 2001 178 107 meules
790 2001 107 107 de
825 2001 107 107 blé.

402 2092 238 84 13
589 2092 119 84 Les
640 2092 170 84 cochons.

399 2148 238 73 14
586 2148 102 73 La
637 2148 170 73 grande
739 2148 136 73 jatte.

401 2211 215 93 15
557 2211 117 93 Un
615 2211 156 93 çoin
713 2211 117 93 de
752 2211 137 93 parc.

405 2265 202 66 16
546 2265 125 66 Étude.

285 2358 119 83 (1)
353 2358 271 83 L’astérisque
573 2358 152 83 placé
674 2358 85 83 à
708 2358 135 83 côté
793 2358 119 83 des
861 2358 186 83 numéros
996 2358 186 83 indique
1132 2358 119 83 les
1199 2358 169 83 œuvres
1318 2358 85 83 à
1335 2358 152 83 vefdre.

285 2424 99 58 On
335 2424 132 58 peut
418 2424 99 58 se
467 2424 215 58 procurer,
632 2424 99 58 au
682 2424 248 58 Secrétariat
880 2424 99 58 de
930 2424 281 58 l’Exposition,
1161 2424 132 58 tous
1243 2424 116 58 les
1293 2424 198 58 renseigne-

253 2461 150 68 ments
353 2461 250 68 nécessaires
554 2461 83 68 à
587 2461 184 68 l’achat
721 2461 117 68 des
788 2461 217 68 ouvrages,
955 2461 134 68 prix
1038 2461 117 68 des
1105 2461 167 68 œuvres
1222 2461 100 68 et
1272 2461 200 68 adresses
1406 2461 83 68 des

234 2525 179 73 auteurs.

908 321 201 91 —
988 321 201 91 4
1028 321 121 91 —

421 409 310 118 ANQUETIN,
659 409 238 118 Louis,
826 409 143 118 né
898 409 119 118 à
945 409 334 118 Étrépagny.
1207 409 119 118 —
1255 409 167 118 62,
1350 409 167 118 rue
1446 409 143 118 de
1493 409 167 118 Romé.

451 493 179 84 Paris.

581 561 240 87 17
765 561 147 87 Tête
839 561 184 87 d’homme.

414 667 269 100 ARGENCE
609 667 220 100 (d’),
755 667 269 100 Eugène,
951 667 147 100 né
1024 667 122 100 à
1073 667 244 100 Paris.
1244 667 122 100 —
1293 667 171 100 21,
1390 667 171 100 rue
1464 667 195 100 Saint

437 753 294 74 Ferdinand.

573 838 231 68 18
739 838 165 68 Automne.

576 901 261 91 19
781 901 130 91 Vue
856 901 168 91 prise
967 901 93 91 à
1005 901 223 91 Venteuil
1172 901 279 91 (appartient
1395 901 93 91 à
1433 901 130 91 Mme
1507 901 112 91 de
1544 901 112 91 L.).

574 951 219 86 20
746 951 156 86 Soleil
840 951 156 86 d’hiver.

563 1026 248 72 21
758 1026 195 72 Vieille
900 1026 177 72 maison
1024 1026 89 72 à
1042 1026 177 72 Jouarre.

570 1076 266 67 22
779 1076 190 67 Chemin
912 1076 266 67 descendant
1122 1076 95 67 à
1160 1076 171 67 Creil
1274 1076 285 67 (appartient
1502 1076 95 67 à
1540 1076 114 67 M.
1578 1076 76 67 G.

350 1133 573 82 Popelin).

569 1185 253 95 23
768 1185 127 95 Les
840 1185 181 95 algues
967 1185 181 95 vertes
1075 1185 217 95 (Tréport).

574 1254 244 103 24
766 1254 210 103 Derrière
923 1254 210 103 l’église
1062 1254 210 103 (Tréport).

569 1317 239 82 25
757 1317 102 82 La
808 1317 154 82 plage
893 1317 205 82 (Tréport).

571 1378 238 82 26.
758 1378 153 82 Étude
860 1378 102 82 de
894 1378 204 82 peupliers.

571 1433 235 84 27
756 1433 151 84 Étude
856 1433 101 84 de
890 1433 184 84 feuilles.

410 1514 225 112 AUBIN,
568 1514 203 112 Paul,
703 1514 135 112 né
771 1514 113 112 à
816 1514 135 112 La
883 1514 495 112 Mothe-Saint-Heraye
1289 1514 360 112 (Deux

457 1614 116 81 —
503 1614 139 81 6,
573 1614 163 81 rue
666 1614 371 81 Boissonnade.
944 1614 186 81 Paris.

541 1690 313 84 *28
792 1690 146 84 Les
875 1690 272 84 montagnes
1084 1690 125 84 de
1147 1690 334 84 Château-Neuf
1397 1690 251 84 Martigues,

666 1769 270 64 Provence.

539 1798 282 101 *29
765 1798 132 101 Une
840 1798 169 101 route
953 1798 113 101 en
991 1798 207 101 Provence.

543 1893 287 71 *30
772 1893 401 71 Miramas-le-Vieux,
1097 1893 210 71 Provence.

563 1963 265 69 31
767 1963 122 69 Le
828 1963 245 69 quartier
1011 1963 143 69 des
1093 1963 245 69 pêcheurs
1277 1963 102 69 à
1318 1963 286 69 Martigues,
1522 1963 122 69 Pro

676 2012 196 67 vence.

406 2108 257 95 AUTHIER
593 2108 257 95 (Mlle),
779 2108 327 95 Henriette,
1037 2108 164 95 néé
1130 2108 117 95 à
1177 2108 257 95 Moulins
1364 2108 304 95 (Allier).
1574 2108 70 95 —

454 2199 155 71 Rue
542 2199 133 71 de
609 2199 287 71 l’Oiseau,
808 2199 88 71 7.

526 2258 279 99 *32
750 2258 186 99 Vaches
880 2258 112 99 au
917 2258 205 99 pâturage.

526 2336 279 88 *33
750 2336 260 88 Calendrier
954 2336 112 88 de
1010 2336 186 88 Flore.
1140 2336 149 88 Mai.
1233 2336 186 88 Lilas,
1344 2336 205 88 pivoines.

525 2408 271 77 *34
742 2408 217 77 Visiteur
905 2408 217 77 matinal.
1068 2408 163 77 Effet
1176 2408 109 77 de
1212 2408 145 77 neige.

524 2459 306 98 *35
768 2459 122 98 La
829 2459 306 98 paresseuse,
1074 2459 244 98 paysanne
1257 2459 326 98 bourbonnaise
1522 2459 122 98 et
1563 2459 81 98 sa

676 2523 313 84 grand’mère.
