1928 3064
252 395 364 67 BARABANDY,
538 395 312 67 Richard,
772 395 156 67 né
850 395 130 67 à
901 395 260 67 Milan.
1083 395 130 67 —
1135 395 182 67 56,
1239 395 260 67 avenue
1395 395 104 67 de

306 457 209 85 Clichy
432 457 209 85 (Paris).

403 534 239 74 36
591 534 154 74 Paris
693 534 137 74 dans
778 534 102 74 la
813 534 102 74 rue.

402 598 244 62 37
593 598 157 62 Paris
698 598 140 62 dans
785 598 105 62 la
820 598 105 62 rue.

384 665 456 84 38
735 665 316 84 Paris
946 665 281 84 dans
1121 665 211 84 la
1226 665 281 84 rue.
1367 665 105 84 »

258 744 327 136 BELLANGER,
515 744 280 136 Auguste,
725 744 140 136 né
795 744 117 136 à
842 744 280 136 Villette
1052 744 467 136 (Seine-et-Oise).
1426 744 70 136 —

308 835 125 94 1,
371 835 146 94 rue
454 835 230 94 Leclerc
600 835 209 94 (Paris).

401 895 268 101 39
611 895 172 101 L’ami
726 895 115 101 G.
783 895 134 101 par
860 895 115 101 30
917 895 191 101 degrés
1051 895 115 101 de
1089 895 191 101 chaleur.

405 973 242 87 40
595 973 104 87 La
647 973 156 87 place
751 973 104 87 de
803 973 208 87 l’église
959 973 104 87 au
993 973 156 87 soleil.

406 1035 246 80 41
600 1035 105 80 La
652 1035 158 80 plage
740 1035 176 80 d’Erquy.

403 1095 269 75 42
614 1095 230 75 Portrait
787 1095 115 75 de
844 1095 134 75 Mme
921 1095 115 75 M.
979 1095 115 75 de
1017 1095 77 75 B.

401 1149 260 98 43
606 1149 223 98 Portrait
773 1149 112 98 de
829 1149 149 98 Mlle
922 1149 242 98 Henriette
1090 1149 74 98 G.

405 1211 224 81 44.
573 1211 112 81 Le
629 1211 149 81 port
722 1211 112 81 de
759 1211 168 81 Piriac.

405 1272 243 80 45
596 1272 139 80 Coin
683 1272 104 80 de
717 1272 174 80 rochers.

404 1331 255 86 46
604 1331 109 86 Le
659 1331 182 86 chemin
786 1331 109 86 du
823 1331 218 86 cimetière.

397 1365 309 116 47
640 1365 132 116 La
706 1365 265 116 mauvaise
904 1365 287 116 nouvelle.
1125 1365 199 116 Erquy
1235 1365 265 116 (Côtes

527 1455 200 71 Nord).

401 1514 291 81 48
630 1514 125 81 En
692 1514 249 81 revenant
879 1514 125 81 de
941 1514 125 81 la
1003 1514 208 81 pêche.
1148 1514 187 81 Erquy
1252 1514 249 81 (Côtes

527 1573 201 84 Nord).

260 1659 276 120 BENOIST,
467 1659 574 120 Théophile-Maximilien,
972 1659 138 120 né
1041 1659 115 120 à
1087 1659 230 120 Paris.
1247 1659 115 120 —
1293 1659 161 120 44,
1362 1659 138 120 pas-

308 1746 188 96 sage
425 1746 164 96 des
495 1746 329 96 Thermopyles.

392 1820 266 81 *49
605 1820 177 81 Nature
711 1820 142 81 morte.

394 1889 231 74 *50
563 1889 138 74 Fleurs.

396 1935 284 94 *51
623 1935 170 94 Étang
737 1935 95 94 à
775 1935 208 94 Lozère,
926 1935 151 94 près
1002 1935 151 94 Orsay.

416 2010 246 77 52
610 2010 193 77 Fleurs.
733 2010 211 77 Aquarelle.

391 2060 260 92 *53
599 2060 191 92 Fleurs.
720 2060 208 92 Aquarelle.

262 2179 329 81 BERCIOUX,
515 2179 430 81 Jean-Charles,
869 2179 152 81 né
945 2179 127 81 à
996 2179 253 81 Paris.
1173 2179 127 81 —
1224 2179 253 81 5Ubis,
1375 2179 127 81 rue

290 2247 158 72 Cler.

392 2318 272 81 *54
609 2318 199 81 Raisins
736 2318 217 81 d’Espagne.

390 2380 268 82 *55
605 2380 161 82 Roses
694 2380 215 82 trémières.

392 2446 294 56 *56
627 2446 176 56 Étang
745 2446 157 56 près
823 2446 392 56 Montfort

394 2503 274 92 *57
613 2503 164 92 Forêt
723 2503 110 92 de
759 2503 256 92 Rambouillet.
