1928 3064
1034 313 218 99 10
1106 313 109 99 —

465 420 305 71 CAILLAUD;
699 420 258 71 Alfred,
886 420 141 71 né
956 420 117 71 à
1003 420 141 71 La
1074 420 305 71 Rochelle.
1308 420 117 71 —
1355 420 164 71 11,
1448 420 258 71 impasse
1612 420 94 71 du

164 484 1496 89 Maine.

596 544 239 84 148
771 544 191 84 Fantaisie.

572 619 586 66 149
1041 619 274 66 Les
1158 619 430 66 fromages.

587 663 412 85 150
916 663 330 85 Fromages
1163 663 165 85 et
1246 663 302 85 fruits.
1466 663 137 85 .

595 729 256 72 151
799 729 119 72 Les
851 729 153 72 moules.

595 792 259 71 152
785 792 190 71 Chaudron.

465 847 305 147 CAILLOT,
693 847 254 147 Roger,
871 847 152 147 né
947 847 127 147 à
998 847 381 147 Strasbourg.
1303 847 127 147 —
1353 847 178 147 25,
1455 847 178 147 rue
1531 847 178 147 Véron

488 941 223 86 (Paris).

543 988 329 101 **153
813 988 116 101 Un
871 988 155 101 coin
968 988 116 101 de
1026 988 193 101 Paris,
1162 988 116 101 le
1200 988 155 101 matin.

572 1067 295 63 *154
811 1067 166 63 Étude
921 1067 110 63 de
958 1067 166 63 cheval.

575 1120 273 89 *155
780 1120 170 89 Paysage.

569 1181 312 87 *156
823 1181 234 87 Couchers
999 1181 117 87 du
1057 1181 195 87 soleil
1194 1181 117 87 en
1233 1181 117 87 mer.

570 1249 304 118 *157
817 1249 209 118 Marines
968 1249 114 118 (4
1006 1249 228 118 pannéaux).

472 1362 281 71 CARABIN,
683 1362 469 71 François-Rupert,
1081 1362 141 71 né
1151 1362 117 71 à
1198 1362 258 71 Saverne
1386 1362 352 71 (Bas-Rhin).
1644 1362 70 71 —

523 1429 134 61 10
590 1429 291 61 boulevard
814 1429 224 61 Barbès
948 1429 224 61 (Paris).

573 1482 293 78 *158
811 1482 275 78 Wetterhexe.
1013 1482 128 78 Cire.

571 1544 286 69 *159
804 1544 304 69 Supplication.
1036 1544 125 69 Cire.

575 1600 272 79 *160
796 1600 187 79 Prière.
915 1600 119 79 Cire.

573 1668 287 77 *161
802 1668 191 77 Étude.
936 1668 249 77 Équilibre
1127 1668 191 77 boule.
1242 1668 134 77 Cire.

576 1719 292 98 *162
813 1719 183 98 Étude.
923 1719 219 98 Équilibre.

477 1799 328 113 CARL-ROSA,
734 1799 234 113 Mario,
898 1799 140 113 né
968 1799 117 113 à
1015 1799 257 113 Loudun.
1202 1799 117 113 —
1249 1799 164 113 30,
1343 1799 281 113 faubourg
1530 1799 187 113 Saint

497 1888 233 78 Honoré.

579 1955 285 75 *163
811 1955 107 75 En
846 1955 178 75 Sologne.

603 1973 303 135 164
845 1973 121 135 La
906 1973 182 135 Seine
1027 1973 101 135 à
1068 1973 222 135 Chatou.
1230 1973 182 135 Effet
1351 1973 283 135 d’automné.
1553 1973 162 135 Étude.

475 2098 425 108 CHARMOILLE,
814 2098 509 108 André-Édouard,
1239 2098 170 108 né
1324 2098 142 108 à
1380 2098 368 108 Besançon.
1635 2098 85 108 —

534 2172 148 82 13,
619 2172 148 82 rue
703 2172 148 82 des
788 2172 212 82 Halles
915 2172 212 82 (Paris).

609 2233 288 80 165
839 2233 115 80 Un
897 2233 154 80 coin
993 2233 115 80 du
1050 2233 154 80 quai
1127 2233 192 80 d’Orsay.

606 2285 307 90 166
847 2285 132 90 Le
913 2285 285 90 Pont-Neuf
1132 2285 153 90 sur
1220 2285 132 90 la
1286 2285 197 90 berge
1417 2285 132 90 du
1483 2285 175 90 quai
1592 2285 132 90 de
1636 2285 88 90 la

743 2362 293 73 Mégisserie.

610 2416 289 71 167
841 2416 115 71 Le
898 2416 154 71 port
995 2416 327 71 Saint-Nicolas
1264 2416 96 71 à
1303 2416 192 71 Paris)
1418 2416 231 71 Aquarelle.

604 2478 300 72 168
840 2478 129 72 Le
904 2478 172 72 Pont
1011 2478 193 72 Royal
1140 2478 129 72 vu
1204 2478 129 72 du
1247 2478 472 72 port

766 2527 268 90 Aquarelle.
