1928 3064
952 331 188 71 —
1028 331 226 71 14
1103 331 113 71 —

561 410 279 76 *240
787 410 192 76 Sentier
927 410 87 76 à
945 410 209 76 Villejuif.

564 468 281 81 *241
793 468 175 81 Entrée
915 468 105 81 de
951 468 175 81 village.

592 529 234 77 242
779 529 93 77 Il
810 529 125 77 neige.

563 590 269 76 *243
782 590 101 76 La
815 590 135 76 dives.

566 646 245 87 *244
759 646 88 87 A
777 646 210 87 Villejuif.

561 710 286 88 *245
793 710 143 88 Deux
883 710 179 88 belles
990 710 250 88 vieillesses.

460 798 268 122 DEBRAY,
655 798 487 122 Eugène-Frédéric,
1069 798 146 122 né
1142 798 122 122 à
1190 798 244 122 Paris.
1361 798 122 122 —
1410 798 171 122 47,
1507 798 171 122 rue
1580 798 122 122 des

487 887 307 80 Batignolles.

586 934 276 100 246
806 934 166 100 Clair
917 934 110 100 de
972 934 147 100 lune
1064 934 110 100 au
1101 934 166 100 moulin.

586 1012 271 79 247
802 1012 180 79 Etude.
911 1012 198 79 Berneval.

588 1069 254 80 248
775 1069 220 80 Crépuscule.

585 1135 282 70 249
811 1135 132 70 Les
886 1135 244 70 boudeurs.
1074 1135 169 70 Clair
1187 1135 113 70 de
1224 1135 132 70 lune.

584 1192 280 93 250
809 1192 187 93 Étude.
921 1192 280 93 Méditerranée.

461 1273 344 115 DECONCHY,
725 1273 370 115 Ferdinand,
1016 1273 159 115 né
1095 1273 132 115 à
1148 1273 265 115 Paris.
1334 1273 132 115 —
1387 1273 185 115 15,
1466 1273 238 115 impasse

485 1366 217 85 Hélène.

588 1435 269 75 251
786 1435 215 75 Promenade.

494 1488 310 83 252
742 1488 165 83 Sous
846 1488 186 83 bois,
969 1488 124 83 le
1011 1488 165 83 matin.

591 1558 257 72 253
796 1558 137 72 Bord
882 1558 103 72 de
916 1558 137 72 l’eau.

589 1609 299 79 254
828 1609 199 79 Chemin
967 1609 199 79 Romain
1107 1609 100 79 à
1127 1609 159 79 Alger.

590 1675 289 71 255
821 1675 173 71 Ferme
917 1675 250 71 abandonnée.

592 1732 244 80 256
787 1732 195 80 Falaise.
917 1732 146 80 Soleil.

591 1800 269 71 257
806 1800 215 71 Falaise.
967 1800 161 71 Temps
1057 1800 125 71 gris.

464 1874 323 126 DELACOUR,
713 1874 348 126 Hippolyte,
986 1874 149 126 né
1061 1874 124 126 à
1110 1874 249 126 Paris.
1284 1874 124 126 —
1309 1874 398 126 Villeneuve-

517 1956 248 89 Garenne
674 1956 225 89 (Seine).

566 2029 321 77 *258
827 2029 201 77 Bateau
967 2029 261 77 désemparé
1168 2029 120 77 au
1228 2029 201 77 plein,
1369 2029 100 77 à
1409 2029 241 77 Herelle,
1570 2029 141 77 Gran-

802 2086 199 82 ville
912 2086 243 82 (Manche).

568 2130 320 99 *259
828 2130 180 99 Cadre
948 2130 260 99 d’études,
1149 2130 120 99 le
1209 2130 160 99 Bout
1309 2130 120 99 du
1369 2130 160 99 Roc,
1469 2130 120 99 la
1529 2130 180 99 Grève
1629 2130 80 99 du

802 2215 182 73 Nord
916 2215 182 73 dans
1029 2215 136 73 le
1097 2215 204 73 petit
1233 2215 227 73 bassin
1392 2215 136 73 et
1460 2215 136 73 le
1528 2215 182 73 port
1619 2215 91 73 de

758 2267 979 70 Granville.

566 2328 316 68 *260
823 2328 197 68 Écluse
961 2328 118 68 du
1020 2328 178 68 canal
1138 2328 99 68 à
1178 2328 296 68 Saint-Denis
1395 2328 197 68 (Seine).

566 2390 324 71 *861
829 2390 121 71 La
889 2390 202 71 vallée
1031 2390 121 71 du
1092 2390 162 71 Bosc
1193 2390 101 71 à
1233 2390 263 71 Granville
1415 2390 223 71 (Manche).

568 2449 304 71 *262
815 2449 152 71 Dans
910 2449 304 71 l’avant-port
1156 2449 114 71 de
1194 2449 228 71 Granville.

565 2508 305 82 *263
813 2508 210 82 Falaise
965 2508 114 82 de
1022 2508 248 82 Donville,
1213 2508 152 82 près
1289 2508 229 82 Granville.
