1928 3064
736 318 207 74 ——
839 318 207 74 15
908 318 103 74 —

351 387 343 103 *264
629 387 193 103 Cadre
757 387 278 103 d’études,
972 387 193 103 bords
1100 387 128 103 de
1164 387 128 103 la
1229 387 300 103 Seinem-N.3
1443 387 64 103 ;

351 465 312 94 *265
604 465 176 94 Cadre
721 465 254 94 d’études,
916 465 117 94 la
975 465 176 94 route
1092 465 117 94 de
1150 465 254 94 Donville;
1345 465 117 94 le
1384 465 117 94 port

583 537 131 70 de
649 537 306 70 Granville,
889 537 218 70 quatre
1042 537 240 70 marines
1216 537 175 70 dans
1325 537 131 70 le
1369 537 131 70 bas-

583 587 152 82 sin
670 587 130 82 de
714 587 260 82 Granville.

346 654 335 87 *266
618 654 188 87 Cadre
744 654 272 87 d’études,
953 654 126 87 le
1016 654 167 87 bout
1120 654 126 87 du
1183 654 188 87 havre
1309 654 126 87 de
1351 654 146 87 Gran-

581 714 207 88 ville,
726 714 186 88 trois
851 714 249 88 environs
1037 714 124 88 de
1078 714 249 88 Granvillez

336 767 504 83 *267
745 767 441 83 Granville,
1091 767 441 83 Manche.075
1406 767 94 83 1

248 853 270 117 DELANGLE,
456 853 270 117 Théodore,
663 853 124 117 né
725 853 104 117 à
767 853 207 117 Paris.
912 853 104 117 —
954 853 124 117 18
1016 853 311 117 bis
1265 853 228 117 impasse
1410 853 83 117 di

268 936 203 75 Maine.

342 966 326 127 *268
607 966 245 127 Carrière
790 966 285 127 abandonnée
1014 966 163 127 dans
1116 966 143 127 les
1177 966 265 127 moulineaux.

347 1057 275 94 *269
570 1057 155 94 Effet
673 1057 103 94 de
708 1057 137 94 neige.

347 1116 282 83 *270
559 1116 229 83 Baigneuses.

333 1168 469 100 *271
708 1168 281 100 Étang
895 1168 188 100 de
989 1168 406 100 Chaville.

346 1245 304 77 *272
593 1245 133 77 Ile
669 1245 114 77 de
707 1245 285 77 Billancourt..

347 1303 262 96 *273
543 1303 164 96 Saulaie.

244 1428 149 80 DE
319 1428 149 80 LA
393 1428 273 80 VILLÉON
592 1428 893 80 (Emmanuel-Victor-Auguste-Marie),
1386 1428 99 80 né

291 1487 111 62 à
335 1487 266 62 Fougères
535 1487 465 62 (Ile-et-Vilaine).
933 1487 111 62 —
978 1487 222 62 80,rue
1133 1487 266 62 d’Assas.
1310 1487 177 62 Paris.

345 1549 282 81 *274
575 1549 159 81 Étude
681 1549 106 81 de
716 1549 159 81 fleurs.

343 1615 327 67 *275
608 1615 123 67 En
670 1615 266 67 Hollande.
874 1615 123 67 Un
936 1615 164 67 coin
1038 1615 123 67 de
1099 1615 164 67 quai
1202 1615 102 67 à
1222 1615 266 67 Amisterdam.

508 1674 256 73 Prairie
694 1674 186 73 près
810 1674 140 73 de
857 1674 302 73 Wormerveer.

506 1722 139 77 La
575 1722 209 77 plage
715 1722 139 77 de
761 1722 279 77 Zandvoort,

503 1791 184 63 La
595 1791 460 63 Brédestraat
964 1791 153 63 à
1025 1791 307 63 Leyde.
1209 1791 92 63 6

551 1844 134 97 En
618 1844 291 97 Hollande.
841 1844 268 97 L’Amstel
1043 1844 134 97 au
1110 1844 224 97 soleil
1244 1844 246 97 couchant.

345 1896 284 110 1276
568 1896 243 110 Beverviyk.

525 1966 320 78 Muiderberg.

382 2034 1066 73 Kromenie.

341 2090 341 79 *277
618 2090 256 79 Environs
810 2090 128 79 de
874 2090 256 79 Zaandam:
1066 2090 213 79 Moulin
1215 2090 107 79 à
1257 2090 213 79 broyer
1385 2090 107 79 des

382 2142 1000 107 couleurs.

343 2202 316 84 *278
600 2202 158 84 Près
698 2202 158 84 Koog
777 2202 178 84 Zandyk.

344 2266 305 67 *279
592 2266 153 67 Près
668 2266 267 67 Voyk

370 2321 272 81 280
587 2321 163 81 Bords
696 2321 109 81 de
750 2321 109 81 la
786 2321 127 81 Zaan.

344 2375 326 93 *281
609 2375 183 93 Lever
731 2375 122 93 de
792 2375 163 93 lune
894 2375 122 93 en
935 2375 245 93 Bretagne.»

343 2435 311 76 *282
595 2435 272 76 Digitales,
809 2435 175 76 brume
926 2435 117 76 du
965 2435 155 76 matin.

339 2496 350 112 *283
624 2496 306 112 Digitales,
864 2496 131 112 au
930 2496 219 112 soleil
1083 2496 241 112 levant.

1200 2591 99 48 2
