1928 3064
929 309 193 69 —
1007 309 232 69 16
1084 309 116 69 —

438 388 144 86 DE
510 388 288 86 RÉGOYOS,
726 388 240 86 Dario,
893 388 144 86 né
965 388 120 86 à
1013 388 168 86 San
1109 388 311 86 Sébastien
1325 388 288 86 (Espagne).

563 457 259 91 284
770 457 173 91 Ruines
874 457 190 91 d’église.

539 525 286 76 *285
772 525 143 76 Fète
843 525 161 76 Basque.

538 593 311 73 *286
791 593 117 73 La
849 593 272 73 confession
1063 593 175 73 (Pays
1160 593 195 73 Basque).

540 643 299 78 *287
783 643 206 78 Rivière
933 643 93 78 à
970 643 131 78 sec
1026 643 318 78 (Méditerranée).

442 755 292 124 DERONDEL
661 755 243 124 (Mme),
831 755 146 124 né
904 755 122 124 à
953 755 438 124 Bourg-la-Reine
1318 755 292 124 (Seine).
1537 755 122 124 —
1561 755 122 124 92,

452 845 151 98 rue
539 845 130 98 de
604 845 130 98 la
669 845 173 98 Mâre
755 845 476 98 (Paris

569 917 242 68 288
746 917 178 68 Causette.

565 965 271 104 289
782 965 145 104 Deux
872 965 181 104 petits
980 965 181 104 joueurs.

568 1040 255 77 290
772 1040 136 77 Sans
840 1040 119 77 gène.

441 1130 355 123 DESCHAMPS,
720 1130 330 123 Frédéric,
974 1130 152 123 né
1050 1130 127 123 à
1100 1130 406 123 Henrichemont
1430 1130 279 123 (Cher).
1608 1130 76 123 —

466 1229 331 86 18,
655 1229 520 86 impasse
1033 1229 284 86 du
1175 1229 473 86 Maine.
1458 1229 142 86 »

564 1290 296 84 291
801 1290 138 84 Une
880 1290 138 84 rue
959 1290 99 84 à
998 1290 118 84 la
1057 1290 197 84 Garde,
1195 1290 158 84 près
1294 1290 197 84 Toulon
1412 1290 158 84 (Vark.

564 1351 287 67 292
794 1351 134 67 Une
870 1351 134 67 rue
947 1351 96 67 à
985 1351 115 67 la
1043 1351 192 67 Garde,
1177 1351 153 67 près
1254 1351 172 67 Toulon.

564 1410 293 80 293
799 1410 137 80 Une
877 1410 137 80 rue
955 1410 98 80 à
994 1410 117 80 la
1053 1410 195 80 Garde,
1190 1410 156 80 près
1268 1410 176 80 Toulon.

563 1477 294 67 294
798 1477 137 67 Une
877 1477 137 67 rue
955 1477 98 67 à
994 1477 117 67 la
1053 1477 196 67 Garde,
1190 1477 157 67 près
1268 1477 176 67 Toulon.

565 1537 288 73 295
795 1537 134 73 Une
872 1537 134 73 rue
948 1537 96 73 à
987 1537 115 73 la
1044 1537 192 73 garde,
1179 1537 153 73 près
1255 1537 173 73 Toulon.

565 1602 303 65 296
807 1602 141 65 Une
888 1602 141 65 rue
968 1602 101 65 à
1009 1602 121 65 la
1069 1602 202 65 Garde,
1210 1602 161 65 près
1311 1602 222 65 Toulon.
1452 1602 81 65 —:

565 1659 288 68 297
795 1659 134 68 Une
872 1659 134 68 rue
949 1659 96 68 à
987 1659 115 68 la
1045 1659 192 68 Garde,
1179 1659 154 68 près
1256 1659 173 68 Toulon.

564 1727 290 59 298
796 1727 135 59 Une
873 1727 135 59 rue
950 1727 97 59 à
989 1727 116 59 la
1047 1727 193 59 Garde,
1183 1727 155 59 près
1260 1727 174 59 Toulon.

564 1783 290 77 299
796 1783 136 77 Une
873 1783 136 77 rue
951 1783 97 77 à
990 1783 116 77 la
1048 1783 194 77 Garde,
1183 1783 155 77 près
1261 1783 174 77 Toulon.

562 1839 294 81 800
798 1839 137 81 Une
876 1839 137 81 rue
954 1839 98 81 à
993 1839 118 81 la
1052 1839 196 81 Garde,
1189 1839 157 81 près
1268 1839 176 81 Toulon.

438 1970 330 60 DESCHAMPS
692 1970 254 60 (Mme),
870 1970 280 60 F.-Al.,
1073 1970 178 60 née
1175 1970 127 60 à
1226 1970 280 60 Alençon
1429 1970 280 60 (Orne).
1607 1970 76 60 —

494 2034 149 70 12,
579 2034 149 70 rue
664 2034 213 70 Lahire
792 2034 213 70 (Paris).

562 2080 291 107 301
795 2080 117 107 Un
853 2080 175 107 buste
970 2080 194 107 homme.
1086 2080 175 107 Plâtre.

561 2151 291 115 302
794 2151 117 115 Un
852 2151 175 115 buste
969 2151 194 115 femme.
1104 2151 175 115 Terre
1202 2151 155 115 cuite.

437 2259 293 145 DESLIENS
656 2259 293 145 (Mlles),
875 2259 244 145 Cécile
1046 2259 146 145 et
1119 2259 244 145 Marie,
1290 2259 195 145 nées
1412 2259 122 145 à
1436 2259 244 145 Chavenon

485 2358 283 89 (Allier).
703 2358 109 89 —
746 2358 131 89 7,
812 2358 152 89 rue
899 2358 131 89 de
942 2358 261 89 Vaugirard.

561 2419 278 89 303
784 2419 223 89 Portrait
951 2419 111 89 de
1007 2419 111 89 M.
1062 2419 186 89 Irénée
1174 2419 148 89 Blanc.

562 2491 245 81 304
742 2491 196 81 Jeannotte.
