1928 3064
928 294 195 68 —
967 294 156 68 22

437 363 254 84 GUÉRIN
615 363 178 84 DES
716 363 331 84 LONGRAIS,
971 363 483 84 Pierre-Charles.
1378 363 127 84 —
1429 363 204 84 174,
1530 363 153 84 fau-

486 437 203 85 bourg
621 437 338 85 Saint-Denis
868 437 225 85 (Paris).

559 501 292 82 411
792 501 117 82 Le
851 501 195 82 moulin
987 501 156 82 Réty
1085 501 97 82 à
1104 501 351 82 Néris

559 567 286 75 412
784 567 123 75 Un
845 567 205 75 chemin
988 567 123 75 le
1050 567 184 75 matin
1172 567 102 75 à
1193 567 368 75 Néris

561 623 301 88 413
802 623 121 88 Le
862 623 141 88 val
943 623 342 88 Saint-Germain
1224 623 161 88 près
1305 623 301 88 Saint

560 684 279 76 414
784 684 149 76 Sous
877 684 130 76 les
952 684 205 76 noyers.
1082 684 149 76 Étude.

433 816 331 103 GUÉRINOT,
687 816 306 103 Gustave,
916 816 153 103 né
993 816 127 103 à
1044 816 306 103 Corbeil.
1273 816 127 103 —
1324 816 229 103 Voulx
1451 816 229 103 (Seine

459 885 282 68 et

557 919 278 132 415
780 919 204 132 Coucher
928 919 111 132 de
984 919 185 132 soleil
1095 919 167 132 (Aude).

433 1089 351 87 GUILLAUMIN,
714 1089 258 87 Armand,
901 1089 141 87 né
971 1089 117 87 à
1018 1089 234 87 Paris.
1182 1089 117 87 —
1229 1089 141 87 8,
1299 1089 164 87 rue
1370 1089 305 87 Garancière.

527 1158 316 78 *416
784 1158 178 78 Femme
903 1158 119 78 et
962 1158 198 78 enfant
1100 1158 158 78 dans
1199 1158 138 78 une
1258 1158 198 78 prairie.

532 1217 262 77 *417
741 1217 157 77 Ivry.
828 1217 157 77 Pastel.

536 1278 301 72 *418
777 1278 241 72 Paysanne
937 1278 261 72 d’Auvergne.

529 1334 282 77 *419
758 1334 247 77 Intérieur.
934 1334 159 77 Pastel.

530 1395 281 79 *420
759 1395 141 79 Cour
847 1395 88 79 à
865 1395 193 79 Janville.

444 1451 313 84 *421
695 1451 167 84 Quai
778 1451 313 84 d’Austerlitz.

527 1518 314 64 *422
782 1518 196 64 Meules
919 1518 118 64 de
978 1518 157 64 foin
1076 1518 157 64 dans
1174 1518 137 64 une
1253 1518 235 64 prairie,
1429 1518 118 64 le
1468 1518 157 64 matin.

528 1570 311 87 *423
780 1570 233 87 Pêcheuse
955 1570 117 87 au
1013 1570 155 87 bord
1110 1570 117 87 de
1149 1570 175 87 l’Orge.

530 1634 281 79 *424
741 1634 229 79 Cantonnier.

529 1691 319 106 *435
788 1691 159 106 Quai
888 1691 120 106 de
948 1691 120 106 la
1007 1691 199 106 Rapée.
1127 1691 219 106 Décembre.

429 1816 373 78 GUILLEMINOT
728 1816 274 78 (Mlle),
927 1816 274 78 Marthe,
1126 1816 174 78 née
1226 1816 124 78 à
1276 1816 249 78 Paris.
1450 1816 124 78 —
1500 1816 149 78 6,
1550 1816 124 78 rue

478 1888 257 75 Choron.
641 1888 187 75 Paris.

556 1949 259 72 426
763 1949 104 72 Un
798 1949 190 72 cendrier.

549 2007 325 83 427
809 2007 173 83 Deux
918 2007 260 83 épingles
1113 2007 195 83 Emaux
1243 2007 130 83 de
1286 2007 217 83 Limoges.

424 2130 294 122 GUILLOT,
645 2130 196 122 Jean
768 2130 245 122 Vital,
940 2130 147 122 né
1013 2130 123 122 à
1063 2130 270 122 Issoire
1259 2130 442 122 (Puy-de-Dôme).
1602 2130 74 122 —

475 2222 134 81 7,
542 2222 157 81 rue
631 2222 134 81 de
699 2222 269 81 Buzenval
878 2222 515 81 (Boulogne

547 2291 313 95 428
798 2291 251 95 Souvenir
986 2291 125 95 du
1048 2291 230 95 domaine
1215 2291 125 95 du
1278 2291 146 95 lac
1362 2291 272 95 d’Expirat
1550 2291 125 95 (Au

397 2344 524 90 vergne).

546 2382 308 111 489
793 2382 123 111 En
854 2382 185 111 route
977 2382 164 111 pour
1080 2382 123 111 le
1142 2382 205 111 marché
1285 2382 144 111 aux
1367 2382 246 111 environs
1531 2382 144 111 d’Is

713 2479 179 67 soire.
