1928 3064
451 381 341 57 JABLONSKI,
719 381 292 57 Charles,
938 381 146 57 né
1011 381 146 57 en
1084 381 268 57 Pologne
1279 381 244 57 russe.
1449 381 122 57 —
1498 381 171 57 63,
1571 381 122 57 rue

505 434 290 76 d’Argout.
706 434 179 76 Paris.

580 499 259 88 452
787 499 207 88 Portrait
925 499 190 88 d’enfant.

454 583 252 107 JAUDIN,
637 583 229 107 Henri,
798 583 137 107 né
866 583 115 107 à
912 583 229 107 Paris.
1073 583 115 107 —
1118 583 183 107 120,
1233 583 229 107 avenue
1393 583 137 107 de
1439 583 252 107 Villiers.

572 668 363 82 453
862 668 290 82 Montigny
1080 668 508 82 (Seine-et-Marne).

583 731 277 65 454
804 731 111 65 Le
841 731 333 65 Breuil

583 785 275 87 455
785 785 330 87 Épinay

579 850 293 75 456
814 850 117 75 Le
872 850 195 75 rocher
1009 850 195 75 Bayard
1145 850 98 75 à
1184 850 195 75 Dinant
1301 850 254 75 (Belgique).

582 909 274 79 457
801 909 165 79 Rosay
893 909 329 79 (Seine

456 1005 230 88 JUSSY,
617 1005 276 88 Georges,
824 1005 138 88 né
893 1005 115 88 à
939 1005 230 88 Paris.
1099 1005 115 88 —
1145 1005 138 88 2,
1214 1005 161 88 rue
1306 1005 161 88 des
1375 1005 322 88 Haudriettes.

581 1085 281 57 458
806 1085 224 57 Portrait
974 1085 112 57 de
1030 1085 150 57 Mlle
1124 1085 168 57 Marie
1217 1085 150 57 Butet.

580 1135 279 75 459
804 1135 223 75 Portrait
971 1135 112 75 de
1027 1135 112 75 M.
1064 1135 186 75 Lesseur.

583 1205 278 86 460
805 1205 222 86 Portrait
971 1205 111 86 de
1027 1205 111 86 M.
1064 1205 167 86 Lenoir.

463 1289 293 98 KIRÉEVSKY
689 1289 248 98 (Mlle),
869 1289 293 98 Nathalie,
1095 1289 158 98 née
1185 1289 113 98 à
1230 1289 248 98 Moscou.
1410 1289 113 98 —
1455 1289 158 98 65,
1523 1289 180 98 avenuo

511 1365 278 83 Marceau.
696 1365 186 83 Paris.

584 1423 280 72 461
808 1423 149 72 Chez
901 1423 131 72 les
976 1423 261 72 Javanaises
1181 1423 93 72 à
1218 1423 298 72 l’Exposition
1442 1423 261 72 universelle.

582 1489 306 82 462
827 1489 123 82 Un
888 1489 184 82 matin
1011 1489 123 82 de
1072 1489 266 82 printemps
1276 1489 143 82 aux
1358 1489 245 82 environs
1542 1489 123 82 de
1582 1489 123 82 Mos

743 1554 144 56 cou.

464 1635 257 89 KRASNO,
650 1635 233 89 Henri,
814 1635 140 89 né
884 1635 117 89 à
930 1635 233 89 Paris.
1093 1635 117 89 —
1140 1635 163 89 55,
1233 1635 163 89 rue
1327 1635 280 89 Rebeval.
1513 1635 187 89 Paris.

584 1707 297 92 463
822 1707 119 92 Le
881 1707 178 92 vieux
1000 1707 218 92 rempart
1158 1707 99 92 à
1178 1707 178 92 Mantes.

465 1822 310 63 LASELLAZ,
704 1822 287 63 Gustave,
919 1822 143 63 né
991 1822 119 63 à
1038 1822 239 63 Paris.
1205 1822 119 63 —
1253 1822 167 63 23,
1349 1822 310 63 boulevard
1564 1822 143 63 Gou

491 1886 383 71 vion

589 1936 274 79 464
808 1936 110 79 Le
863 1936 183 79 calme.
973 1936 201 79 Éventail.

564 2007 270 76 *465
784 2007 118 76 Les
834 2007 220 76 fusinistes.

564 2063 301 66 *466
808 2063 113 66 Au
865 2063 150 66 bord
959 2063 113 66 du
996 2063 207 66 ruisseau.

565 2125 289 69 *467
800 2125 126 69 Les
872 2125 217 69 cerises.
1016 2125 217 69 Aquarelle.

568 2180 300 74 *468
812 2180 113 74 La
869 2180 188 74 cruche
1000 2180 207 74 cassée.
1132 2180 225 74 Aquarelle.

568 2238 284 89 *469
795 2238 114 89 Le
852 2238 171 89 vieux
966 2238 189 89 Pollet
1099 2238 95 89 à
1117 2238 171 89 Dieppe.

569 2299 302 72 *470
814 2299 113 72 La
871 2299 132 72 rue
946 2299 226 72 Parisis.
1097 2299 151 72 Maule.

570 2361 290 71 *471
805 2361 109 71 Le
860 2361 163 71 vieux
950 2361 181 71 pêcheur.

566 2417 323 78 *472
828 2417 323 78 Jean-Jacques
1070 2417 283 78 Arromanches.

568 2496 297 67 *473
810 2496 111 67 La
866 2496 149 67 dame
959 2496 130 67 aux
1014 2496 149 67 roses.
