1928 3064
376 352 576 89 *516
808 352 468 89 Eventail.65

421 438 288 66 517
651 438 115 66 La
709 438 173 66 bonne
825 438 250 66 aventure.
998 438 211 66 Eventail.

298 496 243 136 MALVAL
468 496 218 136 (de),
613 496 291 136 Édouard,
831 496 146 136 né
904 496 121 136 à
953 496 218 136 Lyon.
1098 496 121 136 —
1147 496 170 136 11,
1244 496 170 136 rue
1317 496 218 136 Florian

347 606 119 64 à
371 606 214 64 Sceaux.

424 648 304 84 518
667 648 182 84 Marat
788 648 243 84 écrivant
970 648 142 84 son
1051 648 223 84 journal
1213 648 162 84 dans
1314 648 121 84 la
1375 648 162 84 cave
1456 648 81 84 du

608 720 265 75 boucher
776 720 265 75 Legendre.

427 772 304 78 519
670 772 223 78 Affaire
832 772 283 78 Clémenceau
1054 772 101 78 :
1095 772 142 78 Iza
1176 772 223 78 sortant
1338 772 121 78 du
1398 772 162 78 bain
1479 772 61 78 :

616 832 141 95 «Ne
697 832 282 95 voilà-t-il
918 832 141 95 pas
999 832 121 95 un
1060 832 161 95 beau
1161 832 182 95 motif
1282 832 121 95 de
1342 832 222 95 statue?
1483 832 61 95 »

304 949 269 84 MARC-B.
499 949 245 84 (Mme),
670 949 318 84 Mathilde,
915 949 171 84 née
1013 949 122 84 à
1062 949 318 84 Bordeaux.
1306 949 122 84 —
1355 949 171 84 14,
1429 949 122 84 rue

354 997 299 96 Clapeyron
584 997 115 96 à
607 997 184 96 Paris.

433 1060 270 66 520
649 1060 216 66 Portrait
811 1060 108 66 de
865 1060 108 66 M.
919 1060 108 66 C.
955 1060 72 66 F.

404 1118 334 103 *521
675 1118 354 103 Chrysanthèmes
967 1118 125 103 et
1030 1118 250 103 souvenir
1217 1118 125 103 de
1259 1118 292 103 l’Exposition

623 1184 140 75 de
669 1184 163 75 1889.

318 1274 215 94 MAREY
461 1274 262 94 (Mlle),
652 1274 286 94 Blanche,
867 1274 167 94 née
962 1274 119 94 à
1010 1274 239 94 Paris.
1177 1274 119 94 —
1225 1274 167 94 13,
1320 1274 167 94 rue
1392 1274 167 94 Tait

334 1354 172 68 bout.

440 1409 289 69 522
671 1409 154 69 Dans
767 1409 250 69 l’auberge
960 1409 116 69 de
1018 1409 116 69 la
1075 1409 154 69 paix
1172 1409 96 69 à
1210 1409 193 69 Friaha
1326 1409 231 69 (Espagne).

423 1469 559 70 523
870 1469 634 70 L’Anarchiste.

429 1526 451 72 524
790 1526 271 72 Étude
971 1526 181 72 de
1061 1526 331 72 fleurs.

291 1593 337 124 MESUREUR,
551 1593 597 124 Noë-Pierre-Bernard,
1070 1593 156 124 né
1148 1593 130 124 à
1174 1593 389 124 Boulogne-

365 1699 188 71 mer.
483 1699 118 71 —
530 1699 118 71 A
577 1699 212 71 Cucq,
719 1699 165 71 par
813 1699 259 71 Étaples
1002 1699 448 71 (Pas-de-Calais)
1379 1699 141 71 et
1426 1699 141 71 chez

369 1761 140 74 M.
439 1761 233 74 Tanguy
601 1761 163 74 14,
695 1761 163 74 rue
764 1761 233 74 Clauzel.

443 1821 331 76 525
708 1821 199 76 Ferme
840 1821 132 76 de
906 1821 199 76 Mlles
1039 1821 221 76 Godin,
1193 1821 110 76 à
1237 1821 199 76 Cucq.
1347 1821 221 76 (Pas

615 1880 215 71 Calais).

444 1936 324 77 526
704 1936 130 77 Un
769 1936 173 77 coin
877 1936 151 77 des
963 1936 281 77 communaux
1179 1936 130 77 de
1244 1936 173 77 Cucq
1352 1936 151 77 par
1417 1936 151 77 grand

630 1995 188 70 vent
725 1995 447 70 (Pas

449 2053 290 71 527
681 2053 193 71 Gerbes
816 2053 116 71 de
874 2053 135 71 blé
951 2053 97 71 à
990 2053 309 71 Trépied-Cucq
1222 2053 348 71 (Pas

451 2116 306 71 528
696 2116 123 71 La
757 2116 204 71 Canche
900 2116 102 71 à
941 2116 184 71 marée
1063 2116 184 71 basse
1186 2116 163 71 près
1288 2116 225 71 Étaples
1431 2116 143 71 (Pas

618 2170 282 87 de

896 2168 453 133 evectaicièr,

328 2263 280 84 MILLET,
531 2263 254 84 James,
709 2263 153 84 né
785 2263 127 84 à
836 2263 254 84 Genève
1014 2263 280 84 (Suisse
1217 2263 381 84 française).
1497 2263 76 84 —

380 2345 191 78 123,
499 2345 310 78 boulevard
738 2345 430 78 Richard-Lenoir
1096 2345 119 78 à
1120 2345 215 78 Paris..

430 2412 328 75 *529
696 2412 225 75 Animaux
859 2412 143 75 sur
941 2412 143 75 une
1023 2412 184 75 levée
1146 2412 123 75 de
1207 2412 225 75 marais,
1351 2412 225 75 Charente

597 2464 280 96 Inférieure.
