1928 3064
810 296 124 66 29

260 374 375 84 MOSTERTMANN,
565 374 235 84 Louis,
729 374 141 84 né
799 374 117 84 à
846 374 235 84 Paris.
1010 374 117 84 —
1057 374 164 84 34,
1151 374 164 84 rue
1221 374 282 84 Bellefond.

383 456 249 68 556
566 456 166 68 Paysage.

387 505 259 83 557
594 505 155 83 OEufs
698 505 121 83 sur
767 505 104 83 le
801 505 121 83 plat.

389 576 232 64 558
559 576 139 64 Fleurs.

263 668 287 84 O’CONOR,
478 668 287 84 Roderic,
693 668 143 84 né
765 668 120 84 à
813 668 311 84 Roscommon
1052 668 335 84 (Irlande).
1315 668 120 84 —
1339 668 167 84 Hôtel

309 734 321 89 Beauséjour
561 734 115 89 à
607 734 206 89 Grez,
745 734 160 89 par
836 734 252 89 Nemours
997 734 435 89 (Seine

364 809 294 76 *559
603 809 184 76 Nature
713 809 147 76 morte.

363 869 287 82 *560
597 869 108 82 La
650 869 144 82 mare
722 869 144 82 gelée.

362 904 291 107 *561
598 904 109 107 La
653 904 164 107 mare,
762 904 164 107 effet
871 904 109 107 de
925 904 200 107 soleil,
1053 904 127 107 midi.

365 988 311 94 *562
617 988 116 94 Le
675 988 175 94 matin
792 988 116 94 au
850 988 155 94 bord
947 988 116 94 du
986 988 155 94 Loing.

363 1050 318 65 *563
621 1050 199 65 Chemin
760 1050 199 65 menant
899 1050 99 65 à
919 1050 139 65 Grez.

365 1101 310 87 *564
617 1101 174 87 Femme
733 1101 213 87 écalant
888 1101 136 87 des
946 1101 213 87 haricots.

368 1170 276 83 *565
592 1170 104 83 La
644 1170 190 83 lisière
782 1170 104 83 du
816 1170 121 83 bois.

367 1227 297 82 *566
609 1227 149 82 Tête
702 1227 112 82 de
758 1227 167 82 jeune
851 1227 167 82 paysan.

364 1299 344 59 *567
644 1299 129 59 Le
709 1299 172 59 pont
816 1299 129 59 de
881 1299 194 59 Grez.
988 1299 65 59 .

366 1347 304 83 *568
613 1347 114 83 Le
670 1347 190 83 moulin
803 1347 114 83 du
841 1347 114 83 Roy.

269 1437 269 110 OSBERT,
464 1437 318 110 Alphonse,
709 1437 147 110 né
782 1437 122 110 à
831 1437 245 110 Paris.
1002 1437 122 110 —
1051 1437 122 110 7
1100 1437 147 110 et
1174 1437 147 110 9,
1247 1437 171 110 rue
1320 1437 196 110 Alain-

321 1525 268 84 Chartier
500 1525 447 84 (Paris

372 1595 280 72 *569
599 1595 192 72 Réverie
739 1595 105 72 du
774 1595 122 72 soir.

371 1655 292 69 *570
608 1655 110 69 Un
645 1655 164 69 ermite.

370 1715 321 63 *571
630 1715 160 63 Dans
731 1715 140 63 les
811 1715 200 63 champs
951 1715 120 63 de
1011 1715 240 63 Diélette
1192 1715 261 63 (Manche).
1372 1715 60 63 —

373 1767 309 89 *572
623 1767 135 89 Une
701 1767 154 89 mare
797 1767 154 89 dans
893 1767 135 89 les
970 1767 193 89 dunes,
1105 1767 116 89 le
1144 1767 135 89 soir.

375 1831 278 83 *573
601 1831 122 83 Fin
653 1831 174 83 d’orage.

373 1893 304 70 *574
620 1893 228 70 Couchant
792 1893 133 70 sur
868 1893 114 70 la
906 1893 114 70 mer.

374 1949 297 84 *575
616 1949 260 84 Brouillard
820 1949 111 84 du
857 1949 148 84 matin.

371 2009 305 77 *576
619 2009 324 77 L’après-midi.
886 2009 210 77 Biville
1019 2009 210 77 (Manche).

374 2080 286 72 *577
606 2080 107 72 Le
660 2080 161 72 matin
767 2080 125 72 sur
820 2080 161 72 l’Oise.

374 2134 303 88 *578
620 2134 114 88 Le
677 2134 151 88 soir
771 2134 132 88 sur
847 2134 114 88 la
904 2134 170 88 grève
998 2134 303 88 (Flamanville).

276 2234 293 72 PAPEGAY,
495 2234 390 72 Alexandrine,
812 2234 171 72 30,
910 2234 171 72 rue
983 2234 195 72 Monge.

375 2294 334 82 *579
647 2294 230 82 Rosiers
814 2294 146 82 sur
897 2294 146 82 une
981 2294 272 82 terrasse,
1190 2294 146 82 aux
1273 2294 188 82 bords
1399 2294 125 82 de
1440 2294 84 82 la

559 2370 185 78 Loire.

378 2414 315 76 *580
634 2414 118 76 Un
694 2414 217 76 bouquet
851 2414 118 76 de
910 2414 197 76 lilas,
1048 2414 158 76 avec
1147 2414 177 76 roses
1265 2414 118 76 et
1304 2414 217 76 camélias.

404 2488 297 77 581
642 2488 119 77 Un
701 2488 158 77 vase
800 2488 119 77 de
839 2488 317 77 chrysanthèmes.
