<alto xmlns:xsi="http://www.w3.org/2001/XMLSchema-instance" xmlns="http://www.loc.gov/standards/alto/ns-v2#" xmlns:page="http://schema.primaresearch.org/PAGE/gts/pagecontent/2013-07-15" xsi:schemaLocation="http://www.loc.gov/standards/alto/ns-v2# http://www.loc.gov/standards/alto/alto.xsd">
  <Description>
    <MeasurementUnit>pixel</MeasurementUnit>
    <sourceImageInformation>
         <fileName>0036.xml</fileName>
      </sourceImageInformation>
    <OCRProcessing ID="IdOcr">
      <ocrProcessingStep>
        <processingDateTime>2020-09-04T15:33:40.704+02:00</processingDateTime>
        <processingSoftware>
               <softwareCreator>CONTRIBUTORS</softwareCreator>
               <softwareName>pdfalto</softwareName>
               <softwareVersion>0.1</softwareVersion>
            </processingSoftware>
      </ocrProcessingStep>
    </OCRProcessing>
  </Description>
  <Styles>
     <TextStyle ID="FONT0" FONTSTYLE=""/>
     <TextStyle ID="FONT1" FONTSTYLE="bold"/>
     <TextStyle ID="FONT2" FONTSTYLE="italics"/>
</Styles>
  <Tags/>
  <Layout>
    <Page ID="Page1" PHYSICAL_IMG_NR="1" HEIGHT="3064" WIDTH="1928">
      <PrintSpace HEIGHT="2483" WIDTH="1809" VPOS="80" HPOS="56">
        <TextBlock ID="r_2_1" HEIGHT="36" WIDTH="211" VPOS="329" HPOS="870">
          <TextLine ID="tl_2" BASELINE="396" HEIGHT="91" WIDTH="226" VPOS="305" HPOS="863">
            <String HEIGHT="91" WIDTH="188" VPOS="305" HPOS="825" CONTENT="—" ID="tl_2_1" STYLEREFS="FONT0"/>
            <SP HEIGHT="91" WIDTH="38" VPOS="305" HPOS="1014"/>
            <String HEIGHT="91" WIDTH="226" VPOS="305" HPOS="901" CONTENT="32" ID="tl_2_2" STYLEREFS="FONT0"/>
            <SP HEIGHT="91" WIDTH="38" VPOS="305" HPOS="1127"/>
            <String HEIGHT="91" WIDTH="113" VPOS="305" HPOS="976" CONTENT="—" ID="tl_2_3" STYLEREFS="FONT0"/>
          </TextLine>
        </TextBlock>
        <TextBlock ID="r_2_2" HEIGHT="121" WIDTH="1201" VPOS="404" HPOS="363">
          <TextLine ID="tl_3" BASELINE="476" HEIGHT="91" WIDTH="1214" VPOS="385" HPOS="356">
            <String HEIGHT="91" WIDTH="206" VPOS="385" HPOS="333" CONTENT="PONS," ID="tl_3_1" STYLEREFS="FONT0"/>
            <SP HEIGHT="91" WIDTH="23" VPOS="385" HPOS="539"/>
            <String HEIGHT="91" WIDTH="252" VPOS="385" HPOS="471" CONTENT="Marius," ID="tl_3_2" STYLEREFS="FONT0"/>
            <SP HEIGHT="91" WIDTH="23" VPOS="385" HPOS="722"/>
            <String HEIGHT="91" WIDTH="137" VPOS="385" HPOS="654" CONTENT="né" ID="tl_3_3" STYLEREFS="FONT0"/>
            <SP HEIGHT="91" WIDTH="23" VPOS="385" HPOS="791"/>
            <String HEIGHT="91" WIDTH="115" VPOS="385" HPOS="722" CONTENT="à" ID="tl_3_4" STYLEREFS="FONT0"/>
            <SP HEIGHT="91" WIDTH="23" VPOS="385" HPOS="837"/>
            <String HEIGHT="91" WIDTH="412" VPOS="385" HPOS="768" CONTENT="Saint-Étienne." ID="tl_3_5" STYLEREFS="FONT0"/>
            <SP HEIGHT="91" WIDTH="23" VPOS="385" HPOS="1181"/>
            <String HEIGHT="91" WIDTH="115" VPOS="385" HPOS="1112" CONTENT="—" ID="tl_3_6" STYLEREFS="FONT0"/>
            <SP HEIGHT="91" WIDTH="23" VPOS="385" HPOS="1226"/>
            <String HEIGHT="91" WIDTH="137" VPOS="385" HPOS="1158" CONTENT="6," ID="tl_3_7" STYLEREFS="FONT0"/>
            <SP HEIGHT="91" WIDTH="23" VPOS="385" HPOS="1295"/>
            <String HEIGHT="91" WIDTH="160" VPOS="385" HPOS="1226" CONTENT="rue" ID="tl_3_8" STYLEREFS="FONT0"/>
            <SP HEIGHT="91" WIDTH="23" VPOS="385" HPOS="1387"/>
            <String HEIGHT="91" WIDTH="137" VPOS="385" HPOS="1318" CONTENT="du" ID="tl_3_9" STYLEREFS="FONT0"/>
            <SP HEIGHT="91" WIDTH="23" VPOS="385" HPOS="1455"/>
            <String HEIGHT="91" WIDTH="206" VPOS="385" HPOS="1364" CONTENT="Marché," ID="tl_3_10" STYLEREFS="FONT0"/>
          </TextLine>
          <TextLine ID="tl_4" BASELINE="538" HEIGHT="82" WIDTH="384" VPOS="456" HPOS="405">
            <String HEIGHT="82" WIDTH="107" VPOS="456" HPOS="384" CONTENT="à" ID="tl_4_1" STYLEREFS="FONT0"/>
            <SP HEIGHT="82" WIDTH="21" VPOS="456" HPOS="490"/>
            <String HEIGHT="82" WIDTH="235" VPOS="456" HPOS="426" CONTENT="Neuilly" ID="tl_4_2" STYLEREFS="FONT0"/>
            <SP HEIGHT="82" WIDTH="21" VPOS="456" HPOS="661"/>
            <String HEIGHT="82" WIDTH="213" VPOS="456" HPOS="576" CONTENT="(Seine)." ID="tl_4_3" STYLEREFS="FONT0"/>
          </TextLine>
        </TextBlock>
        <TextBlock ID="r_2_3" HEIGHT="42" WIDTH="547" VPOS="534" HPOS="456">
          <TextLine ID="tl_5" BASELINE="598" HEIGHT="80" WIDTH="563" VPOS="518" HPOS="449">
            <String HEIGHT="80" WIDTH="291" VPOS="518" HPOS="431" CONTENT="*625" ID="tl_5_1" STYLEREFS="FONT1"/>
            <SP HEIGHT="80" WIDTH="18" VPOS="518" HPOS="721"/>
            <String HEIGHT="80" WIDTH="218" VPOS="518" HPOS="667" CONTENT="Portrait" ID="tl_5_2" STYLEREFS="FONT0"/>
            <SP HEIGHT="80" WIDTH="18" VPOS="518" HPOS="885"/>
            <String HEIGHT="80" WIDTH="109" VPOS="518" HPOS="830" CONTENT="de" ID="tl_5_3" STYLEREFS="FONT0"/>
            <SP HEIGHT="80" WIDTH="18" VPOS="518" HPOS="939"/>
            <String HEIGHT="80" WIDTH="145" VPOS="518" HPOS="867" CONTENT="minet." ID="tl_5_4" STYLEREFS="FONT0"/>
          </TextLine>
        </TextBlock>
        <TextBlock ID="r_2_4" HEIGHT="53" WIDTH="1023" VPOS="594" HPOS="457">
          <TextLine ID="tl_6" BASELINE="649" HEIGHT="62" WIDTH="1035" VPOS="587" HPOS="451">
            <String HEIGHT="62" WIDTH="414" VPOS="587" HPOS="425" CONTENT="*626" ID="tl_6_1" STYLEREFS="FONT1"/>
            <SP HEIGHT="62" WIDTH="26" VPOS="587" HPOS="839"/>
            <String HEIGHT="62" WIDTH="155" VPOS="587" HPOS="762" CONTENT="Le" ID="tl_6_2" STYLEREFS="FONT0"/>
            <SP HEIGHT="62" WIDTH="26" VPOS="587" HPOS="917"/>
            <String HEIGHT="62" WIDTH="336" VPOS="587" HPOS="839" CONTENT="déjeuner," ID="tl_6_3" STYLEREFS="FONT0"/>
            <SP HEIGHT="62" WIDTH="26" VPOS="587" HPOS="1176"/>
            <String HEIGHT="62" WIDTH="259" VPOS="587" HPOS="1098" CONTENT="nature" ID="tl_6_4" STYLEREFS="FONT0"/>
            <SP HEIGHT="62" WIDTH="26" VPOS="587" HPOS="1357"/>
            <String HEIGHT="62" WIDTH="259" VPOS="587" HPOS="1279" CONTENT="morte." ID="tl_6_5" STYLEREFS="FONT0"/>
            <SP HEIGHT="62" WIDTH="26" VPOS="587" HPOS="1538"/>
            <String HEIGHT="62" WIDTH="52" VPOS="587" HPOS="1434" CONTENT="" ID="tl_6_6" STYLEREFS="FONT0"/>
          </TextLine>
        </TextBlock>
        <TextBlock ID="r_2_5" HEIGHT="52" WIDTH="999" VPOS="654" HPOS="481">
          <TextLine ID="tl_7" BASELINE="722" HEIGHT="80" WIDTH="1013" VPOS="642" HPOS="474">
            <String HEIGHT="80" WIDTH="422" VPOS="642" HPOS="446" CONTENT="627" ID="tl_7_1" STYLEREFS="FONT1"/>
            <SP HEIGHT="80" WIDTH="28" VPOS="642" HPOS="868"/>
            <String HEIGHT="80" WIDTH="169" VPOS="642" HPOS="784" CONTENT="Le" ID="tl_7_2" STYLEREFS="FONT0"/>
            <SP HEIGHT="80" WIDTH="28" VPOS="642" HPOS="952"/>
            <String HEIGHT="80" WIDTH="310" VPOS="642" HPOS="868" CONTENT="souper," ID="tl_7_3" STYLEREFS="FONT0"/>
            <SP HEIGHT="80" WIDTH="28" VPOS="642" HPOS="1177"/>
            <String HEIGHT="80" WIDTH="281" VPOS="642" HPOS="1093" CONTENT="nature" ID="tl_7_4" STYLEREFS="FONT0"/>
            <SP HEIGHT="80" WIDTH="28" VPOS="642" HPOS="1374"/>
            <String HEIGHT="80" WIDTH="225" VPOS="642" HPOS="1262" CONTENT="morte." ID="tl_7_5" STYLEREFS="FONT0"/>
          </TextLine>
        </TextBlock>
        <TextBlock ID="r_2_6" HEIGHT="50" WIDTH="830" VPOS="716" HPOS="458">
          <TextLine ID="tl_8" BASELINE="784" HEIGHT="87" WIDTH="844" VPOS="697" HPOS="451">
            <String HEIGHT="87" WIDTH="314" VPOS="697" HPOS="431" CONTENT="*628" ID="tl_8_1" STYLEREFS="FONT1"/>
            <SP HEIGHT="87" WIDTH="20" VPOS="697" HPOS="745"/>
            <String HEIGHT="87" WIDTH="216" VPOS="697" HPOS="687" CONTENT="Apprêts" ID="tl_8_2" STYLEREFS="FONT0"/>
            <SP HEIGHT="87" WIDTH="20" VPOS="697" HPOS="902"/>
            <String HEIGHT="87" WIDTH="118" VPOS="697" HPOS="844" CONTENT="de" ID="tl_8_3" STYLEREFS="FONT0"/>
            <SP HEIGHT="87" WIDTH="20" VPOS="697" HPOS="961"/>
            <String HEIGHT="87" WIDTH="118" VPOS="697" HPOS="902" CONTENT="la" ID="tl_8_4" STYLEREFS="FONT0"/>
            <SP HEIGHT="87" WIDTH="20" VPOS="697" HPOS="1020"/>
            <String HEIGHT="87" WIDTH="177" VPOS="697" HPOS="961" CONTENT="soupe" ID="tl_8_5" STYLEREFS="FONT0"/>
            <SP HEIGHT="87" WIDTH="20" VPOS="697" HPOS="1138"/>
            <String HEIGHT="87" WIDTH="137" VPOS="697" HPOS="1079" CONTENT="aux" ID="tl_8_6" STYLEREFS="FONT0"/>
            <SP HEIGHT="87" WIDTH="20" VPOS="697" HPOS="1216"/>
            <String HEIGHT="87" WIDTH="157" VPOS="697" HPOS="1138" CONTENT="choux." ID="tl_8_7" STYLEREFS="FONT0"/>
          </TextLine>
        </TextBlock>
        <TextBlock ID="r_2_7" HEIGHT="41" WIDTH="454" VPOS="776" HPOS="460">
          <TextLine ID="tl_9" BASELINE="834" HEIGHT="71" WIDTH="469" VPOS="763" HPOS="453">
            <String HEIGHT="71" WIDTH="278" VPOS="763" HPOS="436" CONTENT="*629" ID="tl_9_1" STYLEREFS="FONT1"/>
            <SP HEIGHT="71" WIDTH="17" VPOS="763" HPOS="714"/>
            <String HEIGHT="71" WIDTH="156" VPOS="763" HPOS="661" CONTENT="Table" ID="tl_9_2" STYLEREFS="FONT0"/>
            <SP HEIGHT="71" WIDTH="17" VPOS="763" HPOS="818"/>
            <String HEIGHT="71" WIDTH="174" VPOS="763" HPOS="748" CONTENT="d’étude." ID="tl_9_3" STYLEREFS="FONT0"/>
          </TextLine>
        </TextBlock>
        <TextBlock ID="r_2_8" HEIGHT="50" WIDTH="705" VPOS="836" HPOS="481">
          <TextLine ID="tl_10" BASELINE="902" HEIGHT="90" WIDTH="719" VPOS="812" HPOS="474">
            <String HEIGHT="90" WIDTH="284" VPOS="812" HPOS="455" CONTENT="630" ID="tl_10_1" STYLEREFS="FONT1"/>
            <SP HEIGHT="90" WIDTH="19" VPOS="812" HPOS="739"/>
            <String HEIGHT="90" WIDTH="227" VPOS="812" HPOS="682" CONTENT="Portrait" ID="tl_10_2" STYLEREFS="FONT0"/>
            <SP HEIGHT="90" WIDTH="19" VPOS="812" HPOS="909"/>
            <String HEIGHT="90" WIDTH="114" VPOS="812" HPOS="852" CONTENT="du" ID="tl_10_3" STYLEREFS="FONT0"/>
            <SP HEIGHT="90" WIDTH="19" VPOS="812" HPOS="966"/>
            <String HEIGHT="90" WIDTH="208" VPOS="812" HPOS="909" CONTENT="caporal" ID="tl_10_4" STYLEREFS="FONT0"/>
            <SP HEIGHT="90" WIDTH="19" VPOS="812" HPOS="1117"/>
            <String HEIGHT="90" WIDTH="151" VPOS="812" HPOS="1042" CONTENT="Melon." ID="tl_10_5" STYLEREFS="FONT0"/>
          </TextLine>
        </TextBlock>
        <TextBlock ID="r_2_9" HEIGHT="41" WIDTH="619" VPOS="896" HPOS="483">
          <TextLine ID="tl_11" BASELINE="947" HEIGHT="67" WIDTH="633" VPOS="880" HPOS="476">
            <String HEIGHT="67" WIDTH="288" VPOS="880" HPOS="457" CONTENT="631" ID="tl_11_1" STYLEREFS="FONT1"/>
            <SP HEIGHT="67" WIDTH="19" VPOS="880" HPOS="745"/>
            <String HEIGHT="67" WIDTH="230" VPOS="880" HPOS="687" CONTENT="Portrait" ID="tl_11_2" STYLEREFS="FONT0"/>
            <SP HEIGHT="67" WIDTH="19" VPOS="880" HPOS="917"/>
            <String HEIGHT="67" WIDTH="115" VPOS="880" HPOS="860" CONTENT="de" ID="tl_11_3" STYLEREFS="FONT0"/>
            <SP HEIGHT="67" WIDTH="19" VPOS="880" HPOS="975"/>
            <String HEIGHT="67" WIDTH="134" VPOS="880" HPOS="917" CONTENT="Mme" ID="tl_11_4" STYLEREFS="FONT0"/>
            <SP HEIGHT="67" WIDTH="19" VPOS="880" HPOS="1051"/>
            <String HEIGHT="67" WIDTH="115" VPOS="880" HPOS="994" CONTENT="C." ID="tl_11_5" STYLEREFS="FONT0"/>
            <SP HEIGHT="67" WIDTH="19" VPOS="880" HPOS="1109"/>
            <String HEIGHT="67" WIDTH="77" VPOS="880" HPOS="1032" CONTENT="R." ID="tl_11_6" STYLEREFS="FONT0"/>
          </TextLine>
        </TextBlock>
        <TextBlock ID="r_2_10" HEIGHT="41" WIDTH="510" VPOS="956" HPOS="482">
          <TextLine ID="tl_12" BASELINE="1014" HEIGHT="76" WIDTH="523" VPOS="938" HPOS="476">
            <String HEIGHT="76" WIDTH="271" VPOS="938" HPOS="458" CONTENT="632" ID="tl_12_1" STYLEREFS="FONT1"/>
            <SP HEIGHT="76" WIDTH="18" VPOS="938" HPOS="728"/>
            <String HEIGHT="76" WIDTH="216" VPOS="938" HPOS="674" CONTENT="Portrait" ID="tl_12_2" STYLEREFS="FONT0"/>
            <SP HEIGHT="76" WIDTH="18" VPOS="938" HPOS="891"/>
            <String HEIGHT="76" WIDTH="108" VPOS="938" HPOS="837" CONTENT="de" ID="tl_12_3" STYLEREFS="FONT0"/>
            <SP HEIGHT="76" WIDTH="18" VPOS="938" HPOS="945"/>
            <String HEIGHT="76" WIDTH="108" VPOS="938" HPOS="891" CONTENT="M." ID="tl_12_4" STYLEREFS="FONT0"/>
            <SP HEIGHT="76" WIDTH="18" VPOS="938" HPOS="999"/>
            <String HEIGHT="76" WIDTH="72" VPOS="938" HPOS="927" CONTENT="M." ID="tl_12_5" STYLEREFS="FONT0"/>
          </TextLine>
        </TextBlock>
        <TextBlock ID="r_2_11" HEIGHT="50" WIDTH="1083" VPOS="1017" HPOS="483">
          <TextLine ID="tl_13" BASELINE="1108" HEIGHT="111" WIDTH="1097" VPOS="997" HPOS="476">
            <String HEIGHT="111" WIDTH="274" VPOS="997" HPOS="458" CONTENT="633" ID="tl_13_1" STYLEREFS="FONT1"/>
            <SP HEIGHT="111" WIDTH="18" VPOS="997" HPOS="732"/>
            <String HEIGHT="111" WIDTH="219" VPOS="997" HPOS="677" CONTENT="Portrait" ID="tl_13_2" STYLEREFS="FONT0"/>
            <SP HEIGHT="111" WIDTH="18" VPOS="997" HPOS="897"/>
            <String HEIGHT="111" WIDTH="110" VPOS="997" HPOS="842" CONTENT="de" ID="tl_13_3" STYLEREFS="FONT0"/>
            <SP HEIGHT="111" WIDTH="18" VPOS="997" HPOS="951"/>
            <String HEIGHT="111" WIDTH="110" VPOS="997" HPOS="897" CONTENT="M." ID="tl_13_4" STYLEREFS="FONT0"/>
            <SP HEIGHT="111" WIDTH="18" VPOS="997" HPOS="1006"/>
            <String HEIGHT="111" WIDTH="128" VPOS="997" HPOS="951" CONTENT="P.," ID="tl_13_5" STYLEREFS="FONT0"/>
            <SP HEIGHT="111" WIDTH="18" VPOS="997" HPOS="1079"/>
            <String HEIGHT="111" WIDTH="238" VPOS="997" HPOS="1025" CONTENT="capitaine" ID="tl_13_6" STYLEREFS="FONT0"/>
            <SP HEIGHT="111" WIDTH="18" VPOS="997" HPOS="1262"/>
            <String HEIGHT="111" WIDTH="110" VPOS="997" HPOS="1207" CONTENT="de" ID="tl_13_7" STYLEREFS="FONT0"/>
            <SP HEIGHT="111" WIDTH="18" VPOS="997" HPOS="1317"/>
            <String HEIGHT="111" WIDTH="110" VPOS="997" HPOS="1262" CONTENT="la" ID="tl_13_8" STYLEREFS="FONT0"/>
            <SP HEIGHT="111" WIDTH="18" VPOS="997" HPOS="1372"/>
            <String HEIGHT="111" WIDTH="274" VPOS="997" HPOS="1299" CONTENT="territoriale." ID="tl_13_9" STYLEREFS="FONT0"/>
          </TextLine>
        </TextBlock>
        <TextBlock ID="r_2_12" HEIGHT="41" WIDTH="503" VPOS="1080" HPOS="483">
          <TextLine ID="tl_14" BASELINE="1161" HEIGHT="102" WIDTH="517" VPOS="1059" HPOS="476">
            <String HEIGHT="102" WIDTH="267" VPOS="1059" HPOS="458" CONTENT="634" ID="tl_14_1" STYLEREFS="FONT1"/>
            <SP HEIGHT="102" WIDTH="18" VPOS="1059" HPOS="726"/>
            <String HEIGHT="102" WIDTH="214" VPOS="1059" HPOS="672" CONTENT="Portrait" ID="tl_14_2" STYLEREFS="FONT0"/>
            <SP HEIGHT="102" WIDTH="18" VPOS="1059" HPOS="886"/>
            <String HEIGHT="102" WIDTH="107" VPOS="1059" HPOS="833" CONTENT="de" ID="tl_14_3" STYLEREFS="FONT0"/>
            <SP HEIGHT="102" WIDTH="18" VPOS="1059" HPOS="940"/>
            <String HEIGHT="102" WIDTH="107" VPOS="1059" HPOS="886" CONTENT="M." ID="tl_14_4" STYLEREFS="FONT0"/>
            <SP HEIGHT="102" WIDTH="18" VPOS="1059" HPOS="993"/>
            <String HEIGHT="102" WIDTH="71" VPOS="1059" HPOS="922" CONTENT="L." ID="tl_14_5" STYLEREFS="FONT0"/>
          </TextLine>
        </TextBlock>
        <TextBlock ID="r_2_13" HEIGHT="108" WIDTH="1206" VPOS="1188" HPOS="363">
          <TextLine ID="tl_15" BASELINE="1274" HEIGHT="113" WIDTH="1219" VPOS="1161" HPOS="356">
            <String HEIGHT="113" WIDTH="274" VPOS="1161" HPOS="331" CONTENT="POZIER," ID="tl_15_1" STYLEREFS="FONT0"/>
            <SP HEIGHT="113" WIDTH="25" VPOS="1161" HPOS="605"/>
            <String HEIGHT="113" WIDTH="323" VPOS="1161" HPOS="530" CONTENT="Jacinthe," ID="tl_15_2" STYLEREFS="FONT0"/>
            <SP HEIGHT="113" WIDTH="25" VPOS="1161" HPOS="854"/>
            <String HEIGHT="113" WIDTH="149" VPOS="1161" HPOS="779" CONTENT="né" ID="tl_15_3" STYLEREFS="FONT0"/>
            <SP HEIGHT="113" WIDTH="25" VPOS="1161" HPOS="928"/>
            <String HEIGHT="113" WIDTH="124" VPOS="1161" HPOS="854" CONTENT="à" ID="tl_15_4" STYLEREFS="FONT0"/>
            <SP HEIGHT="113" WIDTH="25" VPOS="1161" HPOS="978"/>
            <String HEIGHT="113" WIDTH="249" VPOS="1161" HPOS="903" CONTENT="Paris." ID="tl_15_5" STYLEREFS="FONT0"/>
            <SP HEIGHT="113" WIDTH="25" VPOS="1161" HPOS="1152"/>
            <String HEIGHT="113" WIDTH="124" VPOS="1161" HPOS="1077" CONTENT="—" ID="tl_15_6" STYLEREFS="FONT0"/>
            <SP HEIGHT="113" WIDTH="25" VPOS="1161" HPOS="1202"/>
            <String HEIGHT="113" WIDTH="174" VPOS="1161" HPOS="1127" CONTENT="93," ID="tl_15_7" STYLEREFS="FONT0"/>
            <SP HEIGHT="113" WIDTH="25" VPOS="1161" HPOS="1301"/>
            <String HEIGHT="113" WIDTH="199" VPOS="1161" HPOS="1227" CONTENT="quai" ID="tl_15_8" STYLEREFS="FONT0"/>
            <SP HEIGHT="113" WIDTH="25" VPOS="1161" HPOS="1426"/>
            <String HEIGHT="113" WIDTH="149" VPOS="1161" HPOS="1351" CONTENT="de" ID="tl_15_9" STYLEREFS="FONT0"/>
            <SP HEIGHT="113" WIDTH="25" VPOS="1161" HPOS="1500"/>
            <String HEIGHT="113" WIDTH="174" VPOS="1161" HPOS="1401" CONTENT="Valmy" ID="tl_15_10" STYLEREFS="FONT0"/>
          </TextLine>
          <TextLine ID="tl_16" BASELINE="1301" HEIGHT="72" WIDTH="172" VPOS="1229" HPOS="401">
            <String HEIGHT="72" WIDTH="215" VPOS="1229" HPOS="358" CONTENT="(Paris)." ID="tl_16_1" STYLEREFS="FONT0"/>
          </TextLine>
        </TextBlock>
        <TextBlock ID="r_2_14" HEIGHT="51" WIDTH="894" VPOS="1306" HPOS="461">
          <TextLine ID="tl_17" BASELINE="1370" HEIGHT="116" WIDTH="910" VPOS="1254" HPOS="453">
            <String HEIGHT="116" WIDTH="317" VPOS="1254" HPOS="433" CONTENT="*635" ID="tl_17_1" STYLEREFS="FONT1"/>
            <SP HEIGHT="116" WIDTH="20" VPOS="1254" HPOS="750"/>
            <String HEIGHT="116" WIDTH="119" VPOS="1254" HPOS="690" CONTENT="Le" ID="tl_17_2" STYLEREFS="FONT0"/>
            <SP HEIGHT="116" WIDTH="20" VPOS="1254" HPOS="809"/>
            <String HEIGHT="116" WIDTH="257" VPOS="1254" HPOS="750" CONTENT="printemps" ID="tl_17_3" STYLEREFS="FONT0"/>
            <SP HEIGHT="116" WIDTH="20" VPOS="1254" HPOS="1007"/>
            <String HEIGHT="116" WIDTH="99" VPOS="1254" HPOS="948" CONTENT="à" ID="tl_17_4" STYLEREFS="FONT0"/>
            <SP HEIGHT="116" WIDTH="20" VPOS="1254" HPOS="1046"/>
            <String HEIGHT="116" WIDTH="277" VPOS="1254" HPOS="987" CONTENT="Bazincourt" ID="tl_17_5" STYLEREFS="FONT0"/>
            <SP HEIGHT="116" WIDTH="20" VPOS="1254" HPOS="1264"/>
            <String HEIGHT="116" WIDTH="178" VPOS="1254" HPOS="1185" CONTENT="(Eure)." ID="tl_17_6" STYLEREFS="FONT0"/>
          </TextLine>
        </TextBlock>
        <TextBlock ID="r_2_15" HEIGHT="291" WIDTH="1038" VPOS="1355" HPOS="460">
          <TextLine ID="tl_18" BASELINE="1442" HEIGHT="118" WIDTH="1052" VPOS="1324" HPOS="453">
            <String HEIGHT="118" WIDTH="330" VPOS="1324" HPOS="432" CONTENT="*636" ID="tl_18_1" STYLEREFS="FONT1"/>
            <SP HEIGHT="118" WIDTH="21" VPOS="1324" HPOS="762"/>
            <String HEIGHT="118" WIDTH="124" VPOS="1324" HPOS="701" CONTENT="Le" ID="tl_18_2" STYLEREFS="FONT0"/>
            <SP HEIGHT="118" WIDTH="21" VPOS="1324" HPOS="824"/>
            <String HEIGHT="118" WIDTH="165" VPOS="1324" HPOS="762" CONTENT="clos" ID="tl_18_3" STYLEREFS="FONT0"/>
            <SP HEIGHT="118" WIDTH="21" VPOS="1324" HPOS="927"/>
            <String HEIGHT="118" WIDTH="144" VPOS="1324" HPOS="866" CONTENT="aux" ID="tl_18_4" STYLEREFS="FONT0"/>
            <SP HEIGHT="118" WIDTH="21" VPOS="1324" HPOS="1010"/>
            <String HEIGHT="118" WIDTH="227" VPOS="1324" HPOS="948" CONTENT="meules," ID="tl_18_5" STYLEREFS="FONT0"/>
            <SP HEIGHT="118" WIDTH="21" VPOS="1324" HPOS="1175"/>
            <String HEIGHT="118" WIDTH="103" VPOS="1324" HPOS="1113" CONTENT="à" ID="tl_18_6" STYLEREFS="FONT0"/>
            <SP HEIGHT="118" WIDTH="21" VPOS="1324" HPOS="1216"/>
            <String HEIGHT="118" WIDTH="371" VPOS="1324" HPOS="1134" CONTENT="Eraguy" ID="tl_18_7" STYLEREFS="FONT0"/>
          </TextLine>
          <TextLine ID="tl_19" BASELINE="1495" HEIGHT="87" WIDTH="1000" VPOS="1408" HPOS="453">
            <String HEIGHT="87" WIDTH="333" VPOS="1408" HPOS="432" CONTENT="*637" ID="tl_19_1" STYLEREFS="FONT1"/>
            <SP HEIGHT="87" WIDTH="21" VPOS="1408" HPOS="766"/>
            <String HEIGHT="87" WIDTH="208" VPOS="1408" HPOS="703" CONTENT="Brumes" ID="tl_19_2" STYLEREFS="FONT0"/>
            <SP HEIGHT="87" WIDTH="21" VPOS="1408" HPOS="911"/>
            <String HEIGHT="87" WIDTH="271" VPOS="1408" HPOS="849" CONTENT="d’automne" ID="tl_19_3" STYLEREFS="FONT0"/>
            <SP HEIGHT="87" WIDTH="21" VPOS="1408" HPOS="1120"/>
            <String HEIGHT="87" WIDTH="104" VPOS="1408" HPOS="1057" CONTENT="à" ID="tl_19_4" STYLEREFS="FONT0"/>
            <SP HEIGHT="87" WIDTH="21" VPOS="1408" HPOS="1161"/>
            <String HEIGHT="87" WIDTH="375" VPOS="1408" HPOS="1078" CONTENT="Auvers" ID="tl_19_5" STYLEREFS="FONT0"/>
          </TextLine>
          <TextLine ID="tl_20" BASELINE="1547" HEIGHT="94" WIDTH="1026" VPOS="1453" HPOS="454">
            <String HEIGHT="94" WIDTH="316" VPOS="1453" HPOS="434" CONTENT="*638" ID="tl_20_1" STYLEREFS="FONT1"/>
            <SP HEIGHT="94" WIDTH="20" VPOS="1453" HPOS="750"/>
            <String HEIGHT="94" WIDTH="118" VPOS="1453" HPOS="691" CONTENT="Le" ID="tl_20_2" STYLEREFS="FONT0"/>
            <SP HEIGHT="94" WIDTH="20" VPOS="1453" HPOS="809"/>
            <String HEIGHT="94" WIDTH="197" VPOS="1453" HPOS="750" CONTENT="matin," ID="tl_20_3" STYLEREFS="FONT0"/>
            <SP HEIGHT="94" WIDTH="20" VPOS="1453" HPOS="947"/>
            <String HEIGHT="94" WIDTH="178" VPOS="1453" HPOS="888" CONTENT="bords" ID="tl_20_4" STYLEREFS="FONT0"/>
            <SP HEIGHT="94" WIDTH="20" VPOS="1453" HPOS="1066"/>
            <String HEIGHT="94" WIDTH="118" VPOS="1453" HPOS="1006" CONTENT="de" ID="tl_20_5" STYLEREFS="FONT0"/>
            <SP HEIGHT="94" WIDTH="20" VPOS="1453" HPOS="1125"/>
            <String HEIGHT="94" WIDTH="197" VPOS="1453" HPOS="1066" CONTENT="l’Epte" ID="tl_20_6" STYLEREFS="FONT0"/>
            <SP HEIGHT="94" WIDTH="20" VPOS="1453" HPOS="1263"/>
            <String HEIGHT="94" WIDTH="99" VPOS="1453" HPOS="1204" CONTENT="à" ID="tl_20_7" STYLEREFS="FONT0"/>
            <SP HEIGHT="94" WIDTH="20" VPOS="1453" HPOS="1302"/>
            <String HEIGHT="94" WIDTH="257" VPOS="1453" HPOS="1224" CONTENT="Bazincourt." ID="tl_20_8" STYLEREFS="FONT0"/>
          </TextLine>
          <TextLine ID="tl_21" BASELINE="1620" HEIGHT="102" WIDTH="1051" VPOS="1518" HPOS="453">
            <String HEIGHT="102" WIDTH="330" VPOS="1518" HPOS="432" CONTENT="*639" ID="tl_21_1" STYLEREFS="FONT1"/>
            <SP HEIGHT="102" WIDTH="21" VPOS="1518" HPOS="762"/>
            <String HEIGHT="102" WIDTH="124" VPOS="1518" HPOS="700" CONTENT="Le" ID="tl_21_2" STYLEREFS="FONT0"/>
            <SP HEIGHT="102" WIDTH="21" VPOS="1518" HPOS="824"/>
            <String HEIGHT="102" WIDTH="206" VPOS="1518" HPOS="762" CONTENT="chemin" ID="tl_21_3" STYLEREFS="FONT0"/>
            <SP HEIGHT="102" WIDTH="21" VPOS="1518" HPOS="968"/>
            <String HEIGHT="102" WIDTH="124" VPOS="1518" HPOS="906" CONTENT="du" ID="tl_21_4" STYLEREFS="FONT0"/>
            <SP HEIGHT="102" WIDTH="21" VPOS="1518" HPOS="1030"/>
            <String HEIGHT="102" WIDTH="206" VPOS="1518" HPOS="968" CONTENT="lavoir" ID="tl_21_5" STYLEREFS="FONT0"/>
            <SP HEIGHT="102" WIDTH="21" VPOS="1518" HPOS="1174"/>
            <String HEIGHT="102" WIDTH="103" VPOS="1518" HPOS="1112" CONTENT="à" ID="tl_21_6" STYLEREFS="FONT0"/>
            <SP HEIGHT="102" WIDTH="21" VPOS="1518" HPOS="1215"/>
            <String HEIGHT="102" WIDTH="371" VPOS="1518" HPOS="1133" CONTENT="Eraguy" ID="tl_21_7" STYLEREFS="FONT0"/>
          </TextLine>
          <TextLine ID="tl_22" BASELINE="1674" HEIGHT="88" WIDTH="1003" VPOS="1586" HPOS="454">
            <String HEIGHT="88" WIDTH="315" VPOS="1586" HPOS="434" CONTENT="*640" ID="tl_22_1" STYLEREFS="FONT1"/>
            <SP HEIGHT="88" WIDTH="20" VPOS="1586" HPOS="749"/>
            <String HEIGHT="88" WIDTH="236" VPOS="1586" HPOS="690" CONTENT="Laveuses" ID="tl_22_2" STYLEREFS="FONT0"/>
            <SP HEIGHT="88" WIDTH="20" VPOS="1586" HPOS="926"/>
            <String HEIGHT="88" WIDTH="138" VPOS="1586" HPOS="867" CONTENT="aux" ID="tl_22_3" STYLEREFS="FONT0"/>
            <SP HEIGHT="88" WIDTH="20" VPOS="1586" HPOS="1005"/>
            <String HEIGHT="88" WIDTH="177" VPOS="1586" HPOS="946" CONTENT="bords" ID="tl_22_4" STYLEREFS="FONT0"/>
            <SP HEIGHT="88" WIDTH="20" VPOS="1586" HPOS="1123"/>
            <String HEIGHT="88" WIDTH="118" VPOS="1586" HPOS="1064" CONTENT="de" ID="tl_22_5" STYLEREFS="FONT0"/>
            <SP HEIGHT="88" WIDTH="20" VPOS="1586" HPOS="1182"/>
            <String HEIGHT="88" WIDTH="197" VPOS="1586" HPOS="1123" CONTENT="l’Oise" ID="tl_22_6" STYLEREFS="FONT0"/>
            <SP HEIGHT="88" WIDTH="20" VPOS="1586" HPOS="1319"/>
            <String HEIGHT="88" WIDTH="98" VPOS="1586" HPOS="1260" CONTENT="à" ID="tl_22_7" STYLEREFS="FONT0"/>
            <SP HEIGHT="88" WIDTH="20" VPOS="1586" HPOS="1359"/>
            <String HEIGHT="88" WIDTH="177" VPOS="1586" HPOS="1280" CONTENT="Auvers." ID="tl_22_8" STYLEREFS="FONT0"/>
          </TextLine>
        </TextBlock>
        <TextBlock ID="r_2_16" HEIGHT="59" WIDTH="735" VPOS="1656" HPOS="461">
          <TextLine ID="tl_23" BASELINE="1753" HEIGHT="104" WIDTH="750" VPOS="1649" HPOS="454">
            <String HEIGHT="104" WIDTH="308" VPOS="1649" HPOS="435" CONTENT="*641" ID="tl_23_1" STYLEREFS="FONT1"/>
            <SP HEIGHT="104" WIDTH="19" VPOS="1649" HPOS="742"/>
            <String HEIGHT="104" WIDTH="115" VPOS="1649" HPOS="685" CONTENT="Le" ID="tl_23_2" STYLEREFS="FONT0"/>
            <SP HEIGHT="104" WIDTH="19" VPOS="1649" HPOS="800"/>
            <String HEIGHT="104" WIDTH="154" VPOS="1649" HPOS="742" CONTENT="soir" ID="tl_23_3" STYLEREFS="FONT0"/>
            <SP HEIGHT="104" WIDTH="19" VPOS="1649" HPOS="896"/>
            <String HEIGHT="104" WIDTH="96" VPOS="1649" HPOS="839" CONTENT="à" ID="tl_23_4" STYLEREFS="FONT0"/>
            <SP HEIGHT="104" WIDTH="19" VPOS="1649" HPOS="935"/>
            <String HEIGHT="104" WIDTH="346" VPOS="1649" HPOS="858" CONTENT="Éraguy" ID="tl_23_5" STYLEREFS="FONT0"/>
          </TextLine>
        </TextBlock>
        <TextBlock ID="r_2_17" HEIGHT="39" WIDTH="403" VPOS="1727" HPOS="462">
          <TextLine ID="tl_24" BASELINE="1795" HEIGHT="90" WIDTH="420" VPOS="1705" HPOS="453">
            <String HEIGHT="90" WIDTH="280" VPOS="1705" HPOS="436" CONTENT="*642" ID="tl_24_1" STYLEREFS="FONT1"/>
            <SP HEIGHT="90" WIDTH="18" VPOS="1705" HPOS="716"/>
            <String HEIGHT="90" WIDTH="123" VPOS="1705" HPOS="663" CONTENT="Les" ID="tl_24_2" STYLEREFS="FONT0"/>
            <SP HEIGHT="90" WIDTH="18" VPOS="1705" HPOS="786"/>
            <String HEIGHT="90" WIDTH="158" VPOS="1705" HPOS="716" CONTENT="meules." ID="tl_24_3" STYLEREFS="FONT0"/>
          </TextLine>
        </TextBlock>
        <TextBlock ID="r_2_18" HEIGHT="111" WIDTH="1202" VPOS="1819" HPOS="369">
          <TextLine ID="tl_25" BASELINE="1874" HEIGHT="85" WIDTH="1216" VPOS="1789" HPOS="362">
            <String HEIGHT="85" WIDTH="317" VPOS="1789" HPOS="336" CONTENT="PRESSEQ," ID="tl_25_1" STYLEREFS="FONT0"/>
            <SP HEIGHT="85" WIDTH="26" VPOS="1789" HPOS="653"/>
            <String HEIGHT="85" WIDTH="397" VPOS="1789" HPOS="573" CONTENT="Henri-René," ID="tl_25_2" STYLEREFS="FONT0"/>
            <SP HEIGHT="85" WIDTH="26" VPOS="1789" HPOS="970"/>
            <String HEIGHT="85" WIDTH="159" VPOS="1789" HPOS="891" CONTENT="né" ID="tl_25_3" STYLEREFS="FONT0"/>
            <SP HEIGHT="85" WIDTH="26" VPOS="1789" HPOS="1049"/>
            <String HEIGHT="85" WIDTH="132" VPOS="1789" HPOS="970" CONTENT="à" ID="tl_25_4" STYLEREFS="FONT0"/>
            <SP HEIGHT="85" WIDTH="26" VPOS="1789" HPOS="1102"/>
            <String HEIGHT="85" WIDTH="370" VPOS="1789" HPOS="1023" CONTENT="Montauban." ID="tl_25_5" STYLEREFS="FONT0"/>
            <SP HEIGHT="85" WIDTH="26" VPOS="1789" HPOS="1393"/>
            <String HEIGHT="85" WIDTH="132" VPOS="1789" HPOS="1314" CONTENT="—" ID="tl_25_6" STYLEREFS="FONT0"/>
            <SP HEIGHT="85" WIDTH="26" VPOS="1789" HPOS="1446"/>
            <String HEIGHT="85" WIDTH="185" VPOS="1789" HPOS="1367" CONTENT="22," ID="tl_25_7" STYLEREFS="FONT0"/>
            <SP HEIGHT="85" WIDTH="26" VPOS="1789" HPOS="1552"/>
            <String HEIGHT="85" WIDTH="132" VPOS="1789" HPOS="1446" CONTENT="rue" ID="tl_25_8" STYLEREFS="FONT0"/>
          </TextLine>
          <TextLine ID="tl_26" BASELINE="1948" HEIGHT="85" WIDTH="532" VPOS="1863" HPOS="410">
            <String HEIGHT="85" WIDTH="421" VPOS="1863" HPOS="388" CONTENT="Godot-de-Mauroi" ID="tl_26_1" STYLEREFS="FONT0"/>
            <SP HEIGHT="85" WIDTH="22" VPOS="1863" HPOS="809"/>
            <String HEIGHT="85" WIDTH="222" VPOS="1863" HPOS="720" CONTENT="(Paris)." ID="tl_26_2" STYLEREFS="FONT0"/>
          </TextLine>
        </TextBlock>
        <TextBlock ID="r_2_19" HEIGHT="41" WIDTH="748" VPOS="1939" HPOS="463">
          <TextLine ID="tl_27" BASELINE="1990" HEIGHT="68" WIDTH="761" VPOS="1922" HPOS="456">
            <String HEIGHT="68" WIDTH="304" VPOS="1922" HPOS="437" CONTENT="*613" ID="tl_27_1" STYLEREFS="FONT1"/>
            <SP HEIGHT="68" WIDTH="19" VPOS="1922" HPOS="741"/>
            <String HEIGHT="68" WIDTH="114" VPOS="1922" HPOS="684" CONTENT="Le" ID="tl_27_2" STYLEREFS="FONT0"/>
            <SP HEIGHT="68" WIDTH="19" VPOS="1922" HPOS="798"/>
            <String HEIGHT="68" WIDTH="171" VPOS="1922" HPOS="741" CONTENT="moins" ID="tl_27_3" STYLEREFS="FONT0"/>
            <SP HEIGHT="68" WIDTH="19" VPOS="1922" HPOS="913"/>
            <String HEIGHT="68" WIDTH="209" VPOS="1922" HPOS="856" CONTENT="heureux" ID="tl_27_4" STYLEREFS="FONT0"/>
            <SP HEIGHT="68" WIDTH="19" VPOS="1922" HPOS="1065"/>
            <String HEIGHT="68" WIDTH="133" VPOS="1922" HPOS="1008" CONTENT="des" ID="tl_27_5" STYLEREFS="FONT0"/>
            <SP HEIGHT="68" WIDTH="19" VPOS="1922" HPOS="1141"/>
            <String HEIGHT="68" WIDTH="152" VPOS="1922" HPOS="1065" CONTENT="trois." ID="tl_27_6" STYLEREFS="FONT0"/>
          </TextLine>
        </TextBlock>
        <TextBlock ID="r_2_20" HEIGHT="50" WIDTH="757" VPOS="2000" HPOS="463">
          <TextLine ID="tl_28" BASELINE="2060" HEIGHT="71" WIDTH="770" VPOS="1989" HPOS="457">
            <String HEIGHT="71" WIDTH="324" VPOS="1989" HPOS="437" CONTENT="*644" ID="tl_28_1" STYLEREFS="FONT1"/>
            <SP HEIGHT="71" WIDTH="20" VPOS="1989" HPOS="761"/>
            <String HEIGHT="71" WIDTH="182" VPOS="1989" HPOS="700" CONTENT="Temps" ID="tl_28_2" STYLEREFS="FONT0"/>
            <SP HEIGHT="71" WIDTH="20" VPOS="1989" HPOS="883"/>
            <String HEIGHT="71" WIDTH="203" VPOS="1989" HPOS="822" CONTENT="calme," ID="tl_28_3" STYLEREFS="FONT0"/>
            <SP HEIGHT="71" WIDTH="20" VPOS="1989" HPOS="1024"/>
            <String HEIGHT="71" WIDTH="142" VPOS="1989" HPOS="964" CONTENT="mer" ID="tl_28_4" STYLEREFS="FONT0"/>
            <SP HEIGHT="71" WIDTH="20" VPOS="1989" HPOS="1105"/>
            <String HEIGHT="71" WIDTH="122" VPOS="1989" HPOS="1045" CONTENT="du" ID="tl_28_5" STYLEREFS="FONT0"/>
            <SP HEIGHT="71" WIDTH="20" VPOS="1989" HPOS="1166"/>
            <String HEIGHT="71" WIDTH="142" VPOS="1989" HPOS="1085" CONTENT="Nord." ID="tl_28_6" STYLEREFS="FONT0"/>
          </TextLine>
        </TextBlock>
        <TextBlock ID="r_2_21" HEIGHT="112" WIDTH="1037" VPOS="2058" HPOS="461">
          <TextLine ID="tl_29" BASELINE="2114" HEIGHT="84" WIDTH="1051" VPOS="2030" HPOS="454">
            <String HEIGHT="84" WIDTH="317" VPOS="2030" HPOS="434" CONTENT="*645" ID="tl_29_1" STYLEREFS="FONT1"/>
            <SP HEIGHT="84" WIDTH="20" VPOS="2030" HPOS="751"/>
            <String HEIGHT="84" WIDTH="119" VPOS="2030" HPOS="692" CONTENT="La" ID="tl_29_2" STYLEREFS="FONT0"/>
            <SP HEIGHT="84" WIDTH="20" VPOS="2030" HPOS="811"/>
            <String HEIGHT="84" WIDTH="178" VPOS="2030" HPOS="751" CONTENT="mare," ID="tl_29_3" STYLEREFS="FONT0"/>
            <SP HEIGHT="84" WIDTH="20" VPOS="2030" HPOS="930"/>
            <String HEIGHT="84" WIDTH="159" VPOS="2030" HPOS="870" CONTENT="coin" ID="tl_29_4" STYLEREFS="FONT0"/>
            <SP HEIGHT="84" WIDTH="20" VPOS="2030" HPOS="1029"/>
            <String HEIGHT="84" WIDTH="119" VPOS="2030" HPOS="970" CONTENT="du" ID="tl_29_5" STYLEREFS="FONT0"/>
            <SP HEIGHT="84" WIDTH="20" VPOS="2030" HPOS="1089"/>
            <String HEIGHT="84" WIDTH="159" VPOS="2030" HPOS="1029" CONTENT="parc" ID="tl_29_6" STYLEREFS="FONT0"/>
            <SP HEIGHT="84" WIDTH="20" VPOS="2030" HPOS="1188"/>
            <String HEIGHT="84" WIDTH="119" VPOS="2030" HPOS="1128" CONTENT="de" ID="tl_29_7" STYLEREFS="FONT0"/>
            <SP HEIGHT="84" WIDTH="20" VPOS="2030" HPOS="1247"/>
            <String HEIGHT="84" WIDTH="218" VPOS="2030" HPOS="1188" CONTENT="Gœulzin" ID="tl_29_8" STYLEREFS="FONT0"/>
            <SP HEIGHT="84" WIDTH="20" VPOS="2030" HPOS="1406"/>
            <String HEIGHT="84" WIDTH="178" VPOS="2030" HPOS="1327" CONTENT="(Nord)." ID="tl_29_9" STYLEREFS="FONT0"/>
          </TextLine>
          <TextLine ID="tl_30" BASELINE="2177" HEIGHT="70" WIDTH="773" VPOS="2107" HPOS="479">
            <String HEIGHT="70" WIDTH="276" VPOS="2107" HPOS="461" CONTENT="646" ID="tl_30_1" STYLEREFS="FONT1"/>
            <SP HEIGHT="70" WIDTH="18" VPOS="2107" HPOS="737"/>
            <String HEIGHT="70" WIDTH="166" VPOS="2107" HPOS="681" CONTENT="Bords" ID="tl_30_2" STYLEREFS="FONT0"/>
            <SP HEIGHT="70" WIDTH="18" VPOS="2107" HPOS="847"/>
            <String HEIGHT="70" WIDTH="110" VPOS="2107" HPOS="792" CONTENT="de" ID="tl_30_3" STYLEREFS="FONT0"/>
            <SP HEIGHT="70" WIDTH="18" VPOS="2107" HPOS="902"/>
            <String HEIGHT="70" WIDTH="110" VPOS="2107" HPOS="847" CONTENT="la" ID="tl_30_4" STYLEREFS="FONT0"/>
            <SP HEIGHT="70" WIDTH="18" VPOS="2107" HPOS="958"/>
            <String HEIGHT="70" WIDTH="184" VPOS="2107" HPOS="902" CONTENT="Deûle," ID="tl_30_5" STYLEREFS="FONT0"/>
            <SP HEIGHT="70" WIDTH="18" VPOS="2107" HPOS="1086"/>
            <String HEIGHT="70" WIDTH="147" VPOS="2107" HPOS="1031" CONTENT="près" ID="tl_30_6" STYLEREFS="FONT0"/>
            <SP HEIGHT="70" WIDTH="18" VPOS="2107" HPOS="1178"/>
            <String HEIGHT="70" WIDTH="147" VPOS="2107" HPOS="1105" CONTENT="Lille." ID="tl_30_7" STYLEREFS="FONT0"/>
          </TextLine>
        </TextBlock>
        <TextBlock ID="r_2_22" HEIGHT="102" WIDTH="1204" VPOS="2215" HPOS="369">
          <TextLine ID="tl_31" BASELINE="2280" HEIGHT="91" WIDTH="1218" VPOS="2189" HPOS="362">
            <String HEIGHT="91" WIDTH="281" VPOS="2189" HPOS="339" CONTENT="QUILLET," ID="tl_31_1" STYLEREFS="FONT0"/>
            <SP HEIGHT="91" WIDTH="23" VPOS="2189" HPOS="620"/>
            <String HEIGHT="91" WIDTH="328" VPOS="2189" HPOS="549" CONTENT="Ferdinand," ID="tl_31_2" STYLEREFS="FONT0"/>
            <SP HEIGHT="91" WIDTH="23" VPOS="2189" HPOS="877"/>
            <String HEIGHT="91" WIDTH="141" VPOS="2189" HPOS="807" CONTENT="né" ID="tl_31_3" STYLEREFS="FONT0"/>
            <SP HEIGHT="91" WIDTH="23" VPOS="2189" HPOS="948"/>
            <String HEIGHT="91" WIDTH="117" VPOS="2189" HPOS="877" CONTENT="à" ID="tl_31_4" STYLEREFS="FONT0"/>
            <SP HEIGHT="91" WIDTH="23" VPOS="2189" HPOS="994"/>
            <String HEIGHT="91" WIDTH="211" VPOS="2189" HPOS="924" CONTENT="Niort" ID="tl_31_5" STYLEREFS="FONT0"/>
            <SP HEIGHT="91" WIDTH="23" VPOS="2189" HPOS="1135"/>
            <String HEIGHT="91" WIDTH="422" VPOS="2189" HPOS="1065" CONTENT="(Deux-Sèvres)," ID="tl_31_6" STYLEREFS="FONT0"/>
            <SP HEIGHT="91" WIDTH="23" VPOS="2189" HPOS="1486"/>
            <String HEIGHT="91" WIDTH="141" VPOS="2189" HPOS="1416" CONTENT="8," ID="tl_31_7" STYLEREFS="FONT0"/>
            <SP HEIGHT="91" WIDTH="23" VPOS="2189" HPOS="1557"/>
            <String HEIGHT="91" WIDTH="117" VPOS="2189" HPOS="1463" CONTENT="rue" ID="tl_31_8" STYLEREFS="FONT0"/>
          </TextLine>
          <TextLine ID="tl_32" BASELINE="2327" HEIGHT="64" WIDTH="1062" VPOS="2263" HPOS="411">
            <String HEIGHT="64" WIDTH="885" VPOS="2263" HPOS="352" CONTENT="Saint-Jean." ID="tl_32_1" STYLEREFS="FONT0"/>
            <SP HEIGHT="64" WIDTH="59" VPOS="2263" HPOS="1237"/>
            <String HEIGHT="64" WIDTH="472" VPOS="2263" HPOS="1001" CONTENT="Paris." ID="tl_32_2" STYLEREFS="FONT0"/>
          </TextLine>
        </TextBlock>
        <TextBlock ID="r_2_23" HEIGHT="41" WIDTH="554" VPOS="2335" HPOS="486">
          <TextLine ID="tl_33" BASELINE="2386" HEIGHT="67" WIDTH="567" VPOS="2319" HPOS="480">
            <String HEIGHT="67" WIDTH="258" VPOS="2319" HPOS="463" CONTENT="647" ID="tl_33_1" STYLEREFS="FONT1"/>
            <SP HEIGHT="67" WIDTH="17" VPOS="2319" HPOS="721"/>
            <String HEIGHT="67" WIDTH="103" VPOS="2319" HPOS="669" CONTENT="La" ID="tl_33_2" STYLEREFS="FONT0"/>
            <SP HEIGHT="67" WIDTH="17" VPOS="2319" HPOS="772"/>
            <String HEIGHT="67" WIDTH="155" VPOS="2319" HPOS="721" CONTENT="Fille" ID="tl_33_3" STYLEREFS="FONT0"/>
            <SP HEIGHT="67" WIDTH="17" VPOS="2319" HPOS="875"/>
            <String HEIGHT="67" WIDTH="103" VPOS="2319" HPOS="824" CONTENT="de" ID="tl_33_4" STYLEREFS="FONT0"/>
            <SP HEIGHT="67" WIDTH="17" VPOS="2319" HPOS="927"/>
            <String HEIGHT="67" WIDTH="189" VPOS="2319" HPOS="858" CONTENT="l’auteur." ID="tl_33_5" STYLEREFS="FONT0"/>
          </TextLine>
        </TextBlock>
        <TextBlock ID="r_2_24" HEIGHT="54" WIDTH="992" VPOS="2392" HPOS="486">
          <TextLine ID="tl_34" BASELINE="2450" HEIGHT="75" WIDTH="1005" VPOS="2375" HPOS="479">
            <String HEIGHT="75" WIDTH="343" VPOS="2375" HPOS="456" CONTENT="648" ID="tl_34_1" STYLEREFS="FONT1"/>
            <SP HEIGHT="75" WIDTH="23" VPOS="2375" HPOS="799"/>
            <String HEIGHT="75" WIDTH="206" VPOS="2375" HPOS="730" CONTENT="Ferme" ID="tl_34_2" STYLEREFS="FONT0"/>
            <SP HEIGHT="75" WIDTH="23" VPOS="2375" HPOS="936"/>
            <String HEIGHT="75" WIDTH="137" VPOS="2375" HPOS="867" CONTENT="de" ID="tl_34_3" STYLEREFS="FONT0"/>
            <SP HEIGHT="75" WIDTH="23" VPOS="2375" HPOS="1004"/>
            <String HEIGHT="75" WIDTH="274" VPOS="2375" HPOS="936" CONTENT="Beaulieu" ID="tl_34_4" STYLEREFS="FONT0"/>
            <SP HEIGHT="75" WIDTH="23" VPOS="2375" HPOS="1210"/>
            <String HEIGHT="75" WIDTH="365" VPOS="2375" HPOS="1119" CONTENT="(Deux" ID="tl_34_5" STYLEREFS="FONT0"/>
          </TextLine>
        </TextBlock>
        <TextBlock ID="r_2_25" HEIGHT="52" WIDTH="954" VPOS="2454" HPOS="488">
          <TextLine ID="tl_35" BASELINE="2529" HEIGHT="98" WIDTH="967" VPOS="2431" HPOS="481">
            <String HEIGHT="98" WIDTH="309" VPOS="2431" HPOS="460" CONTENT="649" ID="tl_35_1" STYLEREFS="FONT1"/>
            <SP HEIGHT="98" WIDTH="21" VPOS="2431" HPOS="769"/>
            <String HEIGHT="98" WIDTH="123" VPOS="2431" HPOS="707" CONTENT="Un" ID="tl_35_2" STYLEREFS="FONT0"/>
            <SP HEIGHT="98" WIDTH="21" VPOS="2431" HPOS="831"/>
            <String HEIGHT="98" WIDTH="165" VPOS="2431" HPOS="769" CONTENT="coin" ID="tl_35_3" STYLEREFS="FONT0"/>
            <SP HEIGHT="98" WIDTH="21" VPOS="2431" HPOS="934"/>
            <String HEIGHT="98" WIDTH="123" VPOS="2431" HPOS="872" CONTENT="de" ID="tl_35_4" STYLEREFS="FONT0"/>
            <SP HEIGHT="98" WIDTH="21" VPOS="2431" HPOS="995"/>
            <String HEIGHT="98" WIDTH="206" VPOS="2431" HPOS="934" CONTENT="jardin" ID="tl_35_5" STYLEREFS="FONT0"/>
            <SP HEIGHT="98" WIDTH="21" VPOS="2431" HPOS="1139"/>
            <String HEIGHT="98" WIDTH="206" VPOS="2431" HPOS="1078" CONTENT="public" ID="tl_35_6" STYLEREFS="FONT0"/>
            <SP HEIGHT="98" WIDTH="21" VPOS="2431" HPOS="1283"/>
            <String HEIGHT="98" WIDTH="123" VPOS="2431" HPOS="1222" CONTENT="de" ID="tl_35_7" STYLEREFS="FONT0"/>
            <SP HEIGHT="98" WIDTH="21" VPOS="2431" HPOS="1345"/>
            <String HEIGHT="98" WIDTH="206" VPOS="2431" HPOS="1283" CONTENT="Niort." ID="tl_35_8" STYLEREFS="FONT0"/>
            <SP HEIGHT="98" WIDTH="21" VPOS="2431" HPOS="1489"/>
            <String HEIGHT="98" WIDTH="41" VPOS="2431" HPOS="1407" CONTENT="" ID="tl_35_9" STYLEREFS="FONT0"/>
          </TextLine>
        </TextBlock>
        <TextBlock ID="r_2_26" HEIGHT="45" WIDTH="958" VPOS="2511" HPOS="490">
          <TextLine ID="tl_36" BASELINE="2587" HEIGHT="89" WIDTH="973" VPOS="2498" HPOS="482">
            <String HEIGHT="89" WIDTH="521" VPOS="2498" HPOS="447" CONTENT="650" ID="tl_36_1" STYLEREFS="FONT1"/>
            <SP HEIGHT="89" WIDTH="35" VPOS="2498" HPOS="969"/>
            <String HEIGHT="89" WIDTH="243" VPOS="2498" HPOS="864" CONTENT="Les" ID="tl_36_2" STYLEREFS="FONT0"/>
            <SP HEIGHT="89" WIDTH="35" VPOS="2498" HPOS="1108"/>
            <String HEIGHT="89" WIDTH="452" VPOS="2498" HPOS="1003" CONTENT="batteurs." ID="tl_36_3" STYLEREFS="FONT0"/>
            <SP HEIGHT="89" WIDTH="35" VPOS="2498" HPOS="1455"/>
            <String HEIGHT="89" WIDTH="139" VPOS="2498" HPOS="1351" CONTENT="" ID="tl_36_4" STYLEREFS="FONT0"/>
            <SP HEIGHT="89" WIDTH="35" VPOS="2498" HPOS="1490"/>
            <String HEIGHT="89" WIDTH="139" VPOS="2498" HPOS="1386" CONTENT="" ID="tl_36_5" STYLEREFS="FONT0"/>
            <SP HEIGHT="89" WIDTH="35" VPOS="2498" HPOS="1525"/>
            <String HEIGHT="89" WIDTH="70" VPOS="2498" HPOS="1386" CONTENT="" ID="tl_36_6" STYLEREFS="FONT0"/>
          </TextLine>
        </TextBlock>
        <GraphicalElement ID="r_3" HEIGHT="13" WIDTH="611" VPOS="80" HPOS="1240"/>
        <GraphicalElement ID="r_4" HEIGHT="113" WIDTH="6" VPOS="89" HPOS="1859"/>
      </PrintSpace>
    </Page>
  </Layout>
</alto>
