1928 3064
872 303 192 88 —
948 303 230 88 40
1025 303 115 88 —

510 383 277 79 800
731 383 184 79 Pointe
860 383 111 79 de
915 383 166 79 l’île
1026 383 258 79 Saint-Ouen
1229 383 148 79 (vue
1321 383 111 79 de
1358 383 166 79 l’île).

510 447 288 77 801
740 447 211 77 Prairie
894 447 192 77 devant
1028 447 115 77 le
1086 447 211 77 château
1239 447 115 77 de
1297 447 211 77 Chevain
1431 447 192 77 (Sarthe)

682 526 335 82 (appartient
950 526 112 82 à
995 526 157 82 Mme
1062 526 559 82 Levasseur

384 586 239 114 URBAN,
551 586 286 114 Ernesta,
766 586 167 114 née
861 586 119 114 à
909 586 239 114 Vienne
1076 586 358 114 (Autriche).
1363 586 119 114 —
1410 586 143 114 7,
1458 586 167 114 villa

432 681 366 88 Michel-Ange,
707 681 229 88 Auteuil.

508 769 299 60 802
747 769 239 60 Portrait
926 769 119 60 de
986 769 119 60 M.
1046 769 119 60 le
1105 769 219 60 docteur
1265 769 279 60 Chautemps,
1464 769 159 60 ancien

685 817 291 75 président
908 817 134 75 du
975 817 246 75 Conseil
1154 817 313 75 municipal,
1400 817 224 75 député
1535 817 89 75 de

684 879 125 65 la
726 879 167 65 Seine.

508 949 291 52 803
741 949 233 52 Portrait
916 949 117 52 de
974 949 136 52 Mme
1051 949 155 52 Paul
1129 949 175 52 Alexis.

416 993 328 85 *804
682 993 164 85 Hier
785 993 123 85 et
826 993 185 85 demain.

486 1065 295 82 *805
725 1065 166 82 Dupes
836 1065 111 82 et
872 1065 203 82 Victimes.

389 1135 267 94 VALTON,
583 1135 437 94 Edmond-Eugène,
947 1135 146 94 né
1020 1135 121 94 à
1069 1135 243 94 Paris.
1239 1135 121 94 —
1287 1135 170 94 49,
1360 1135 267 94 boulevard

437 1225 436 102 Richard-Lenoir,
804 1225 115 102 à
850 1225 229 102 Paris.
1010 1225 275 102 Atelier,
1216 1225 138 102 3,
1285 1225 160 102 rue
1377 1225 138 102 de
1423 1225 206 102 Breton

419 1283 199 82 villers.

514 1353 271 83 806
731 1353 108 83 Le
785 1353 325 83 Port-Louviers,
1056 1353 90 83 à
1074 1353 144 83 Paris.

514 1413 255 86 807
718 1413 187 86 Croquis
837 1413 204 86 d’atelier.

517 1479 226 73 808
698 1479 90 73 Le
728 1479 105 73 soir.

514 1503 322 118 809
771 1503 215 118 Gorges
922 1503 129 118 de
986 1503 301 118 Roncevaux.
1223 1503 193 118 Forêt
1352 1503 129 118 de
1395 1503 236 118 Fontaine

673 1604 189 66 bleau.

518 1636 260 102 810
726 1636 156 102 Paris
830 1636 121 102 qui
882 1636 191 102 s’allume.

517 1723 262 67 811
726 1723 105 67 Au
761 1723 157 67 marché.

518 1781 255 67 812
722 1781 102 67 Le
756 1781 170 67 hersage.

517 1838 246 74 813
713 1838 98 74 Le
746 1838 131 74 matin.

511 1890 303 86 814
753 1890 202 86 Femmes
895 1890 142 86 des
976 1890 243 86 environs
1158 1890 121 86 de
1198 1890 142 86 Rome.

398 1955 107 91 —
440 1955 299 91 815
676 1955 128 91 La
718 1955 214 91 moisson.

393 2038 169 94 VAN
489 2038 145 94 DE
562 2038 241 94 VELDE,
731 2038 241 94 Henry,
899 2038 145 94 né
972 2038 121 94 à
1020 2038 241 94 Anvers
1189 2038 362 94 (Belgique).
1478 2038 121 94 —
1502 2038 121 94 41,

441 2131 170 80 rue
514 2131 146 80 Osy.

512 2200 290 75 816
740 2200 186 75 Faits
864 2200 124 75 du
926 2200 248 75 village:
1112 2200 145 75 VI.
1195 2200 124 75 La
1257 2200 186 75 femme
1381 2200 207 75 assise
1526 2200 103 75 à
1546 2200 83 75 la

683 2261 213 75 fenêtre.

515 2316 260 78 817
720 2316 148 78 VII.
812 2316 111 78 La
868 2316 167 78 fille
979 2316 130 78 qui
1054 2316 241 78 remaille,
1239 2316 260 78 appartient
1443 2316 93 78 à
1481 2316 111 78 M.
1518 2316 111 78 Léon

374 2380 529 73 Lespine.

515 2440 286 73 818
744 2440 210 73 Paysage
877 2440 191 73 mondain,

518 2500 283 78 819
744 2500 207 78 Paysage
876 2500 189 78 mondain.
