3548 4609
493 413 954 145 Comissdo
1208 413 477 145 de
1367 413 556 145 Honra

513 775 314 80 OS
670 775 836 80 GOVERNADORES
1349 775 366 80 DOS
1506 775 523 80 ESTADOS.

534 1026 271 98 Sua
689 1026 541 98 Excelencia
1114 1026 193 98 0
1191 1026 271 98 Sr.
1346 1026 502 98 Francisco
1732 1026 502 98 Wanderley
2119 1026 425 98 Dantas,
2428 1026 541 98 Governador
2814 1026 155 98 do

677 1134 393 82 Estado
952 1134 236 82 do
1031 1134 275 82 Acre.

541 1398 271 89 Sua
696 1398 541 89 Excelencia
1121 1398 193 89 0
1198 1398 271 89 Sr.
1353 1398 425 89 Afranio
1662 1398 425 89 Salgado
1971 1398 348 89 Lage,
2203 1398 541 89 Governador
2628 1398 232 89 do
2705 1398 271 89 Esta-

681 1494 236 88 do
799 1494 236 88 de
877 1494 394 88 Alagoas.

545 1758 266 89 Sua
697 1758 532 89 Excelencia
1115 1758 190 89 0
1191 1758 266 89 Sr.
1343 1758 304 89 Cel.
1533 1758 304 89 João
1723 1758 380 89 Walter
1990 1758 380 89 Maciel
2256 1758 228 89 de
2370 1758 456 89 Andrade,
2674 1758 304 89 Cover-

678 1869 365 67 nador
922 1869 244 67 do
1044 1869 406 67 Estado
1328 1869 244 67 do
1409 1869 447 67 Amazonas.

532 2106 279 86 Sua
692 2106 558 86 Excelencia
1130 2106 199 86 0
1210 2106 279 86 Sr.
1369 2106 439 86 Antonio
1688 2106 399 86 Carlos
1967 2106 558 86 Magalhâes,
2406 2106 558 86 Governador
2805 2106 159 86 do

690 2205 389 80 Estado
962 2205 233 80 da
1040 2205 311 80 Bahia.

550 2437 257 104 Sua
697 2437 513 104 Excelencia
1100 2437 183 104 0
1174 2437 220 104 Sr
1284 2437 330 104 Hélio
1504 2437 367 104 Prates
1761 2437 477 104 Silveira,
2127 2437 513 104 Governador
2531 2437 220 104 do
2604 2437 367 104 Distrito

661 2550 375 73 Federal.

550 2792 261 79 Sua
699 2792 522 79 Excelencia
1109 2792 186 79 0
1183 2792 261 79 Sr.
1332 2792 335 79 César
1556 2792 298 79 Cals
1742 2792 224 79 de
1854 2792 447 79 Oliveira
2189 2792 373 79 Filho,
2450 2792 522 79 Governador
2822 2792 149 79 do

711 2886 394 81 Estado
987 2886 237 81 do
1066 2886 316 81 Cearâ.

555 3130 274 83 Sua
711 3130 547 83 Excelencia
1141 3130 195 83 0
1219 3130 274 83 Sr.
1376 3130 391 83 Arthur
1649 3130 391 83 Carlos
1923 3130 430 83 Gerhard
2235 3130 430 83 Santos,
2509 3130 469 83 Governador

713 3230 225 77 do
826 3230 376 77 Estado
1089 3230 225 77 do
1202 3230 451 77 Espirito
1502 3230 301 77 Santo.

558 3477 282 74 Sua
719 3477 564 74 Excelencia
1162 3477 202 74 0
1243 3477 282 74 Sr.
1404 3477 443 74 Leonino
1727 3477 242 74 de
1847 3477 363 74 Ramos
2089 3477 443 74 Caiado,
2412 3477 564 74 Governador
2815 3477 161 74 do

711 3566 381 81 Estado
978 3566 229 81 de
1054 3566 305 81 Goiâs.

558 3806 267 89 Sua
710 3806 534 89 Excelencia
1130 3806 191 89 0
1206 3806 267 89 Sr.
1358 3806 419 89 Antônio
1663 3806 229 89 de
1778 3806 343 89 Pâdua
2006 3806 381 89 Chagas
2273 3806 457 89 Freitas,
2578 3806 381 89 Governa-

569 3911 269 73 dor
722 3911 231 73 do
838 3911 385 73 Estado
1107 3911 231 73 da
1184 3911 462 73 Guanabara.

465 4092 204 83 6
