3548 4609
508 412 598 171 Juri
882 412 449 171 de
1032 412 822 171 Premiqçdo

564 743 276 96 São
721 743 395 96 Paulo;
998 743 237 96 M.
1116 743 237 96 A.
1234 743 237 96 S.
1353 743 355 96 L./B.
1589 743 237 96 P.
1668 743 158 96 72

702 998 180 78 O
774 998 287 78 Jüri
954 998 216 78 de
1061 998 467 78 Premiaçao
1420 998 251 78 foi
1564 998 539 78 constituido
1995 998 216 78 de
2103 998 323 78 cinco
2318 998 431 78 criticos
2642 998 216 78 de
2714 998 251 78 arte:

702 1186 416 78 Antonio
1005 1186 341 78 Bento
1232 1186 189 78 e
1308 1186 303 78 José
1497 1186 416 78 Roberto
1800 1186 454 78 Teixeira
2140 1186 378 78 Leite,
2405 1186 492 78 indicados
2746 1186 227 78 pela

553 1261 515 81 Associaçào
958 1261 515 81 Brasileira
1363 1261 221 81 de
1473 1261 442 81 Criticos
1805 1261 221 81 de
1878 1261 258 81 Arte;

696 1374 335 73 Jayme
919 1374 484 73 Mauricio,
1291 1374 447 73 indicado
1626 1374 298 73 pela
1812 1374 372 73 Mostra
2073 1374 223 73 de
2184 1374 298 73 Arte
2371 1374 223 73 do
2445 1374 521 73 Sesquicente-

539 1451 346 92 nario
769 1451 231 92 da
846 1451 616 92 Independencia;

694 1575 415 101 Lisetta
996 1575 340 101 Levi,
1223 1575 453 101 indicada
1562 1575 302 101 pela
1751 1575 453 101 Fundaçao
2091 1575 377 101 Bienal
2355 1575 226 101 de
2468 1575 264 101 Sào
2619 1575 377 101 Paulo,
2846 1575 113 101 e

694 1649 265 89 Ivo
845 1649 416 89 Zaninit
1148 1649 454 89 indicado
1488 1649 302 89 pela
1677 1649 529 89 Secretaria
2093 1649 227 89 de
2206 1649 454 89 Cultura,
2546 1649 454 89 Esportes
2849 1649 113 89 e

550 1726 425 79 Turismo
860 1726 232 79 do
976 1726 387 79 Estado
1246 1726 232 79 de
1362 1726 232 79 S.
1440 1726 309 79 Paulo.

1208 1925 438 95 Reuniâo
1527 1925 239 95 do
1647 1925 319 95 Jüri
1846 1925 199 95 e
1886 1925 438 95 Premiaçao

695 2104 183 85 O
769 2104 292 85 Juri
951 2104 219 85 de
1061 2104 511 85 Premiaçâo,
1462 2104 365 85 depois
1718 2104 219 85 de
1827 2104 292 85 très
2010 2104 292 85 dias
2192 2104 219 85 de
2302 2104 438 85 trabalho
2630 2104 256 85 (de
2776 2104 219 85 21
2849 2104 110 85 a

548 2182 216 90 23
656 2182 216 90 de
764 2182 395 90 agosto)
1051 2182 395 90 revelou
1338 2182 180 90 a
1410 2182 431 90 seguinte
1733 2182 395 90 relaçao
2021 2182 216 90 de
2129 2182 431 90 artistas
2416 2182 431 90 premiados:

673 2471 260 80 1
777 2471 260 80 —
881 2471 520 80 MOSTRA
1245 2471 312 80 DE
1401 2471 416 80 ARTE
1661 2471 260 80 —
1765 2471 1040 80 SESQUICENTENARIO
2597 2471 208 80 DA

1318 2565 826 74 INDEPENDÉNCIA:

684 2852 195 79 a
762 2852 195 79 —
840 2852 391 79 Premio
1114 2852 781 79 Sesquicentenârio
1778 2852 234 79 da
1895 2852 664 79 Independencia
2442 2852 234 79 do
2559 2852 430 79 Brasil,
2833 2852 117 79 à

534 2927 403 80 melhor
816 2927 322 80 obra
1017 2927 604 80 selecionada
1501 2927 282 80 nas
1662 2927 443 80 Mostras
1984 2927 242 80 de
2105 2927 322 80 Arte
2306 2927 524 80 Regionais
2709 2927 201 80 —
2750 2927 201 80 CrS

541 2999 498 74 20.000,00
924 2999 613 74 (aquisitivo)
1422 2999 460 74 ex-aequo
1767 2999 192 74 a
1844 2999 422 74 Aderson
2151 2999 422 74 Tavares
2458 2999 498 74 Medeiros,
2803 2999 153 74 do

553 3078 327 71 Cearà
771 3078 182 71 e
843 3078 291 71 Ilsa
1025 3078 472 71 Monteiro,
1388 3078 218 71 do
1497 3078 254 71 Rio
1642 3078 363 71 Grande
1896 3078 218 71 do
1969 3078 218 71 Sul.

685 3261 192 75 b
761 3261 192 75 —
838 3261 384 75 Premio
1107 3261 423 75 Governo
1415 3261 231 75 do
1530 3261 384 75 Estado
1799 3261 231 75 de
1914 3261 269 75 Sào
2068 3261 384 75 Paulo;
2337 3261 192 75 à
2414 3261 307 75 obra
2568 3261 384 75 selecio-

541 3343 292 74 nada
723 3343 255 74 nas
869 3343 401 74 Mostras
1161 3343 219 74 de
1270 3343 292 74 Arte
1452 3343 511 74 Regionais,
1854 3343 584 74 classificada
2328 3343 219 74 em
2437 3343 255 74 2.0
2583 3343 365 74 lugar,
2802 3343 146 74 no

535 3416 334 77 valor
758 3416 223 77 de
869 3416 260 77 Cr8
1018 3416 483 77 15.000,00
1389 3416 631 77 (aquisitivo),
1909 3416 446 77 ex-aequo
2243 3416 186 77 a
2317 3416 334 77 Nelly
2503 3416 446 77 Gutmacher,

539 3486 230 80 da
654 3486 538 80 Guanabara,
1076 3486 192 80 e
1153 3486 346 80 Décio
1383 3486 461 80 Gerhard,
1729 3486 230 80 da
1806 3486 422 80 Guanabara

685 3664 188 75 C
761 3664 188 75 —
836 3664 377 75 Prémio
1100 3664 528 75 Secretaria
1515 3664 226 75 de
1628 3664 415 75 Cultura
1929 3664 452 75 Esportes
2268 3664 188 75 e
2344 3664 452 75 Turismo;
2683 3664 188 75 à
2721 3664 226 75 obra

537 3733 524 83 selecionada
957 3733 245 83 nas
1096 3733 385 83 Mostras
1376 3733 210 83 de
1481 3733 280 83 Arte
1656 3733 454 83 Regionais
2005 3733 559 83 classificada
2460 3733 210 83 em
2564 3733 245 83 3.0
2669 3733 280 83 lugar.

537 3827 216 62 no
645 3827 324 62 valor
861 3827 216 62 de
969 3827 252 62 Cr8
1113 3827 468 62 10.000,00
1473 3827 612 62 (aquisitivo),
1977 3827 432 62 ex-aequo
2301 3827 180 62 a
2373 3827 396 62 Alfredo
2625 3827 324 62 Fontes.

548 3890 223 76 da
659 3890 520 76 Guanabara,
1068 3890 186 76 e
1142 3890 334 76 Ivens
1365 3890 483 76 Fontoura,
1736 3890 223 76 do
1811 3890 334 76 Paranâ.

2738 4078 220 81 79
