3548 4609
544 421 269 74 Sua
697 421 538 74 Excelencia
1120 421 192 74 0
1196 421 269 74 Sr.
1350 421 346 74 Pedro
1580 421 346 74 Neiva
1811 421 230 74 de
1926 421 461 74 Santana,
2272 421 538 74 Governador
2694 421 230 74 do
2771 421 192 74 Es-

688 516 323 82 tado
890 516 242 82 do
970 516 445 82 Maranhâo.

524 747 258 101 Sua
672 747 516 101 Excelencia
1077 747 184 101 0
1151 747 258 101 Sr.
1299 747 295 101 José
1483 747 369 101 Manuel
1741 747 553 101 Fontanillas
2184 747 479 101 Fragelli,
2515 747 443 101 Governader

687 845 237 81 do
806 845 395 81 Estado
1083 845 237 81 de
1201 845 316 81 Mato
1359 845 356 81 Grosso.

524 1088 278 72 Sua
683 1088 556 72 Excelencia
1120 1088 198 72 0
1199 1088 278 72 Sr.
1358 1088 397 72 Rondon
1635 1088 476 72 Pacheco,
1993 1088 556 72 Governador
2429 1088 238 72 do
2548 1088 397 72 Estado
2786 1088 159 72 de

687 1171 352 84 Minas
883 1171 352 84 Gerais.

535 1409 260 77 Sua
684 1409 521 77 Excelencia
1093 1409 186 77 0
1167 1409 260 77 Sr.
1316 1409 446 77 Fernando
1651 1409 298 77 Leâo
1837 1409 446 77 Guilhôn,
2172 1409 521 77 Governador
2581 1409 223 77 do
2655 1409 298 77 Estado

679 1502 239 80 do
759 1502 279 80 Parà.

543 1744 264 89 Sua
694 1744 528 89 Excelencia
1109 1744 189 89 0
1185 1744 264 89 Sr.
1336 1744 377 89 Ernani
1600 1744 340 89 Ayres
1827 1744 377 89 Sâtiro
2091 1744 189 89 e
2166 1744 377 89 Souza,
2431 1744 528 89 Governador
2808 1744 151 89 do

692 1846 391 75 Estado
966 1846 235 75 da
1044 1846 391 75 Paraiba.

540 2084 273 107 Sua
696 2084 546 107 Excelencia
1125 2084 195 107 0
1203 2084 273 107 Sr.
1359 2084 312 107 Engo
1554 2084 351 107 Pedro
1787 2084 429 107 Viriato
2099 2084 429 107 Parigot
2411 2084 234 107 de
2528 2084 390 107 Souza,
2762 2084 195 107 Go-

673 2191 470 73 vernador
1025 2191 235 73 do
1143 2191 391 73 Estado
1416 2191 235 73 do
1495 2191 352 73 Paranâ.

540 2437 278 81 Sua
699 2437 556 81 Excelencia
1136 2437 199 81 0
1216 2437 278 81 Sr.
1375 2437 397 81 Eraldo
1653 2437 477 81 Gueiros,
2010 2437 556 81 Governador
2447 2437 238 81 do
2567 2437 397 81 Estado
2805 2437 159 81 de

641 2535 542 72 Pernambuco.

525 2774 283 91 Sua
686 2774 566 91 Excelencia
1131 2774 202 91 0
1212 2774 283 91 Sr.
1374 2774 445 91 Alberto
1698 2774 445 91 Tavares
2021 2774 243 91 da
2143 2774 405 91 Silva,
2426 2774 566 91 Governador
2831 2774 121 91 o

689 2878 386 74 Estado
960 2878 232 74 do
1037 2878 309 74 Piaut.

539 3125 277 89 Sua
698 3125 554 89 Excelencia
1133 3125 198 89 0
1212 3125 277 89 Sr.
1371 3125 475 89 Raimundo
1727 3125 554 89 Dalmiriano
2162 3125 475 89 Padilha,
2479 3125 475 89 Covernador

686 3214 223 82 do
797 3214 372 82 Estado
1058 3214 223 82 do
1169 3214 260 82 Rio
1318 3214 223 82 de
1392 3214 372 82 Janeiro.

536 3470 268 72 Sua
689 3470 536 72 Excelencia
1110 3470 191 72 0
1186 3470 268 72 Sr.
1339 3470 306 72 José
1530 3470 383 72 Cortez
1798 3470 459 72 Pereira,
2143 3470 536 72 Governador
2563 3470 230 72 do
2640 3470 306 72 Estado

683 3556 245 83 do
806 3556 286 83 Rio
969 3556 409 83 Grande
1256 3556 245 83 do
1338 3556 327 83 Norte.

525 3805 269 83 Sua
678 3805 538 83 Excelencia
1101 3805 192 83 0
1177 3805 269 83 Sr.
1331 3805 461 83 Euclides
1677 3805 461 83 Triches,
2022 3805 538 83 Governador
2445 3805 230 83 do
2560 3805 384 83 Estado
2790 3805 154 83 do

684 3903 278 74 Rio
843 3903 398 74 Grande
1122 3903 239 74 do
1201 3903 239 74 Sul.

2736 4070 213 112 7
