<alto xmlns:xsi="http://www.w3.org/2001/XMLSchema-instance" xmlns="http://www.loc.gov/standards/alto/ns-v2#" xmlns:page="http://schema.primaresearch.org/PAGE/gts/pagecontent/2013-07-15" xsi:schemaLocation="http://www.loc.gov/standards/alto/ns-v2# http://www.loc.gov/standards/alto/alto.xsd">
  <Description>
    <MeasurementUnit>pixel</MeasurementUnit>
    <sourceImageInformation>
         <fileName>0019.xml</fileName>
      </sourceImageInformation>
    <OCRProcessing ID="IdOcr">
      <ocrProcessingStep>
        <processingDateTime>2020-06-30T15:03:23.52+02:00</processingDateTime>
        <processingSoftware>
               <softwareCreator>CONTRIBUTORS</softwareCreator>
               <softwareName>pdfalto</softwareName>
               <softwareVersion>0.1</softwareVersion>
            </processingSoftware>
      </ocrProcessingStep>
    </OCRProcessing>
  </Description>
  <Styles>
     <TextStyle ID="FONT0" FONTFAMILY="unknown" FONTSIZE="unknown" FONTTYPE="unknown" FONTWIDTH="unknown" FONTCOLOR="unknown" FONTSTYLE=""/>
     <TextStyle ID="FONT1" FONTFAMILY="unknown" FONTSIZE="unknown" FONTTYPE="unknown" FONTWIDTH="unknown" FONTCOLOR="unknown" FONTSTYLE="bold"/>
     <TextStyle ID="FONT2" FONTFAMILY="unknown" FONTSIZE="unknown" FONTTYPE="unknown" FONTWIDTH="unknown" FONTCOLOR="unknown" FONTSTYLE="italics"/>
</Styles>
  <Tags/>
  <Layout>
    <Page ID="Page1" PHYSICAL_IMG_NR="1" HEIGHT="4807.8740157480315" WIDTH="3346.4566929133857">
      <PrintSpace HEIGHT="4571.653543307087" WIDTH="3067.716535433071" VPOS="127.55905511811024" HPOS="0.0">
        <TextBlock ID="r_1_1" HEIGHT="114.96062992125984" WIDTH="1368.5039370078741" VPOS="629.9212598425197" HPOS="903.9370078740158">
          <TextLine ID="tl_1" BASELINE="497" HEIGHT="168.50393700787401" WIDTH="1388.976377952756" VPOS="614.1732283464567" HPOS="892.9133858267717">
            <String HEIGHT="168.50393700787401" WIDTH="1666.1417322834645" VPOS="614.1732283464567" HPOS="615.7480314960629" CONTENT="NECROLOGLE" ID="tl_1_1" STYLEREFS="FONT0"/>
          </TextLine>
        </TextBlock>
        <TextBlock ID="r_6_1" HEIGHT="96.06299212598425" WIDTH="1784.251968503937" VPOS="973.2283464566929" HPOS="699.2125984251968">
          <TextLine ID="tl_2" BASELINE="701" HEIGHT="187.4015748031496" WIDTH="1804.724409448819" VPOS="916.5354330708661" HPOS="688.1889763779527">
            <String HEIGHT="187.4015748031496" WIDTH="418.8976377952756" VPOS="916.5354330708661" HPOS="656.6929133858267" CONTENT="Marcel" ID="tl_2_1" STYLEREFS="FONT1"/>
            <SP HEIGHT="187.4015748031496" WIDTH="31.496062992125985" VPOS="916.5354330708661" HPOS="1075.5905511811025"/>
            <String HEIGHT="187.4015748031496" WIDTH="451.9685039370079" VPOS="916.5354330708661" HPOS="977.9527559055118" CONTENT="SEMBAT" ID="tl_2_2" STYLEREFS="FONT1"/>
            <SP HEIGHT="187.4015748031496" WIDTH="31.496062992125985" VPOS="916.5354330708661" HPOS="1429.9212598425197"/>
            <String HEIGHT="187.4015748031496" WIDTH="451.9685039370079" VPOS="916.5354330708661" HPOS="1332.283464566929" CONTENT="(Décédé" ID="tl_2_3" STYLEREFS="FONT2"/>
            <SP HEIGHT="187.4015748031496" WIDTH="31.496062992125985" VPOS="916.5354330708661" HPOS="1784.251968503937"/>
            <String HEIGHT="187.4015748031496" WIDTH="193.70078740157481" VPOS="916.5354330708661" HPOS="1686.6141732283465" CONTENT="le" ID="tl_2_4" STYLEREFS="FONT2"/>
            <SP HEIGHT="187.4015748031496" WIDTH="31.496062992125985" VPOS="916.5354330708661" HPOS="1880.3149606299212"/>
            <String HEIGHT="187.4015748031496" WIDTH="160.62992125984252" VPOS="916.5354330708661" HPOS="1784.251968503937" CONTENT="5" ID="tl_2_5" STYLEREFS="FONT2"/>
            <SP HEIGHT="187.4015748031496" WIDTH="31.496062992125985" VPOS="916.5354330708661" HPOS="1944.8818897637796"/>
            <String HEIGHT="187.4015748031496" WIDTH="548.0314960629921" VPOS="916.5354330708661" HPOS="1848.8188976377953" CONTENT="Septembre" ID="tl_2_6" STYLEREFS="FONT2"/>
            <SP HEIGHT="187.4015748031496" WIDTH="31.496062992125985" VPOS="916.5354330708661" HPOS="2396.850393700787"/>
            <String HEIGHT="187.4015748031496" WIDTH="225.1968503937008" VPOS="916.5354330708661" HPOS="2267.716535433071" CONTENT="1922)" ID="tl_2_7" STYLEREFS="FONT0"/>
          </TextLine>
        </TextBlock>
        <TextBlock ID="r_7_1" HEIGHT="97.63779527559055" WIDTH="1930.708661417323" VPOS="1102.3622047244094" HPOS="636.2204724409448">
          <TextLine ID="tl_3" BASELINE="766" HEIGHT="137.00787401574803" WIDTH="1954.3307086614172" VPOS="1069.291338582677" HPOS="625.1968503937007">
            <String HEIGHT="137.00787401574803" WIDTH="521.2598425196851" VPOS="1069.291338582677" HPOS="592.1259842519685" CONTENT="Georgette" ID="tl_3_1" STYLEREFS="FONT1"/>
            <SP HEIGHT="137.00787401574803" WIDTH="33.07086614173228" VPOS="1069.291338582677" HPOS="1113.3858267716535"/>
            <String HEIGHT="137.00787401574803" WIDTH="456.6929133858268" VPOS="1069.291338582677" HPOS="1015.7480314960629" CONTENT="AGUTTE" ID="tl_3_2" STYLEREFS="FONT1"/>
            <SP HEIGHT="137.00787401574803" WIDTH="33.07086614173228" VPOS="1069.291338582677" HPOS="1472.4409448818897"/>
            <String HEIGHT="137.00787401574803" WIDTH="488.18897637795277" VPOS="1069.291338582677" HPOS="1374.8031496062993" CONTENT="(Décédée" ID="tl_3_3" STYLEREFS="FONT2"/>
            <SP HEIGHT="137.00787401574803" WIDTH="33.07086614173228" VPOS="1069.291338582677" HPOS="1862.992125984252"/>
            <String HEIGHT="137.00787401574803" WIDTH="195.2755905511811" VPOS="1069.291338582677" HPOS="1765.3543307086613" CONTENT="le" ID="tl_3_4" STYLEREFS="FONT2"/>
            <SP HEIGHT="137.00787401574803" WIDTH="33.07086614173228" VPOS="1069.291338582677" HPOS="1960.6299212598426"/>
            <String HEIGHT="137.00787401574803" WIDTH="162.20472440944883" VPOS="1069.291338582677" HPOS="1862.992125984252" CONTENT="6" ID="tl_3_5" STYLEREFS="FONT2"/>
            <SP HEIGHT="137.00787401574803" WIDTH="33.07086614173228" VPOS="1069.291338582677" HPOS="2025.1968503937007"/>
            <String HEIGHT="137.00787401574803" WIDTH="554.3307086614174" VPOS="1069.291338582677" HPOS="1927.5590551181103" CONTENT="Septembre" ID="tl_3_6" STYLEREFS="FONT2"/>
            <SP HEIGHT="137.00787401574803" WIDTH="33.07086614173228" VPOS="1069.291338582677" HPOS="2481.8897637795276"/>
            <String HEIGHT="137.00787401574803" WIDTH="228.3464566929134" VPOS="1069.291338582677" HPOS="2351.181102362205" CONTENT="1922)" ID="tl_3_7" STYLEREFS="FONT0"/>
          </TextLine>
        </TextBlock>
        <TextBlock ID="r_8_1" HEIGHT="387.40157480314963" WIDTH="2015.748031496063" VPOS="1437.7952755905512" HPOS="587.4015748031496">
          <TextLine ID="tl_4" BASELINE="977" HEIGHT="149.60629921259843" WIDTH="1951.1811023622047" VPOS="1388.976377952756" HPOS="659.8425196850394">
            <String HEIGHT="149.60629921259843" WIDTH="244.09448818897638" VPOS="1388.976377952756" HPOS="618.8976377952756" CONTENT="Un" ID="tl_4_1" STYLEREFS="FONT0"/>
            <SP HEIGHT="149.60629921259843" WIDTH="40.94488188976378" VPOS="1388.976377952756" HPOS="862.992125984252"/>
            <String HEIGHT="149.60629921259843" WIDTH="365.3543307086614" VPOS="1388.976377952756" HPOS="741.7322834645669" CONTENT="grand" ID="tl_4_2" STYLEREFS="FONT0"/>
            <SP HEIGHT="149.60629921259843" WIDTH="40.94488188976378" VPOS="1388.976377952756" HPOS="1107.0866141732283"/>
            <String HEIGHT="149.60629921259843" WIDTH="285.03937007874015" VPOS="1388.976377952756" HPOS="985.8267716535433" CONTENT="ami" ID="tl_4_3" STYLEREFS="FONT0"/>
            <SP HEIGHT="149.60629921259843" WIDTH="40.94488188976378" VPOS="1388.976377952756" HPOS="1269.291338582677"/>
            <String HEIGHT="149.60629921259843" WIDTH="285.03937007874015" VPOS="1388.976377952756" HPOS="1148.0314960629921" CONTENT="des" ID="tl_4_4" STYLEREFS="FONT0"/>
            <SP HEIGHT="149.60629921259843" WIDTH="40.94488188976378" VPOS="1388.976377952756" HPOS="1431.4960629921259"/>
            <String HEIGHT="149.60629921259843" WIDTH="732.2834645669292" VPOS="1388.976377952756" HPOS="1310.236220472441" CONTENT="«Indépendants»" ID="tl_4_5" STYLEREFS="FONT0"/>
            <SP HEIGHT="149.60629921259843" WIDTH="40.94488188976378" VPOS="1388.976377952756" HPOS="2042.5196850393702"/>
            <String HEIGHT="149.60629921259843" WIDTH="365.3543307086614" VPOS="1388.976377952756" HPOS="1919.6850393700788" CONTENT="vient" ID="tl_4_6" STYLEREFS="FONT0"/>
            <SP HEIGHT="149.60629921259843" WIDTH="40.94488188976378" VPOS="1388.976377952756" HPOS="2286.6141732283463"/>
            <String HEIGHT="149.60629921259843" WIDTH="244.09448818897638" VPOS="1388.976377952756" HPOS="2163.779527559055" CONTENT="de" ID="tl_4_7" STYLEREFS="FONT0"/>
            <SP HEIGHT="149.60629921259843" WIDTH="40.94488188976378" VPOS="1388.976377952756" HPOS="2407.8740157480315"/>
            <String HEIGHT="149.60629921259843" WIDTH="365.3543307086614" VPOS="1388.976377952756" HPOS="2245.6692913385828" CONTENT="mourir." ID="tl_4_8" STYLEREFS="FONT0"/>
          </TextLine>
          <TextLine ID="tl_5" BASELINE="1015" HEIGHT="100.78740157480316" WIDTH="2028.3464566929133" VPOS="1497.6377952755906" HPOS="585.8267716535433">
            <String HEIGHT="100.78740157480316" WIDTH="229.92125984251967" VPOS="1497.6377952755906" HPOS="548.0314960629921" CONTENT="M." ID="tl_5_1" STYLEREFS="FONT0"/>
            <SP HEIGHT="100.78740157480316" WIDTH="37.79527559055118" VPOS="1497.6377952755906" HPOS="777.9527559055118"/>
            <String HEIGHT="100.78740157480316" WIDTH="382.6771653543307" VPOS="1497.6377952755906" HPOS="662.992125984252" CONTENT="Marcel" ID="tl_5_2" STYLEREFS="FONT0"/>
            <SP HEIGHT="100.78740157480316" WIDTH="37.79527559055118" VPOS="1497.6377952755906" HPOS="1045.6692913385828"/>
            <String HEIGHT="100.78740157480316" WIDTH="420.4724409448819" VPOS="1497.6377952755906" HPOS="930.7086614173228" CONTENT="Sembat," ID="tl_5_3" STYLEREFS="FONT0"/>
            <SP HEIGHT="100.78740157480316" WIDTH="37.79527559055118" VPOS="1497.6377952755906" HPOS="1351.1811023622047"/>
            <String HEIGHT="100.78740157480316" WIDTH="382.6771653543307" VPOS="1497.6377952755906" HPOS="1236.2204724409448" CONTENT="ancien" ID="tl_5_4" STYLEREFS="FONT0"/>
            <SP HEIGHT="100.78740157480316" WIDTH="37.79527559055118" VPOS="1497.6377952755906" HPOS="1618.8976377952756"/>
            <String HEIGHT="100.78740157480316" WIDTH="459.84251968503935" VPOS="1497.6377952755906" HPOS="1503.9370078740158" CONTENT="ministre" ID="tl_5_5" STYLEREFS="FONT0"/>
            <SP HEIGHT="100.78740157480316" WIDTH="37.79527559055118" VPOS="1497.6377952755906" HPOS="1963.7795275590552"/>
            <String HEIGHT="100.78740157480316" WIDTH="267.7165354330709" VPOS="1497.6377952755906" HPOS="1848.8188976377953" CONTENT="des" ID="tl_5_6" STYLEREFS="FONT0"/>
            <SP HEIGHT="100.78740157480316" WIDTH="37.79527559055118" VPOS="1497.6377952755906" HPOS="2116.535433070866"/>
            <String HEIGHT="100.78740157480316" WIDTH="420.4724409448819" VPOS="1497.6377952755906" HPOS="2001.5748031496064" CONTENT="Travaux" ID="tl_5_7" STYLEREFS="FONT0"/>
            <SP HEIGHT="100.78740157480316" WIDTH="37.79527559055118" VPOS="1497.6377952755906" HPOS="2422.047244094488"/>
            <String HEIGHT="100.78740157480316" WIDTH="344.88188976377955" VPOS="1497.6377952755906" HPOS="2269.2913385826773" CONTENT="publics" ID="tl_5_8" STYLEREFS="FONT0"/>
          </TextLine>
          <TextLine ID="tl_6" BASELINE="1072" HEIGHT="121.25984251968504" WIDTH="2029.9212598425197" VPOS="1566.9291338582677" HPOS="582.6771653543307">
            <String HEIGHT="121.25984251968504" WIDTH="414.1732283464567" VPOS="1566.9291338582677" HPOS="544.8818897637796" CONTENT="(1914)," ID="tl_6_1" STYLEREFS="FONT0"/>
            <SP HEIGHT="121.25984251968504" WIDTH="37.79527559055118" VPOS="1566.9291338582677" HPOS="959.0551181102362"/>
            <String HEIGHT="121.25984251968504" WIDTH="376.37795275590554" VPOS="1566.9291338582677" HPOS="845.6692913385826" CONTENT="député" ID="tl_6_2" STYLEREFS="FONT0"/>
            <SP HEIGHT="121.25984251968504" WIDTH="37.79527559055118" VPOS="1566.9291338582677" HPOS="1222.0472440944882"/>
            <String HEIGHT="121.25984251968504" WIDTH="225.1968503937008" VPOS="1566.9291338582677" HPOS="1108.6614173228347" CONTENT="de" ID="tl_6_3" STYLEREFS="FONT0"/>
            <SP HEIGHT="121.25984251968504" WIDTH="37.79527559055118" VPOS="1566.9291338582677" HPOS="1333.8582677165355"/>
            <String HEIGHT="121.25984251968504" WIDTH="338.5826771653543" VPOS="1566.9291338582677" HPOS="1222.0472440944882" CONTENT="Paris" ID="tl_6_4" STYLEREFS="FONT0"/>
            <SP HEIGHT="121.25984251968504" WIDTH="37.79527559055118" VPOS="1566.9291338582677" HPOS="1560.6299212598426"/>
            <String HEIGHT="121.25984251968504" WIDTH="300.78740157480314" VPOS="1566.9291338582677" HPOS="1447.244094488189" CONTENT="(18e" ID="tl_6_5" STYLEREFS="FONT0"/>
            <SP HEIGHT="121.25984251968504" WIDTH="37.79527559055118" VPOS="1566.9291338582677" HPOS="1748.0314960629921"/>
            <String HEIGHT="121.25984251968504" WIDTH="677.1653543307086" VPOS="1566.9291338582677" HPOS="1634.6456692913387" CONTENT="arrondissement" ID="tl_6_6" STYLEREFS="FONT0"/>
            <SP HEIGHT="121.25984251968504" WIDTH="37.79527559055118" VPOS="1566.9291338582677" HPOS="2311.8110236220473"/>
            <String HEIGHT="121.25984251968504" WIDTH="187.4015748031496" VPOS="1566.9291338582677" HPOS="2198.4251968503936" CONTENT=":" ID="tl_6_7" STYLEREFS="FONT0"/>
            <SP HEIGHT="121.25984251968504" WIDTH="37.79527559055118" VPOS="1566.9291338582677" HPOS="2387.4015748031497"/>
            <String HEIGHT="121.25984251968504" WIDTH="376.37795275590554" VPOS="1566.9291338582677" HPOS="2236.220472440945" CONTENT="Grandes" SUBS_TYPE="HypPart1" SUBS_CONTENT="GrandesCarrières)," ID="tl_6_8" STYLEREFS="FONT0"/>
            <HYP CONTENT="-"/>
          </TextLine>
          <TextLine ID="tl_7" BASELINE="1108" HEIGHT="86.61417322834646" WIDTH="2026.7716535433071" VPOS="1658.267716535433" HPOS="585.8267716535433">
            <String HEIGHT="86.61417322834646" WIDTH="552.7559055118111" VPOS="1658.267716535433" HPOS="549.6062992125984" CONTENT="Carrières)," SUBS_TYPE="HypPart2" SUBS_CONTENT="GrandesCarrières)," ID="tl_7_1" STYLEREFS="FONT0"/>
            <SP HEIGHT="86.61417322834646" WIDTH="36.22047244094488" VPOS="1658.267716535433" HPOS="1102.3622047244094"/>
            <String HEIGHT="86.61417322834646" WIDTH="368.503937007874" VPOS="1658.267716535433" HPOS="990.5511811023622" CONTENT="depuis" ID="tl_7_2" STYLEREFS="FONT0"/>
            <SP HEIGHT="86.61417322834646" WIDTH="36.22047244094488" VPOS="1658.267716535433" HPOS="1359.0551181102362"/>
            <String HEIGHT="86.61417322834646" WIDTH="332.2834645669291" VPOS="1658.267716535433" HPOS="1248.8188976377953" CONTENT="1893," ID="tl_7_3" STYLEREFS="FONT0"/>
            <SP HEIGHT="86.61417322834646" WIDTH="36.22047244094488" VPOS="1658.267716535433" HPOS="1581.1023622047244"/>
            <String HEIGHT="86.61417322834646" WIDTH="332.2834645669291" VPOS="1658.267716535433" HPOS="1470.8661417322835" CONTENT="avait" ID="tl_7_4" STYLEREFS="FONT0"/>
            <SP HEIGHT="86.61417322834646" WIDTH="36.22047244094488" VPOS="1658.267716535433" HPOS="1801.5748031496064"/>
            <String HEIGHT="86.61417322834646" WIDTH="258.26771653543307" VPOS="1658.267716535433" HPOS="1691.3385826771653" CONTENT="été" ID="tl_7_5" STYLEREFS="FONT0"/>
            <SP HEIGHT="86.61417322834646" WIDTH="36.22047244094488" VPOS="1658.267716535433" HPOS="1949.6062992125985"/>
            <String HEIGHT="86.61417322834646" WIDTH="258.26771653543307" VPOS="1658.267716535433" HPOS="1839.3700787401574" CONTENT="élu" ID="tl_7_6" STYLEREFS="FONT0"/>
            <SP HEIGHT="86.61417322834646" WIDTH="36.22047244094488" VPOS="1658.267716535433" HPOS="2096.0629921259842"/>
            <String HEIGHT="86.61417322834646" WIDTH="368.503937007874" VPOS="1658.267716535433" HPOS="1985.8267716535433" CONTENT="Membre" ID="tl_7_7" STYLEREFS="FONT0"/>
            <SP HEIGHT="86.61417322834646" WIDTH="36.22047244094488" VPOS="1658.267716535433" HPOS="2354.3307086614172"/>
            <String HEIGHT="86.61417322834646" WIDTH="404.7244094488189" VPOS="1658.267716535433" HPOS="2207.8740157480315" CONTENT="d’honneur" ID="tl_7_8" STYLEREFS="FONT0"/>
          </TextLine>
          <TextLine ID="tl_8" BASELINE="1160" HEIGHT="91.33858267716535" WIDTH="1678.740157480315" VPOS="1735.4330708661416" HPOS="577.9527559055118">
            <String HEIGHT="91.33858267716535" WIDTH="239.37007874015748" VPOS="1735.4330708661416" HPOS="543.3070866141733" CONTENT="de," ID="tl_8_1" STYLEREFS="FONT0"/>
            <SP HEIGHT="91.33858267716535" WIDTH="34.645669291338585" VPOS="1735.4330708661416" HPOS="784.2519685039371"/>
            <String HEIGHT="91.33858267716535" WIDTH="206.29921259842519" VPOS="1735.4330708661416" HPOS="680.3149606299213" CONTENT="la" ID="tl_8_2" STYLEREFS="FONT0"/>
            <SP HEIGHT="91.33858267716535" WIDTH="34.645669291338585" VPOS="1735.4330708661416" HPOS="886.6141732283464"/>
            <String HEIGHT="91.33858267716535" WIDTH="376.37795275590554" VPOS="1735.4330708661416" HPOS="784.2519685039371" CONTENT="Société" ID="tl_8_3" STYLEREFS="FONT0"/>
            <SP HEIGHT="91.33858267716535" WIDTH="34.645669291338585" VPOS="1735.4330708661416" HPOS="1160.6299212598426"/>
            <String HEIGHT="91.33858267716535" WIDTH="239.37007874015748" VPOS="1735.4330708661416" HPOS="1058.267716535433" CONTENT="des" ID="tl_8_4" STYLEREFS="FONT0"/>
            <SP HEIGHT="91.33858267716535" WIDTH="34.645669291338585" VPOS="1735.4330708661416" HPOS="1297.6377952755906"/>
            <String HEIGHT="91.33858267716535" WIDTH="411.0236220472441" VPOS="1735.4330708661416" HPOS="1195.275590551181" CONTENT="Artistes" ID="tl_8_5" STYLEREFS="FONT0"/>
            <SP HEIGHT="91.33858267716535" WIDTH="34.645669291338585" VPOS="1735.4330708661416" HPOS="1606.2992125984251"/>
            <String HEIGHT="91.33858267716535" WIDTH="548.0314960629921" VPOS="1735.4330708661416" HPOS="1502.3622047244094" CONTENT="Indépendants" ID="tl_8_6" STYLEREFS="FONT0"/>
            <SP HEIGHT="91.33858267716535" WIDTH="34.645669291338585" VPOS="1735.4330708661416" HPOS="2050.3937007874015"/>
            <String HEIGHT="91.33858267716535" WIDTH="206.29921259842519" VPOS="1735.4330708661416" HPOS="1948.0314960629921" CONTENT="en" ID="tl_8_7" STYLEREFS="FONT0"/>
            <SP HEIGHT="91.33858267716535" WIDTH="34.645669291338585" VPOS="1735.4330708661416" HPOS="2154.3307086614172"/>
            <String HEIGHT="91.33858267716535" WIDTH="239.37007874015748" VPOS="1735.4330708661416" HPOS="2017.3228346456692" CONTENT="1910." ID="tl_8_8" STYLEREFS="FONT0"/>
          </TextLine>
        </TextBlock>
        <TextBlock ID="r_8_2" HEIGHT="385.8267716535433" WIDTH="2012.5984251968505" VPOS="1837.7952755905512" HPOS="587.4015748031496">
          <TextLine ID="tl_9" BASELINE="1222" HEIGHT="99.21259842519684" WIDTH="1955.9055118110236" VPOS="1825.1968503937007" HPOS="651.9685039370079">
            <String HEIGHT="99.21259842519684" WIDTH="209.4488188976378" VPOS="1825.1968503937007" HPOS="617.3228346456693" CONTENT="Il" ID="tl_9_1" STYLEREFS="FONT0"/>
            <SP HEIGHT="99.21259842519684" WIDTH="34.645669291338585" VPOS="1825.1968503937007" HPOS="826.7716535433071"/>
            <String HEIGHT="99.21259842519684" WIDTH="384.251968503937" VPOS="1825.1968503937007" HPOS="721.2598425196851" CONTENT="n’avait" ID="tl_9_2" STYLEREFS="FONT0"/>
            <SP HEIGHT="99.21259842519684" WIDTH="34.645669291338585" VPOS="1825.1968503937007" HPOS="1105.5118110236222"/>
            <String HEIGHT="99.21259842519684" WIDTH="489.76377952755905" VPOS="1825.1968503937007" HPOS="1001.5748031496063" CONTENT="d’ailleurs" ID="tl_9_3" STYLEREFS="FONT0"/>
            <SP HEIGHT="99.21259842519684" WIDTH="34.645669291338585" VPOS="1825.1968503937007" HPOS="1489.763779527559"/>
            <String HEIGHT="99.21259842519684" WIDTH="244.09448818897638" VPOS="1825.1968503937007" HPOS="1385.8267716535433" CONTENT="pas" ID="tl_9_4" STYLEREFS="FONT0"/>
            <SP HEIGHT="99.21259842519684" WIDTH="34.645669291338585" VPOS="1825.1968503937007" HPOS="1629.9212598425197"/>
            <String HEIGHT="99.21259842519684" WIDTH="384.251968503937" VPOS="1825.1968503937007" HPOS="1524.4094488188975" CONTENT="attendu" ID="tl_9_5" STYLEREFS="FONT0"/>
            <SP HEIGHT="99.21259842519684" WIDTH="34.645669291338585" VPOS="1825.1968503937007" HPOS="1908.6614173228347"/>
            <String HEIGHT="99.21259842519684" WIDTH="314.96062992125985" VPOS="1825.1968503937007" HPOS="1804.724409448819" CONTENT="cette" ID="tl_9_6" STYLEREFS="FONT0"/>
            <SP HEIGHT="99.21259842519684" WIDTH="34.645669291338585" VPOS="1825.1968503937007" HPOS="2119.685039370079"/>
            <String HEIGHT="99.21259842519684" WIDTH="278.74015748031496" VPOS="1825.1968503937007" HPOS="2014.1732283464567" CONTENT="date" ID="tl_9_7" STYLEREFS="FONT0"/>
            <SP HEIGHT="99.21259842519684" WIDTH="34.645669291338585" VPOS="1825.1968503937007" HPOS="2292.9133858267714"/>
            <String HEIGHT="99.21259842519684" WIDTH="278.74015748031496" VPOS="1825.1968503937007" HPOS="2188.9763779527557" CONTENT="pour" ID="tl_9_8" STYLEREFS="FONT0"/>
            <SP HEIGHT="99.21259842519684" WIDTH="34.645669291338585" VPOS="1825.1968503937007" HPOS="2467.716535433071"/>
            <String HEIGHT="99.21259842519684" WIDTH="278.74015748031496" VPOS="1825.1968503937007" HPOS="2329.1338582677167" CONTENT="rendre" ID="tl_9_9" STYLEREFS="FONT0"/>
          </TextLine>
          <TextLine ID="tl_10" BASELINE="1275" HEIGHT="124.40944881889764" WIDTH="2025.1968503937007" VPOS="1883.4645669291338" HPOS="587.4015748031496">
            <String HEIGHT="124.40944881889764" WIDTH="496.06299212598424" VPOS="1883.4645669291338" HPOS="549.6062992125984" CONTENT="effective" ID="tl_10_1" STYLEREFS="FONT0"/>
            <SP HEIGHT="124.40944881889764" WIDTH="37.79527559055118" VPOS="1883.4645669291338" HPOS="1045.6692913385828"/>
            <String HEIGHT="124.40944881889764" WIDTH="229.92125984251967" VPOS="1883.4645669291338" HPOS="930.7086614173228" CONTENT="la" ID="tl_10_2" STYLEREFS="FONT0"/>
            <SP HEIGHT="124.40944881889764" WIDTH="37.79527559055118" VPOS="1883.4645669291338" HPOS="1160.6299212598426"/>
            <String HEIGHT="124.40944881889764" WIDTH="496.06299212598424" VPOS="1883.4645669291338" HPOS="1045.6692913385828" CONTENT="sympathie" ID="tl_10_3" STYLEREFS="FONT0"/>
            <SP HEIGHT="124.40944881889764" WIDTH="37.79527559055118" VPOS="1883.4645669291338" HPOS="1543.3070866141732"/>
            <String HEIGHT="124.40944881889764" WIDTH="343.3070866141732" VPOS="1883.4645669291338" HPOS="1428.3464566929133" CONTENT="qu’il" ID="tl_10_4" STYLEREFS="FONT0"/>
            <SP HEIGHT="124.40944881889764" WIDTH="37.79527559055118" VPOS="1883.4645669291338" HPOS="1771.6535433070867"/>
            <String HEIGHT="124.40944881889764" WIDTH="190.5511811023622" VPOS="1883.4645669291338" HPOS="1656.6929133858268" CONTENT="a" ID="tl_10_5" STYLEREFS="FONT0"/>
            <SP HEIGHT="124.40944881889764" WIDTH="37.79527559055118" VPOS="1883.4645669291338" HPOS="1848.8188976377953"/>
            <String HEIGHT="124.40944881889764" WIDTH="458.26771653543307" VPOS="1883.4645669291338" HPOS="1733.8582677165355" CONTENT="toujours" ID="tl_10_6" STYLEREFS="FONT0"/>
            <SP HEIGHT="124.40944881889764" WIDTH="37.79527559055118" VPOS="1883.4645669291338" HPOS="2192.1259842519685"/>
            <String HEIGHT="124.40944881889764" WIDTH="496.06299212598424" VPOS="1883.4645669291338" HPOS="2077.165354330709" CONTENT="témoignée" ID="tl_10_7" STYLEREFS="FONT0"/>
            <SP HEIGHT="124.40944881889764" WIDTH="37.79527559055118" VPOS="1883.4645669291338" HPOS="2574.803149606299"/>
            <String HEIGHT="124.40944881889764" WIDTH="190.5511811023622" VPOS="1883.4645669291338" HPOS="2422.047244094488" CONTENT="aux" ID="tl_10_8" STYLEREFS="FONT0"/>
          </TextLine>
          <TextLine ID="tl_11" BASELINE="1330" HEIGHT="102.36220472440945" WIDTH="2022.0472440944882" VPOS="1992.1259842519685" HPOS="588.9763779527559">
            <String HEIGHT="102.36220472440945" WIDTH="699.2125984251968" VPOS="1992.1259842519685" HPOS="552.7559055118111" CONTENT="«Indépendants»:" ID="tl_11_1" STYLEREFS="FONT0"/>
            <SP HEIGHT="102.36220472440945" WIDTH="36.22047244094488" VPOS="1992.1259842519685" HPOS="1250.3937007874015"/>
            <String HEIGHT="102.36220472440945" WIDTH="220.4724409448819" VPOS="1992.1259842519685" HPOS="1140.1574803149606" CONTENT="il" ID="tl_11_2" STYLEREFS="FONT0"/>
            <SP HEIGHT="102.36220472440945" WIDTH="36.22047244094488" VPOS="1992.1259842519685" HPOS="1360.6299212598426"/>
            <String HEIGHT="102.36220472440945" WIDTH="256.6929133858268" VPOS="1992.1259842519685" HPOS="1250.3937007874015" CONTENT="fut" ID="tl_11_3" STYLEREFS="FONT0"/>
            <SP HEIGHT="102.36220472440945" WIDTH="36.22047244094488" VPOS="1992.1259842519685" HPOS="1508.6614173228347"/>
            <String HEIGHT="102.36220472440945" WIDTH="220.4724409448819" VPOS="1992.1259842519685" HPOS="1398.4251968503936" CONTENT="un" ID="tl_11_4" STYLEREFS="FONT0"/>
            <SP HEIGHT="102.36220472440945" WIDTH="36.22047244094488" VPOS="1992.1259842519685" HPOS="1618.8976377952756"/>
            <String HEIGHT="102.36220472440945" WIDTH="256.6929133858268" VPOS="1992.1259842519685" HPOS="1508.6614173228347" CONTENT="des" ID="tl_11_5" STYLEREFS="FONT0"/>
            <SP HEIGHT="102.36220472440945" WIDTH="36.22047244094488" VPOS="1992.1259842519685" HPOS="1765.3543307086613"/>
            <String HEIGHT="102.36220472440945" WIDTH="294.48818897637796" VPOS="1992.1259842519685" HPOS="1655.1181102362204" CONTENT="trop" ID="tl_11_6" STYLEREFS="FONT0"/>
            <SP HEIGHT="102.36220472440945" WIDTH="36.22047244094488" VPOS="1992.1259842519685" HPOS="1949.6062992125985"/>
            <String HEIGHT="102.36220472440945" WIDTH="330.70866141732284" VPOS="1992.1259842519685" HPOS="1839.3700787401574" CONTENT="rares" ID="tl_11_7" STYLEREFS="FONT0"/>
            <SP HEIGHT="102.36220472440945" WIDTH="36.22047244094488" VPOS="1992.1259842519685" HPOS="2170.0787401574803"/>
            <String HEIGHT="102.36220472440945" WIDTH="588.9763779527559" VPOS="1992.1259842519685" HPOS="2022.0472440944882" CONTENT="parlementaires" ID="tl_11_8" STYLEREFS="FONT0"/>
          </TextLine>
          <TextLine ID="tl_12" BASELINE="1372" HEIGHT="113.38582677165354" WIDTH="2036.2204724409448" VPOS="2047.244094488189" HPOS="574.8031496062993">
            <String HEIGHT="113.38582677165354" WIDTH="245.66929133858267" VPOS="2047.244094488189" HPOS="540.1574803149606" CONTENT="qui" ID="tl_12_1" STYLEREFS="FONT0"/>
            <SP HEIGHT="113.38582677165354" WIDTH="34.645669291338585" VPOS="2047.244094488189" HPOS="785.8267716535433"/>
            <String HEIGHT="113.38582677165354" WIDTH="351.18110236220474" VPOS="2047.244094488189" HPOS="680.3149606299213" CONTENT="eurent" ID="tl_12_2" STYLEREFS="FONT0"/>
            <SP HEIGHT="113.38582677165354" WIDTH="34.645669291338585" VPOS="2047.244094488189" HPOS="1031.4960629921259"/>
            <String HEIGHT="113.38582677165354" WIDTH="211.0236220472441" VPOS="2047.244094488189" HPOS="925.9842519685039" CONTENT="le" ID="tl_12_3" STYLEREFS="FONT0"/>
            <SP HEIGHT="113.38582677165354" WIDTH="34.645669291338585" VPOS="2047.244094488189" HPOS="1137.007874015748"/>
            <String HEIGHT="113.38582677165354" WIDTH="422.0472440944882" VPOS="2047.244094488189" HPOS="1031.4960629921259" CONTENT="courage," ID="tl_12_4" STYLEREFS="FONT0"/>
            <SP HEIGHT="113.38582677165354" WIDTH="34.645669291338585" VPOS="2047.244094488189" HPOS="1451.9685039370079"/>
            <String HEIGHT="113.38582677165354" WIDTH="174.8031496062992" VPOS="2047.244094488189" HPOS="1346.4566929133857" CONTENT="à" ID="tl_12_5" STYLEREFS="FONT0"/>
            <SP HEIGHT="113.38582677165354" WIDTH="34.645669291338585" VPOS="2047.244094488189" HPOS="1522.8346456692914"/>
            <String HEIGHT="113.38582677165354" WIDTH="211.0236220472441" VPOS="2047.244094488189" HPOS="1417.3228346456692" CONTENT="la" ID="tl_12_6" STYLEREFS="FONT0"/>
            <SP HEIGHT="113.38582677165354" WIDTH="34.645669291338585" VPOS="2047.244094488189" HPOS="1628.3464566929133"/>
            <String HEIGHT="113.38582677165354" WIDTH="422.0472440944882" VPOS="2047.244094488189" HPOS="1522.8346456692914" CONTENT="Chambre," ID="tl_12_7" STYLEREFS="FONT0"/>
            <SP HEIGHT="113.38582677165354" WIDTH="34.645669291338585" VPOS="2047.244094488189" HPOS="1943.3070866141732"/>
            <String HEIGHT="113.38582677165354" WIDTH="211.0236220472441" VPOS="2047.244094488189" HPOS="1839.3700787401574" CONTENT="de" ID="tl_12_8" STYLEREFS="FONT0"/>
            <SP HEIGHT="113.38582677165354" WIDTH="34.645669291338585" VPOS="2047.244094488189" HPOS="2048.818897637795"/>
            <String HEIGHT="113.38582677165354" WIDTH="385.8267716535433" VPOS="2047.244094488189" HPOS="1943.3070866141732" CONTENT="prendre" ID="tl_12_9" STYLEREFS="FONT0"/>
            <SP HEIGHT="113.38582677165354" WIDTH="34.645669291338585" VPOS="2047.244094488189" HPOS="2330.7086614173227"/>
            <String HEIGHT="113.38582677165354" WIDTH="211.0236220472441" VPOS="2047.244094488189" HPOS="2225.196850393701" CONTENT="la" ID="tl_12_10" STYLEREFS="FONT0"/>
            <SP HEIGHT="113.38582677165354" WIDTH="34.645669291338585" VPOS="2047.244094488189" HPOS="2436.220472440945"/>
            <String HEIGHT="113.38582677165354" WIDTH="316.53543307086613" VPOS="2047.244094488189" HPOS="2294.488188976378" CONTENT="défense" ID="tl_12_11" STYLEREFS="FONT0"/>
          </TextLine>
          <TextLine ID="tl_13" BASELINE="1435" HEIGHT="118.11023622047244" WIDTH="1343.3070866141732" VPOS="2141.732283464567" HPOS="576.3779527559055">
            <String HEIGHT="118.11023622047244" WIDTH="212.5984251968504" VPOS="2141.732283464567" HPOS="541.7322834645669" CONTENT="de" ID="tl_13_1" STYLEREFS="FONT0"/>
            <SP HEIGHT="118.11023622047244" WIDTH="34.645669291338585" VPOS="2141.732283464567" HPOS="752.7559055118111"/>
            <String HEIGHT="118.11023622047244" WIDTH="318.1102362204724" VPOS="2141.732283464567" HPOS="647.2440944881889" CONTENT="l’Art" ID="tl_13_2" STYLEREFS="FONT0"/>
            <SP HEIGHT="118.11023622047244" WIDTH="34.645669291338585" VPOS="2141.732283464567" HPOS="965.3543307086615"/>
            <String HEIGHT="118.11023622047244" WIDTH="212.5984251968504" VPOS="2141.732283464567" HPOS="859.8425196850394" CONTENT="et" ID="tl_13_3" STYLEREFS="FONT0"/>
            <SP HEIGHT="118.11023622047244" WIDTH="34.645669291338585" VPOS="2141.732283464567" HPOS="1070.8661417322835"/>
            <String HEIGHT="118.11023622047244" WIDTH="247.24409448818898" VPOS="2141.732283464567" HPOS="965.3543307086615" CONTENT="des" ID="tl_13_4" STYLEREFS="FONT0"/>
            <SP HEIGHT="118.11023622047244" WIDTH="34.645669291338585" VPOS="2141.732283464567" HPOS="1212.5984251968505"/>
            <String HEIGHT="118.11023622047244" WIDTH="423.62204724409446" VPOS="2141.732283464567" HPOS="1107.0866141732283" CONTENT="Artistes" ID="tl_13_5" STYLEREFS="FONT0"/>
            <SP HEIGHT="118.11023622047244" WIDTH="34.645669291338585" VPOS="2141.732283464567" HPOS="1530.708661417323"/>
            <String HEIGHT="118.11023622047244" WIDTH="530.7086614173228" VPOS="2141.732283464567" HPOS="1388.976377952756" CONTENT="Indépendants." ID="tl_13_6" STYLEREFS="FONT0"/>
          </TextLine>
        </TextBlock>
        <TextBlock ID="r_8_3" HEIGHT="307.0866141732283" WIDTH="2022.0472440944882" VPOS="2237.7952755905512" HPOS="579.5275590551181">
          <TextLine ID="tl_14" BASELINE="1484" HEIGHT="113.38582677165354" WIDTH="1954.3307086614172" VPOS="2223.6220472440946" HPOS="651.9685039370079">
            <String HEIGHT="113.38582677165354" WIDTH="338.5826771653543" VPOS="2223.6220472440946" HPOS="614.1732283464567" CONTENT="C’est" ID="tl_14_1" STYLEREFS="FONT0"/>
            <SP HEIGHT="113.38582677165354" WIDTH="37.79527559055118" VPOS="2223.6220472440946" HPOS="952.7559055118111"/>
            <String HEIGHT="113.38582677165354" WIDTH="187.4015748031496" VPOS="2223.6220472440946" HPOS="839.3700787401575" CONTENT="à" ID="tl_14_2" STYLEREFS="FONT0"/>
            <SP HEIGHT="113.38582677165354" WIDTH="37.79527559055118" VPOS="2223.6220472440946" HPOS="1028.3464566929133"/>
            <String HEIGHT="113.38582677165354" WIDTH="262.99212598425197" VPOS="2223.6220472440946" HPOS="914.9606299212599" CONTENT="son" ID="tl_14_3" STYLEREFS="FONT0"/>
            <SP HEIGHT="113.38582677165354" WIDTH="37.79527559055118" VPOS="2223.6220472440946" HPOS="1177.9527559055118"/>
            <String HEIGHT="113.38582677165354" WIDTH="601.5748031496063" VPOS="2223.6220472440946" HPOS="1066.1417322834645" CONTENT="intervention" ID="tl_14_4" STYLEREFS="FONT0"/>
            <SP HEIGHT="113.38582677165354" WIDTH="37.79527559055118" VPOS="2223.6220472440946" HPOS="1666.1417322834645"/>
            <String HEIGHT="113.38582677165354" WIDTH="300.78740157480314" VPOS="2223.6220472440946" HPOS="1554.3307086614172" CONTENT="unie" ID="tl_14_5" STYLEREFS="FONT0"/>
            <SP HEIGHT="113.38582677165354" WIDTH="37.79527559055118" VPOS="2223.6220472440946" HPOS="1855.1181102362204"/>
            <String HEIGHT="113.38582677165354" WIDTH="262.99212598425197" VPOS="2223.6220472440946" HPOS="1741.732283464567" CONTENT="aux" ID="tl_14_6" STYLEREFS="FONT0"/>
            <SP HEIGHT="113.38582677165354" WIDTH="37.79527559055118" VPOS="2223.6220472440946" HPOS="2004.724409448819"/>
            <String HEIGHT="113.38582677165354" WIDTH="414.1732283464567" VPOS="2223.6220472440946" HPOS="1892.9133858267717" CONTENT="efforts" ID="tl_14_7" STYLEREFS="FONT0"/>
            <SP HEIGHT="113.38582677165354" WIDTH="37.79527559055118" VPOS="2223.6220472440946" HPOS="2305.511811023622"/>
            <String HEIGHT="113.38582677165354" WIDTH="225.1968503937008" VPOS="2223.6220472440946" HPOS="2192.1259842519685" CONTENT="de" ID="tl_14_8" STYLEREFS="FONT0"/>
            <SP HEIGHT="113.38582677165354" WIDTH="37.79527559055118" VPOS="2223.6220472440946" HPOS="2418.8976377952754"/>
            <String HEIGHT="113.38582677165354" WIDTH="225.1968503937008" VPOS="2223.6220472440946" HPOS="2305.511811023622" CONTENT="M." ID="tl_14_9" STYLEREFS="FONT0"/>
            <SP HEIGHT="113.38582677165354" WIDTH="37.79527559055118" VPOS="2223.6220472440946" HPOS="2530.7086614173227"/>
            <String HEIGHT="113.38582677165354" WIDTH="225.1968503937008" VPOS="2223.6220472440946" HPOS="2381.1023622047246" CONTENT="Léon" ID="tl_14_10" STYLEREFS="FONT0"/>
          </TextLine>
          <TextLine ID="tl_15" BASELINE="1521" HEIGHT="103.93700787401575" WIDTH="2029.9212598425197" VPOS="2291.3385826771655" HPOS="579.5275590551181">
            <String HEIGHT="103.93700787401575" WIDTH="368.503937007874" VPOS="2291.3385826771655" HPOS="543.3070866141733" CONTENT="Bérard" ID="tl_15_1" STYLEREFS="FONT0"/>
            <SP HEIGHT="103.93700787401575" WIDTH="36.22047244094488" VPOS="2291.3385826771655" HPOS="911.8110236220473"/>
            <String HEIGHT="103.93700787401575" WIDTH="222.04724409448818" VPOS="2291.3385826771655" HPOS="801.5748031496063" CONTENT="et" ID="tl_15_2" STYLEREFS="FONT0"/>
            <SP HEIGHT="103.93700787401575" WIDTH="36.22047244094488" VPOS="2291.3385826771655" HPOS="1022.0472440944882"/>
            <String HEIGHT="103.93700787401575" WIDTH="222.04724409448818" VPOS="2291.3385826771655" HPOS="911.8110236220473" CONTENT="de" ID="tl_15_3" STYLEREFS="FONT0"/>
            <SP HEIGHT="103.93700787401575" WIDTH="36.22047244094488" VPOS="2291.3385826771655" HPOS="1133.8582677165355"/>
            <String HEIGHT="103.93700787401575" WIDTH="222.04724409448818" VPOS="2291.3385826771655" HPOS="1022.0472440944882" CONTENT="M." ID="tl_15_4" STYLEREFS="FONT0"/>
            <SP HEIGHT="103.93700787401575" WIDTH="36.22047244094488" VPOS="2291.3385826771655" HPOS="1244.0944881889764"/>
            <String HEIGHT="103.93700787401575" WIDTH="294.48818897637796" VPOS="2291.3385826771655" HPOS="1133.8582677165355" CONTENT="Paul" ID="tl_15_5" STYLEREFS="FONT0"/>
            <SP HEIGHT="103.93700787401575" WIDTH="36.22047244094488" VPOS="2291.3385826771655" HPOS="1428.3464566929133"/>
            <String HEIGHT="103.93700787401575" WIDTH="294.48818897637796" VPOS="2291.3385826771655" HPOS="1318.1102362204724" CONTENT="Léon" ID="tl_15_6" STYLEREFS="FONT0"/>
            <SP HEIGHT="103.93700787401575" WIDTH="36.22047244094488" VPOS="2291.3385826771655" HPOS="1612.5984251968505"/>
            <String HEIGHT="103.93700787401575" WIDTH="258.26771653543307" VPOS="2291.3385826771655" HPOS="1502.3622047244094" CONTENT="que" ID="tl_15_7" STYLEREFS="FONT0"/>
            <SP HEIGHT="103.93700787401575" WIDTH="36.22047244094488" VPOS="2291.3385826771655" HPOS="1760.6299212598426"/>
            <String HEIGHT="103.93700787401575" WIDTH="294.48818897637796" VPOS="2291.3385826771655" HPOS="1650.3937007874015" CONTENT="nous" ID="tl_15_8" STYLEREFS="FONT0"/>
            <SP HEIGHT="103.93700787401575" WIDTH="36.22047244094488" VPOS="2291.3385826771655" HPOS="1944.8818897637796"/>
            <String HEIGHT="103.93700787401575" WIDTH="368.503937007874" VPOS="2291.3385826771655" HPOS="1834.6456692913387" CONTENT="devons" ID="tl_15_9" STYLEREFS="FONT0"/>
            <SP HEIGHT="103.93700787401575" WIDTH="36.22047244094488" VPOS="2291.3385826771655" HPOS="2203.149606299213"/>
            <String HEIGHT="103.93700787401575" WIDTH="222.04724409448818" VPOS="2291.3385826771655" HPOS="2092.9133858267714" CONTENT="la" ID="tl_15_10" STYLEREFS="FONT0"/>
            <SP HEIGHT="103.93700787401575" WIDTH="36.22047244094488" VPOS="2291.3385826771655" HPOS="2314.9606299212596"/>
            <String HEIGHT="103.93700787401575" WIDTH="442.5196850393701" VPOS="2291.3385826771655" HPOS="2166.9291338582675" CONTENT="concession" ID="tl_15_11" STYLEREFS="FONT0"/>
          </TextLine>
          <TextLine ID="tl_16" BASELINE="1593" HEIGHT="125.98425196850394" WIDTH="2026.7716535433071" VPOS="2382.6771653543306" HPOS="585.8267716535433">
            <String HEIGHT="125.98425196850394" WIDTH="220.4724409448819" VPOS="2382.6771653543306" HPOS="549.6062992125984" CONTENT="du" ID="tl_16_1" STYLEREFS="FONT0"/>
            <SP HEIGHT="125.98425196850394" WIDTH="36.22047244094488" VPOS="2382.6771653543306" HPOS="770.0787401574803"/>
            <String HEIGHT="125.98425196850394" WIDTH="332.2834645669291" VPOS="2382.6771653543306" HPOS="659.8425196850394" CONTENT="Grand" ID="tl_16_2" STYLEREFS="FONT0"/>
            <SP HEIGHT="125.98425196850394" WIDTH="36.22047244094488" VPOS="2382.6771653543306" HPOS="990.5511811023622"/>
            <String HEIGHT="125.98425196850394" WIDTH="368.503937007874" VPOS="2382.6771653543306" HPOS="880.3149606299213" CONTENT="Palais" ID="tl_16_3" STYLEREFS="FONT0"/>
            <SP HEIGHT="125.98425196850394" WIDTH="36.22047244094488" VPOS="2382.6771653543306" HPOS="1248.8188976377953"/>
            <String HEIGHT="125.98425196850394" WIDTH="258.26771653543307" VPOS="2382.6771653543306" HPOS="1138.5826771653544" CONTENT="qui" ID="tl_16_4" STYLEREFS="FONT0"/>
            <SP HEIGHT="125.98425196850394" WIDTH="36.22047244094488" VPOS="2382.6771653543306" HPOS="1396.8503937007874"/>
            <String HEIGHT="125.98425196850394" WIDTH="294.48818897637796" VPOS="2382.6771653543306" HPOS="1286.6141732283465" CONTENT="nous" ID="tl_16_5" STYLEREFS="FONT0"/>
            <SP HEIGHT="125.98425196850394" WIDTH="36.22047244094488" VPOS="2382.6771653543306" HPOS="1581.1023622047244"/>
            <String HEIGHT="125.98425196850394" WIDTH="258.26771653543307" VPOS="2382.6771653543306" HPOS="1470.8661417322835" CONTENT="fut" ID="tl_16_6" STYLEREFS="FONT0"/>
            <SP HEIGHT="125.98425196850394" WIDTH="36.22047244094488" VPOS="2382.6771653543306" HPOS="1727.5590551181103"/>
            <String HEIGHT="125.98425196850394" WIDTH="478.74015748031496" VPOS="2382.6771653543306" HPOS="1617.3228346456692" CONTENT="accordée," ID="tl_16_7" STYLEREFS="FONT0"/>
            <SP HEIGHT="125.98425196850394" WIDTH="36.22047244094488" VPOS="2382.6771653543306" HPOS="2096.0629921259842"/>
            <String HEIGHT="125.98425196850394" WIDTH="332.2834645669291" VPOS="2382.6771653543306" HPOS="1985.8267716535433" CONTENT="après" ID="tl_16_8" STYLEREFS="FONT0"/>
            <SP HEIGHT="125.98425196850394" WIDTH="36.22047244094488" VPOS="2382.6771653543306" HPOS="2318.1102362204724"/>
            <String HEIGHT="125.98425196850394" WIDTH="220.4724409448819" VPOS="2382.6771653543306" HPOS="2207.8740157480315" CONTENT="la" ID="tl_16_9" STYLEREFS="FONT0"/>
            <SP HEIGHT="125.98425196850394" WIDTH="36.22047244094488" VPOS="2382.6771653543306" HPOS="2428.3464566929133"/>
            <String HEIGHT="125.98425196850394" WIDTH="332.2834645669291" VPOS="2382.6771653543306" HPOS="2280.314960629921" CONTENT="guerre," ID="tl_16_10" STYLEREFS="FONT0"/>
          </TextLine>
          <TextLine ID="tl_17" BASELINE="1635" HEIGHT="118.11023622047244" WIDTH="1651.9685039370079" VPOS="2456.6929133858266" HPOS="568.503937007874">
            <String HEIGHT="118.11023622047244" WIDTH="275.59055118110234" VPOS="2456.6929133858266" HPOS="533.8582677165355" CONTENT="pour" ID="tl_17_1" STYLEREFS="FONT0"/>
            <SP HEIGHT="118.11023622047244" WIDTH="34.645669291338585" VPOS="2456.6929133858266" HPOS="809.4488188976378"/>
            <String HEIGHT="118.11023622047244" WIDTH="206.29921259842519" VPOS="2456.6929133858266" HPOS="705.511811023622" CONTENT="la" ID="tl_17_2" STYLEREFS="FONT0"/>
            <SP HEIGHT="118.11023622047244" WIDTH="34.645669291338585" VPOS="2456.6929133858266" HPOS="913.3858267716536"/>
            <String HEIGHT="118.11023622047244" WIDTH="377.9527559055118" VPOS="2456.6929133858266" HPOS="809.4488188976378" CONTENT="reprise" ID="tl_17_3" STYLEREFS="FONT0"/>
            <SP HEIGHT="118.11023622047244" WIDTH="34.645669291338585" VPOS="2456.6929133858266" HPOS="1187.4015748031495"/>
            <String HEIGHT="118.11023622047244" WIDTH="206.29921259842519" VPOS="2456.6929133858266" HPOS="1085.0393700787401" CONTENT="de" ID="tl_17_4" STYLEREFS="FONT0"/>
            <SP HEIGHT="118.11023622047244" WIDTH="34.645669291338585" VPOS="2456.6929133858266" HPOS="1291.3385826771653"/>
            <String HEIGHT="118.11023622047244" WIDTH="240.9448818897638" VPOS="2456.6929133858266" HPOS="1187.4015748031495" CONTENT="nos" ID="tl_17_5" STYLEREFS="FONT0"/>
            <SP HEIGHT="118.11023622047244" WIDTH="34.645669291338585" VPOS="2456.6929133858266" HPOS="1428.3464566929133"/>
            <String HEIGHT="118.11023622047244" WIDTH="618.8976377952756" VPOS="2456.6929133858266" HPOS="1325.984251968504" CONTENT="manifestations" ID="tl_17_6" STYLEREFS="FONT0"/>
            <SP HEIGHT="118.11023622047244" WIDTH="34.645669291338585" VPOS="2456.6929133858266" HPOS="1944.8818897637796"/>
            <String HEIGHT="118.11023622047244" WIDTH="412.59842519685037" VPOS="2456.6929133858266" HPOS="1807.8740157480315" CONTENT="annuelles." ID="tl_17_7" STYLEREFS="FONT0"/>
          </TextLine>
        </TextBlock>
        <TextBlock ID="r_8_4" HEIGHT="303.93700787401576" WIDTH="2017.3228346456692" VPOS="2563.779527559055" HPOS="587.4015748031496">
          <TextLine ID="tl_18" BASELINE="1685" HEIGHT="114.96062992125984" WIDTH="1963.7795275590552" VPOS="2538.582677165354" HPOS="651.9685039370079">
            <String HEIGHT="114.96062992125984" WIDTH="206.29921259842519" VPOS="2538.582677165354" HPOS="617.3228346456693" CONTENT="Né" ID="tl_18_1" STYLEREFS="FONT0"/>
            <SP HEIGHT="114.96062992125984" WIDTH="34.645669291338585" VPOS="2538.582677165354" HPOS="823.6220472440945"/>
            <String HEIGHT="114.96062992125984" WIDTH="206.29921259842519" VPOS="2538.582677165354" HPOS="721.2598425196851" CONTENT="le" ID="tl_18_2" STYLEREFS="FONT0"/>
            <SP HEIGHT="114.96062992125984" WIDTH="34.645669291338585" VPOS="2538.582677165354" HPOS="927.5590551181102"/>
            <String HEIGHT="114.96062992125984" WIDTH="206.29921259842519" VPOS="2538.582677165354" HPOS="823.6220472440945" CONTENT="19" ID="tl_18_3" STYLEREFS="FONT0"/>
            <SP HEIGHT="114.96062992125984" WIDTH="34.645669291338585" VPOS="2538.582677165354" HPOS="1031.4960629921259"/>
            <String HEIGHT="114.96062992125984" WIDTH="379.5275590551181" VPOS="2538.582677165354" HPOS="927.5590551181102" CONTENT="octobre" ID="tl_18_4" STYLEREFS="FONT0"/>
            <SP HEIGHT="114.96062992125984" WIDTH="34.645669291338585" VPOS="2538.582677165354" HPOS="1307.0866141732283"/>
            <String HEIGHT="114.96062992125984" WIDTH="310.23622047244095" VPOS="2538.582677165354" HPOS="1203.1496062992126" CONTENT="1862," ID="tl_18_5" STYLEREFS="FONT0"/>
            <SP HEIGHT="114.96062992125984" WIDTH="34.645669291338585" VPOS="2538.582677165354" HPOS="1513.3858267716535"/>
            <String HEIGHT="114.96062992125984" WIDTH="344.88188976377955" VPOS="2538.582677165354" HPOS="1409.4488188976377" CONTENT="avocat" ID="tl_18_6" STYLEREFS="FONT0"/>
            <SP HEIGHT="114.96062992125984" WIDTH="34.645669291338585" VPOS="2538.582677165354" HPOS="1754.3307086614172"/>
            <String HEIGHT="114.96062992125984" WIDTH="481.8897637795276" VPOS="2538.582677165354" HPOS="1650.3937007874015" CONTENT="d’origine," ID="tl_18_7" STYLEREFS="FONT0"/>
            <SP HEIGHT="114.96062992125984" WIDTH="34.645669291338585" VPOS="2538.582677165354" HPOS="2133.8582677165355"/>
            <String HEIGHT="114.96062992125984" WIDTH="275.59055118110234" VPOS="2538.582677165354" HPOS="2029.9212598425197" CONTENT="mais" ID="tl_18_8" STYLEREFS="FONT0"/>
            <SP HEIGHT="114.96062992125984" WIDTH="34.645669291338585" VPOS="2538.582677165354" HPOS="2305.511811023622"/>
            <String HEIGHT="114.96062992125984" WIDTH="447.244094488189" VPOS="2538.582677165354" HPOS="2168.503937007874" CONTENT="journaliste" ID="tl_18_9" STYLEREFS="FONT0"/>
          </TextLine>
          <TextLine ID="tl_19" BASELINE="1729" HEIGHT="91.33858267716535" WIDTH="2025.1968503937007" VPOS="2631.496062992126" HPOS="579.5275590551181">
            <String HEIGHT="91.33858267716535" WIDTH="258.26771653543307" VPOS="2631.496062992126" HPOS="543.3070866141733" CONTENT="par" ID="tl_19_1" STYLEREFS="FONT0"/>
            <SP HEIGHT="91.33858267716535" WIDTH="36.22047244094488" VPOS="2631.496062992126" HPOS="800.0"/>
            <String HEIGHT="91.33858267716535" WIDTH="588.9763779527559" VPOS="2631.496062992126" HPOS="689.7637795275591" CONTENT="inclination," ID="tl_19_2" STYLEREFS="FONT0"/>
            <SP HEIGHT="91.33858267716535" WIDTH="36.22047244094488" VPOS="2631.496062992126" HPOS="1278.740157480315"/>
            <String HEIGHT="91.33858267716535" WIDTH="220.4724409448819" VPOS="2631.496062992126" HPOS="1168.5039370078741" CONTENT="M." ID="tl_19_3" STYLEREFS="FONT0"/>
            <SP HEIGHT="91.33858267716535" WIDTH="36.22047244094488" VPOS="2631.496062992126" HPOS="1388.976377952756"/>
            <String HEIGHT="91.33858267716535" WIDTH="368.503937007874" VPOS="2631.496062992126" HPOS="1278.740157480315" CONTENT="Marcel" ID="tl_19_4" STYLEREFS="FONT0"/>
            <SP HEIGHT="91.33858267716535" WIDTH="36.22047244094488" VPOS="2631.496062992126" HPOS="1647.244094488189"/>
            <String HEIGHT="91.33858267716535" WIDTH="368.503937007874" VPOS="2631.496062992126" HPOS="1537.007874015748" CONTENT="Sembat" ID="tl_19_5" STYLEREFS="FONT0"/>
            <SP HEIGHT="91.33858267716535" WIDTH="36.22047244094488" VPOS="2631.496062992126" HPOS="1905.5118110236222"/>
            <String HEIGHT="91.33858267716535" WIDTH="442.5196850393701" VPOS="2631.496062992126" HPOS="1795.275590551181" CONTENT="joignait" ID="tl_19_6" STYLEREFS="FONT0"/>
            <SP HEIGHT="91.33858267716535" WIDTH="36.22047244094488" VPOS="2631.496062992126" HPOS="2236.220472440945"/>
            <String HEIGHT="91.33858267716535" WIDTH="184.251968503937" VPOS="2631.496062992126" HPOS="2125.984251968504" CONTENT="à" ID="tl_19_7" STYLEREFS="FONT0"/>
            <SP HEIGHT="91.33858267716535" WIDTH="36.22047244094488" VPOS="2631.496062992126" HPOS="2310.236220472441"/>
            <String HEIGHT="91.33858267716535" WIDTH="258.26771653543307" VPOS="2631.496062992126" HPOS="2200.0" CONTENT="son" ID="tl_19_8" STYLEREFS="FONT0"/>
            <SP HEIGHT="91.33858267716535" WIDTH="36.22047244094488" VPOS="2631.496062992126" HPOS="2456.6929133858266"/>
            <String HEIGHT="91.33858267716535" WIDTH="294.48818897637796" VPOS="2631.496062992126" HPOS="2310.236220472441" CONTENT="talent" ID="tl_19_9" STYLEREFS="FONT0"/>
          </TextLine>
          <TextLine ID="tl_20" BASELINE="1776" HEIGHT="81.88976377952756" WIDTH="2026.7716535433071" VPOS="2714.9606299212596" HPOS="579.5275590551181">
            <String HEIGHT="81.88976377952756" WIDTH="453.54330708661416" VPOS="2714.9606299212596" HPOS="544.8818897637796" CONTENT="d’orateur" ID="tl_20_1" STYLEREFS="FONT0"/>
            <SP HEIGHT="81.88976377952756" WIDTH="34.645669291338585" VPOS="2714.9606299212596" HPOS="998.4251968503937"/>
            <String HEIGHT="81.88976377952756" WIDTH="244.09448818897638" VPOS="2714.9606299212596" HPOS="894.488188976378" CONTENT="une" ID="tl_20_2" STYLEREFS="FONT0"/>
            <SP HEIGHT="81.88976377952756" WIDTH="34.645669291338585" VPOS="2714.9606299212596" HPOS="1138.5826771653544"/>
            <String HEIGHT="81.88976377952756" WIDTH="314.96062992125985" VPOS="2714.9606299212596" HPOS="1033.0708661417323" CONTENT="belle" ID="tl_20_3" STYLEREFS="FONT0"/>
            <SP HEIGHT="81.88976377952756" WIDTH="34.645669291338585" VPOS="2714.9606299212596" HPOS="1348.0314960629921"/>
            <String HEIGHT="81.88976377952756" WIDTH="384.251968503937" VPOS="2714.9606299212596" HPOS="1244.0944881889764" CONTENT="culture" ID="tl_20_4" STYLEREFS="FONT0"/>
            <SP HEIGHT="81.88976377952756" WIDTH="34.645669291338585" VPOS="2714.9606299212596" HPOS="1628.3464566929133"/>
            <String HEIGHT="81.88976377952756" WIDTH="628.3464566929134" VPOS="2714.9606299212596" HPOS="1522.8346456692914" CONTENT="intellectuelle" ID="tl_20_5" STYLEREFS="FONT0"/>
            <SP HEIGHT="81.88976377952756" WIDTH="34.645669291338585" VPOS="2714.9606299212596" HPOS="2152.755905511811"/>
            <String HEIGHT="81.88976377952756" WIDTH="244.09448818897638" VPOS="2714.9606299212596" HPOS="2047.244094488189" CONTENT="qui" ID="tl_20_6" STYLEREFS="FONT0"/>
            <SP HEIGHT="81.88976377952756" WIDTH="34.645669291338585" VPOS="2714.9606299212596" HPOS="2291.3385826771655"/>
            <String HEIGHT="81.88976377952756" WIDTH="209.4488188976378" VPOS="2714.9606299212596" HPOS="2187.4015748031497" CONTENT="le" ID="tl_20_7" STYLEREFS="FONT0"/>
            <SP HEIGHT="81.88976377952756" WIDTH="34.645669291338585" VPOS="2714.9606299212596" HPOS="2396.850393700787"/>
            <String HEIGHT="81.88976377952756" WIDTH="349.6062992125984" VPOS="2714.9606299212596" HPOS="2256.6929133858266" CONTENT="ramenait" ID="tl_20_8" STYLEREFS="FONT0"/>
          </TextLine>
          <TextLine ID="tl_21" BASELINE="1835" HEIGHT="94.48818897637796" WIDTH="1751.1811023622047" VPOS="2795.2755905511813" HPOS="576.3779527559055">
            <String HEIGHT="94.48818897637796" WIDTH="274.01574803149606" VPOS="2795.2755905511813" HPOS="541.7322834645669" CONTENT="sans" ID="tl_21_1" STYLEREFS="FONT0"/>
            <SP HEIGHT="94.48818897637796" WIDTH="34.645669291338585" VPOS="2795.2755905511813" HPOS="817.3228346456693"/>
            <String HEIGHT="94.48818897637796" WIDTH="308.66141732283467" VPOS="2795.2755905511813" HPOS="713.3858267716536" CONTENT="cesse" ID="tl_21_2" STYLEREFS="FONT0"/>
            <SP HEIGHT="94.48818897637796" WIDTH="34.645669291338585" VPOS="2795.2755905511813" HPOS="1022.0472440944882"/>
            <String HEIGHT="94.48818897637796" WIDTH="206.29921259842519" VPOS="2795.2755905511813" HPOS="919.6850393700787" CONTENT="de" ID="tl_21_3" STYLEREFS="FONT0"/>
            <SP HEIGHT="94.48818897637796" WIDTH="34.645669291338585" VPOS="2795.2755905511813" HPOS="1125.984251968504"/>
            <String HEIGHT="94.48818897637796" WIDTH="206.29921259842519" VPOS="2795.2755905511813" HPOS="1022.0472440944882" CONTENT="la" ID="tl_21_4" STYLEREFS="FONT0"/>
            <SP HEIGHT="94.48818897637796" WIDTH="34.645669291338585" VPOS="2795.2755905511813" HPOS="1228.3464566929133"/>
            <String HEIGHT="94.48818897637796" WIDTH="445.6692913385827" VPOS="2795.2755905511813" HPOS="1125.984251968504" CONTENT="politique" ID="tl_21_5" STYLEREFS="FONT0"/>
            <SP HEIGHT="94.48818897637796" WIDTH="34.645669291338585" VPOS="2795.2755905511813" HPOS="1571.6535433070867"/>
            <String HEIGHT="94.48818897637796" WIDTH="240.9448818897638" VPOS="2795.2755905511813" HPOS="1469.291338582677" CONTENT="aux" ID="tl_21_6" STYLEREFS="FONT0"/>
            <SP HEIGHT="94.48818897637796" WIDTH="34.645669291338585" VPOS="2795.2755905511813" HPOS="1710.236220472441"/>
            <String HEIGHT="94.48818897637796" WIDTH="377.9527559055118" VPOS="2795.2755905511813" HPOS="1606.2992125984251" CONTENT="Lettres" ID="tl_21_7" STYLEREFS="FONT0"/>
            <SP HEIGHT="94.48818897637796" WIDTH="34.645669291338585" VPOS="2795.2755905511813" HPOS="1984.251968503937"/>
            <String HEIGHT="94.48818897637796" WIDTH="206.29921259842519" VPOS="2795.2755905511813" HPOS="1881.8897637795276" CONTENT="et" ID="tl_21_8" STYLEREFS="FONT0"/>
            <SP HEIGHT="94.48818897637796" WIDTH="34.645669291338585" VPOS="2795.2755905511813" HPOS="2086.6141732283463"/>
            <String HEIGHT="94.48818897637796" WIDTH="240.9448818897638" VPOS="2795.2755905511813" HPOS="1984.251968503937" CONTENT="aux" ID="tl_21_9" STYLEREFS="FONT0"/>
            <SP HEIGHT="94.48818897637796" WIDTH="34.645669291338585" VPOS="2795.2755905511813" HPOS="2225.196850393701"/>
            <String HEIGHT="94.48818897637796" WIDTH="240.9448818897638" VPOS="2795.2755905511813" HPOS="2086.6141732283463" CONTENT="Arts." ID="tl_21_10" STYLEREFS="FONT0"/>
          </TextLine>
        </TextBlock>
        <TextBlock ID="r_8_5" HEIGHT="291.33858267716533" WIDTH="2011.023622047244" VPOS="2885.0393700787404" HPOS="581.1023622047244">
          <TextLine ID="tl_22" BASELINE="1881" HEIGHT="105.51181102362204" WIDTH="1955.9055118110236" VPOS="2856.6929133858266" HPOS="647.2440944881889">
            <String HEIGHT="105.51181102362204" WIDTH="319.68503937007875" VPOS="2856.6929133858266" HPOS="611.0236220472441" CONTENT="Parti" ID="tl_22_1" STYLEREFS="FONT0"/>
            <SP HEIGHT="105.51181102362204" WIDTH="36.22047244094488" VPOS="2856.6929133858266" HPOS="932.2834645669292"/>
            <String HEIGHT="105.51181102362204" WIDTH="177.95275590551182" VPOS="2856.6929133858266" HPOS="825.1968503937007" CONTENT="à" ID="tl_22_2" STYLEREFS="FONT0"/>
            <SP HEIGHT="105.51181102362204" WIDTH="36.22047244094488" VPOS="2856.6929133858266" HPOS="1003.1496062992126"/>
            <String HEIGHT="105.51181102362204" WIDTH="426.7716535433071" VPOS="2856.6929133858266" HPOS="896.0629921259842" CONTENT="Chamonix" ID="tl_22_3" STYLEREFS="FONT0"/>
            <SP HEIGHT="105.51181102362204" WIDTH="36.22047244094488" VPOS="2856.6929133858266" HPOS="1322.8346456692914"/>
            <String HEIGHT="105.51181102362204" WIDTH="285.03937007874015" VPOS="2856.6929133858266" HPOS="1215.748031496063" CONTENT="pour" ID="tl_22_4" STYLEREFS="FONT0"/>
            <SP HEIGHT="105.51181102362204" WIDTH="36.22047244094488" VPOS="2856.6929133858266" HPOS="1500.7874015748032"/>
            <String HEIGHT="105.51181102362204" WIDTH="212.5984251968504" VPOS="2856.6929133858266" HPOS="1393.7007874015749" CONTENT="se" ID="tl_22_5" STYLEREFS="FONT0"/>
            <SP HEIGHT="105.51181102362204" WIDTH="36.22047244094488" VPOS="2856.6929133858266" HPOS="1607.8740157480315"/>
            <String HEIGHT="105.51181102362204" WIDTH="390.5511811023622" VPOS="2856.6929133858266" HPOS="1500.7874015748032" CONTENT="reposer" ID="tl_22_6" STYLEREFS="FONT0"/>
            <SP HEIGHT="105.51181102362204" WIDTH="36.22047244094488" VPOS="2856.6929133858266" HPOS="1891.3385826771653"/>
            <String HEIGHT="105.51181102362204" WIDTH="248.8188976377953" VPOS="2856.6929133858266" HPOS="1785.8267716535433" CONTENT="des" ID="tl_22_7" STYLEREFS="FONT0"/>
            <SP HEIGHT="105.51181102362204" WIDTH="36.22047244094488" VPOS="2856.6929133858266" HPOS="2034.6456692913387"/>
            <String HEIGHT="105.51181102362204" WIDTH="426.7716535433071" VPOS="2856.6929133858266" HPOS="1927.5590551181103" CONTENT="fatigues" ID="tl_22_8" STYLEREFS="FONT0"/>
            <SP HEIGHT="105.51181102362204" WIDTH="36.22047244094488" VPOS="2856.6929133858266" HPOS="2354.3307086614172"/>
            <String HEIGHT="105.51181102362204" WIDTH="212.5984251968504" VPOS="2856.6929133858266" HPOS="2247.244094488189" CONTENT="de" ID="tl_22_9" STYLEREFS="FONT0"/>
            <SP HEIGHT="105.51181102362204" WIDTH="36.22047244094488" VPOS="2856.6929133858266" HPOS="2461.417322834646"/>
            <String HEIGHT="105.51181102362204" WIDTH="212.5984251968504" VPOS="2856.6929133858266" HPOS="2354.3307086614172" CONTENT="la" ID="tl_22_10" STYLEREFS="FONT0"/>
            <SP HEIGHT="105.51181102362204" WIDTH="36.22047244094488" VPOS="2856.6929133858266" HPOS="2566.9291338582675"/>
            <String HEIGHT="105.51181102362204" WIDTH="177.95275590551182" VPOS="2856.6929133858266" HPOS="2425.196850393701" CONTENT="vie" ID="tl_22_11" STYLEREFS="FONT0"/>
          </TextLine>
          <TextLine ID="tl_23" BASELINE="1931" HEIGHT="80.31496062992126" WIDTH="2029.9212598425197" VPOS="2960.6299212598424" HPOS="570.0787401574803">
            <String HEIGHT="80.31496062992126" WIDTH="533.8582677165355" VPOS="2960.6299212598424" HPOS="533.8582677165355" CONTENT="parisienne," ID="tl_23_1" STYLEREFS="FONT0"/>
            <SP HEIGHT="80.31496062992126" WIDTH="36.22047244094488" VPOS="2960.6299212598424" HPOS="1069.291338582677"/>
            <String HEIGHT="80.31496062992126" WIDTH="248.8188976377953" VPOS="2960.6299212598424" HPOS="962.2047244094488" CONTENT="une" ID="tl_23_2" STYLEREFS="FONT0"/>
            <SP HEIGHT="80.31496062992126" WIDTH="36.22047244094488" VPOS="2960.6299212598424" HPOS="1211.023622047244"/>
            <String HEIGHT="80.31496062992126" WIDTH="499.21259842519686" VPOS="2960.6299212598424" HPOS="1103.9370078740158" CONTENT="hémorragie" ID="tl_23_3" STYLEREFS="FONT0"/>
            <SP HEIGHT="80.31496062992126" WIDTH="36.22047244094488" VPOS="2960.6299212598424" HPOS="1603.1496062992126"/>
            <String HEIGHT="80.31496062992126" WIDTH="462.99212598425197" VPOS="2960.6299212598424" HPOS="1496.0629921259842" CONTENT="cérébrale" ID="tl_23_4" STYLEREFS="FONT0"/>
            <SP HEIGHT="80.31496062992126" WIDTH="36.22047244094488" VPOS="2960.6299212598424" HPOS="1959.0551181102362"/>
            <String HEIGHT="80.31496062992126" WIDTH="214.17322834645668" VPOS="2960.6299212598424" HPOS="1851.9685039370079" CONTENT="le" ID="tl_23_5" STYLEREFS="FONT0"/>
            <SP HEIGHT="80.31496062992126" WIDTH="36.22047244094488" VPOS="2960.6299212598424" HPOS="2066.1417322834645"/>
            <String HEIGHT="80.31496062992126" WIDTH="426.7716535433071" VPOS="2960.6299212598424" HPOS="1959.0551181102362" CONTENT="terrassa" ID="tl_23_6" STYLEREFS="FONT0"/>
            <SP HEIGHT="80.31496062992126" WIDTH="36.22047244094488" VPOS="2960.6299212598424" HPOS="2385.8267716535433"/>
            <String HEIGHT="80.31496062992126" WIDTH="214.17322834645668" VPOS="2960.6299212598424" HPOS="2278.740157480315" CONTENT="en" ID="tl_23_7" STYLEREFS="FONT0"/>
            <SP HEIGHT="80.31496062992126" WIDTH="36.22047244094488" VPOS="2960.6299212598424" HPOS="2492.9133858267714"/>
            <String HEIGHT="80.31496062992126" WIDTH="248.8188976377953" VPOS="2960.6299212598424" HPOS="2351.181102362205" CONTENT="quel" SUBS_TYPE="HypPart1" SUBS_CONTENT="quelques" ID="tl_23_8" STYLEREFS="FONT0"/>
            <HYP CONTENT="-"/>
          </TextLine>
          <TextLine ID="tl_24" BASELINE="1993" HEIGHT="100.78740157480316" WIDTH="2026.7716535433071" VPOS="3037.7952755905512" HPOS="576.3779527559055">
            <String HEIGHT="100.78740157480316" WIDTH="300.78740157480314" VPOS="3037.7952755905512" HPOS="538.5826771653543" CONTENT="ques" SUBS_TYPE="HypPart2" SUBS_CONTENT="quelques" ID="tl_24_1" STYLEREFS="FONT0"/>
            <SP HEIGHT="100.78740157480316" WIDTH="37.79527559055118" VPOS="3037.7952755905512" HPOS="839.3700787401575"/>
            <String HEIGHT="100.78740157480316" WIDTH="412.59842519685037" VPOS="3037.7952755905512" HPOS="725.9842519685039" CONTENT="heures;" ID="tl_24_2" STYLEREFS="FONT0"/>
            <SP HEIGHT="100.78740157480316" WIDTH="37.79527559055118" VPOS="3037.7952755905512" HPOS="1138.5826771653544"/>
            <String HEIGHT="100.78740157480316" WIDTH="225.1968503937008" VPOS="3037.7952755905512" HPOS="1026.7716535433071" CONTENT="il" ID="tl_24_3" STYLEREFS="FONT0"/>
            <SP HEIGHT="100.78740157480316" WIDTH="37.79527559055118" VPOS="3037.7952755905512" HPOS="1251.9685039370079"/>
            <String HEIGHT="100.78740157480316" WIDTH="374.8031496062992" VPOS="3037.7952755905512" HPOS="1140.1574803149606" CONTENT="mourut" ID="tl_24_4" STYLEREFS="FONT0"/>
            <SP HEIGHT="100.78740157480316" WIDTH="37.79527559055118" VPOS="3037.7952755905512" HPOS="1514.9606299212599"/>
            <String HEIGHT="100.78740157480316" WIDTH="225.1968503937008" VPOS="3037.7952755905512" HPOS="1401.5748031496064" CONTENT="le" ID="tl_24_5" STYLEREFS="FONT0"/>
            <SP HEIGHT="100.78740157480316" WIDTH="37.79527559055118" VPOS="3037.7952755905512" HPOS="1626.7716535433071"/>
            <String HEIGHT="100.78740157480316" WIDTH="338.5826771653543" VPOS="3037.7952755905512" HPOS="1514.9606299212599" CONTENT="mardi" ID="tl_24_6" STYLEREFS="FONT0"/>
            <SP HEIGHT="100.78740157480316" WIDTH="37.79527559055118" VPOS="3037.7952755905512" HPOS="1851.9685039370079"/>
            <String HEIGHT="100.78740157480316" WIDTH="187.4015748031496" VPOS="3037.7952755905512" HPOS="1740.1574803149606" CONTENT="5" ID="tl_24_7" STYLEREFS="FONT0"/>
            <SP HEIGHT="100.78740157480316" WIDTH="37.79527559055118" VPOS="3037.7952755905512" HPOS="1927.5590551181103"/>
            <String HEIGHT="100.78740157480316" WIDTH="525.9842519685039" VPOS="3037.7952755905512" HPOS="1815.748031496063" CONTENT="septembre," ID="tl_24_8" STYLEREFS="FONT0"/>
            <SP HEIGHT="100.78740157480316" WIDTH="37.79527559055118" VPOS="3037.7952755905512" HPOS="2340.1574803149606"/>
            <String HEIGHT="100.78740157480316" WIDTH="187.4015748031496" VPOS="3037.7952755905512" HPOS="2228.3464566929133" CONTENT="à" ID="tl_24_9" STYLEREFS="FONT0"/>
            <SP HEIGHT="100.78740157480316" WIDTH="37.79527559055118" VPOS="3037.7952755905512" HPOS="2415.748031496063"/>
            <String HEIGHT="100.78740157480316" WIDTH="300.78740157480314" VPOS="3037.7952755905512" HPOS="2302.3622047244094" CONTENT="midi" ID="tl_24_10" STYLEREFS="FONT0"/>
            <SP HEIGHT="100.78740157480316" WIDTH="37.79527559055118" VPOS="3037.7952755905512" HPOS="2603.149606299213"/>
            <String HEIGHT="100.78740157480316" WIDTH="149.60629921259843" VPOS="3037.7952755905512" HPOS="2453.5433070866143" CONTENT="et" ID="tl_24_11" STYLEREFS="FONT0"/>
          </TextLine>
          <TextLine ID="tl_25" BASELINE="2035" HEIGHT="97.63779527559055" WIDTH="204.7244094488189" VPOS="3107.0866141732286" HPOS="568.503937007874">
            <String HEIGHT="97.63779527559055" WIDTH="286.61417322834643" VPOS="3107.0866141732286" HPOS="486.61417322834643" CONTENT="demi." ID="tl_25_1" STYLEREFS="FONT0"/>
          </TextLine>
        </TextBlock>
        <TextBlock ID="r_8_6" HEIGHT="310.23622047244095" WIDTH="2009.4488188976377" VPOS="3211.0236220472443" HPOS="582.6771653543307">
          <TextLine ID="tl_26" BASELINE="2098" HEIGHT="132.28346456692913" WIDTH="1957.4803149606298" VPOS="3171.6535433070867" HPOS="644.0944881889764">
            <String HEIGHT="132.28346456692913" WIDTH="384.251968503937" VPOS="3171.6535433070867" HPOS="606.2992125984252" CONTENT="Madame" ID="tl_26_1" STYLEREFS="FONT0"/>
            <SP HEIGHT="132.28346456692913" WIDTH="37.79527559055118" VPOS="3171.6535433070867" HPOS="988.9763779527559"/>
            <String HEIGHT="132.28346456692913" WIDTH="422.0472440944882" VPOS="3171.6535433070867" HPOS="874.0157480314961" CONTENT="Sembat," ID="tl_26_2" STYLEREFS="FONT0"/>
            <SP HEIGHT="132.28346456692913" WIDTH="37.79527559055118" VPOS="3171.6535433070867" HPOS="1296.0629921259842"/>
            <String HEIGHT="132.28346456692913" WIDTH="422.0472440944882" VPOS="3171.6535433070867" HPOS="1181.1023622047244" CONTENT="artiste" ID="tl_26_3" STYLEREFS="FONT0"/>
            <SP HEIGHT="132.28346456692913" WIDTH="37.79527559055118" VPOS="3171.6535433070867" HPOS="1603.1496062992126"/>
            <String HEIGHT="132.28346456692913" WIDTH="806.2992125984252" VPOS="3171.6535433070867" HPOS="1488.1889763779527" CONTENT="peintre-sculpteur" ID="tl_26_4" STYLEREFS="FONT0"/>
            <SP HEIGHT="132.28346456692913" WIDTH="37.79527559055118" VPOS="3171.6535433070867" HPOS="2294.488188976378"/>
            <String HEIGHT="132.28346456692913" WIDTH="307.0866141732283" VPOS="3171.6535433070867" HPOS="2179.527559055118" CONTENT="(Mme" ID="tl_26_5" STYLEREFS="FONT0"/>
            <SP HEIGHT="132.28346456692913" WIDTH="37.79527559055118" VPOS="3171.6535433070867" HPOS="2486.6141732283463"/>
            <String HEIGHT="132.28346456692913" WIDTH="269.29133858267716" VPOS="3171.6535433070867" HPOS="2332.283464566929" CONTENT="Geor" SUBS_TYPE="HypPart1" SUBS_CONTENT="Georgette" ID="tl_26_6" STYLEREFS="FONT0"/>
            <HYP CONTENT="-"/>
          </TextLine>
          <TextLine ID="tl_27" BASELINE="2152" HEIGHT="89.76377952755905" WIDTH="2031.4960629921259" VPOS="3299.212598425197" HPOS="571.6535433070866">
            <String HEIGHT="89.76377952755905" WIDTH="314.96062992125985" VPOS="3299.212598425197" HPOS="537.007874015748" CONTENT="gette" SUBS_TYPE="HypPart2" SUBS_CONTENT="Georgette" ID="tl_27_1" STYLEREFS="FONT0"/>
            <SP HEIGHT="89.76377952755905" WIDTH="34.645669291338585" VPOS="3299.212598425197" HPOS="851.9685039370079"/>
            <String HEIGHT="89.76377952755905" WIDTH="420.4724409448819" VPOS="3299.212598425197" HPOS="746.4566929133858" CONTENT="Agutte)," ID="tl_27_2" STYLEREFS="FONT0"/>
            <SP HEIGHT="89.76377952755905" WIDTH="34.645669291338585" VPOS="3299.212598425197" HPOS="1166.9291338582677"/>
            <String HEIGHT="89.76377952755905" WIDTH="245.66929133858267" VPOS="3299.212598425197" HPOS="1061.4173228346456" CONTENT="qui" ID="tl_27_3" STYLEREFS="FONT0"/>
            <SP HEIGHT="89.76377952755905" WIDTH="34.645669291338585" VPOS="3299.212598425197" HPOS="1307.0866141732283"/>
            <String HEIGHT="89.76377952755905" WIDTH="314.96062992125985" VPOS="3299.212598425197" HPOS="1201.5748031496064" CONTENT="était" ID="tl_27_4" STYLEREFS="FONT0"/>
            <SP HEIGHT="89.76377952755905" WIDTH="34.645669291338585" VPOS="3299.212598425197" HPOS="1518.1102362204724"/>
            <String HEIGHT="89.76377952755905" WIDTH="349.6062992125984" VPOS="3299.212598425197" HPOS="1412.5984251968505" CONTENT="membre" ID="tl_27_5" STYLEREFS="FONT0"/>
            <SP HEIGHT="89.76377952755905" WIDTH="34.645669291338585" VPOS="3299.212598425197" HPOS="1762.2047244094488"/>
            <String HEIGHT="89.76377952755905" WIDTH="209.4488188976378" VPOS="3299.212598425197" HPOS="1656.6929133858268" CONTENT="de" ID="tl_27_6" STYLEREFS="FONT0"/>
            <SP HEIGHT="89.76377952755905" WIDTH="34.645669291338585" VPOS="3299.212598425197" HPOS="1867.716535433071"/>
            <String HEIGHT="89.76377952755905" WIDTH="209.4488188976378" VPOS="3299.212598425197" HPOS="1762.2047244094488" CONTENT="la" ID="tl_27_7" STYLEREFS="FONT0"/>
            <SP HEIGHT="89.76377952755905" WIDTH="34.645669291338585" VPOS="3299.212598425197" HPOS="1973.2283464566929"/>
            <String HEIGHT="89.76377952755905" WIDTH="385.8267716535433" VPOS="3299.212598425197" HPOS="1867.716535433071" CONTENT="Société" ID="tl_27_8" STYLEREFS="FONT0"/>
            <SP HEIGHT="89.76377952755905" WIDTH="34.645669291338585" VPOS="3299.212598425197" HPOS="2253.5433070866143"/>
            <String HEIGHT="89.76377952755905" WIDTH="245.66929133858267" VPOS="3299.212598425197" HPOS="2148.031496062992" CONTENT="des" ID="tl_27_9" STYLEREFS="FONT0"/>
            <SP HEIGHT="89.76377952755905" WIDTH="34.645669291338585" VPOS="3299.212598425197" HPOS="2393.700787401575"/>
            <String HEIGHT="89.76377952755905" WIDTH="349.6062992125984" VPOS="3299.212598425197" HPOS="2253.5433070866143" CONTENT="Artistes" ID="tl_27_10" STYLEREFS="FONT0"/>
          </TextLine>
          <TextLine ID="tl_28" BASELINE="2189" HEIGHT="88.18897637795276" WIDTH="2028.3464566929133" VPOS="3359.0551181102364" HPOS="573.2283464566929">
            <String HEIGHT="88.18897637795276" WIDTH="570.0787401574803" VPOS="3359.0551181102364" HPOS="537.007874015748" CONTENT="Indépendants" ID="tl_28_1" STYLEREFS="FONT0"/>
            <SP HEIGHT="88.18897637795276" WIDTH="36.22047244094488" VPOS="3359.0551181102364" HPOS="1107.0866141732283"/>
            <String HEIGHT="88.18897637795276" WIDTH="355.90551181102364" VPOS="3359.0551181102364" HPOS="1000.0" CONTENT="depuis" ID="tl_28_2" STYLEREFS="FONT0"/>
            <SP HEIGHT="88.18897637795276" WIDTH="36.22047244094488" VPOS="3359.0551181102364" HPOS="1355.9055118110236"/>
            <String HEIGHT="88.18897637795276" WIDTH="392.12598425196853" VPOS="3359.0551181102364" HPOS="1248.8188976377953" CONTENT="février" ID="tl_28_3" STYLEREFS="FONT0"/>
            <SP HEIGHT="88.18897637795276" WIDTH="36.22047244094488" VPOS="3359.0551181102364" HPOS="1640.9448818897638"/>
            <String HEIGHT="88.18897637795276" WIDTH="319.68503937007875" VPOS="3359.0551181102364" HPOS="1533.8582677165355" CONTENT="1904," ID="tl_28_4" STYLEREFS="FONT0"/>
            <SP HEIGHT="88.18897637795276" WIDTH="36.22047244094488" VPOS="3359.0551181102364" HPOS="1853.5433070866143"/>
            <String HEIGHT="88.18897637795276" WIDTH="214.17322834645668" VPOS="3359.0551181102364" HPOS="1748.0314960629921" CONTENT="ne" ID="tl_28_5" STYLEREFS="FONT0"/>
            <SP HEIGHT="88.18897637795276" WIDTH="36.22047244094488" VPOS="3359.0551181102364" HPOS="1960.6299212598426"/>
            <String HEIGHT="88.18897637795276" WIDTH="392.12598425196853" VPOS="3359.0551181102364" HPOS="1853.5433070866143" CONTENT="voulant" ID="tl_28_6" STYLEREFS="FONT0"/>
            <SP HEIGHT="88.18897637795276" WIDTH="36.22047244094488" VPOS="3359.0551181102364" HPOS="2245.6692913385828"/>
            <String HEIGHT="88.18897637795276" WIDTH="248.8188976377953" VPOS="3359.0551181102364" HPOS="2138.582677165354" CONTENT="pas" ID="tl_28_7" STYLEREFS="FONT0"/>
            <SP HEIGHT="88.18897637795276" WIDTH="36.22047244094488" VPOS="3359.0551181102364" HPOS="2387.4015748031497"/>
            <String HEIGHT="88.18897637795276" WIDTH="355.90551181102364" VPOS="3359.0551181102364" HPOS="2245.6692913385828" CONTENT="survivre" ID="tl_28_8" STYLEREFS="FONT0"/>
          </TextLine>
          <TextLine ID="tl_29" BASELINE="2237" HEIGHT="86.61417322834646" WIDTH="1466.1417322834645" VPOS="3436.220472440945" HPOS="571.6535433070866">
            <String HEIGHT="86.61417322834646" WIDTH="174.8031496062992" VPOS="3436.220472440945" HPOS="537.007874015748" CONTENT="à" ID="tl_29_1" STYLEREFS="FONT0"/>
            <SP HEIGHT="86.61417322834646" WIDTH="34.645669291338585" VPOS="3436.220472440945" HPOS="711.8110236220473"/>
            <String HEIGHT="86.61417322834646" WIDTH="244.09448818897638" VPOS="3436.220472440945" HPOS="606.2992125984252" CONTENT="son" ID="tl_29_2" STYLEREFS="FONT0"/>
            <SP HEIGHT="86.61417322834646" WIDTH="34.645669291338585" VPOS="3436.220472440945" HPOS="850.3937007874016"/>
            <String HEIGHT="86.61417322834646" WIDTH="314.96062992125985" VPOS="3436.220472440945" HPOS="746.4566929133858" CONTENT="mari," ID="tl_29_3" STYLEREFS="FONT0"/>
            <SP HEIGHT="86.61417322834646" WIDTH="34.645669291338585" VPOS="3436.220472440945" HPOS="1059.8425196850394"/>
            <String HEIGHT="86.61417322834646" WIDTH="209.4488188976378" VPOS="3436.220472440945" HPOS="955.9055118110236" CONTENT="se" ID="tl_29_4" STYLEREFS="FONT0"/>
            <SP HEIGHT="86.61417322834646" WIDTH="34.645669291338585" VPOS="3436.220472440945" HPOS="1165.3543307086613"/>
            <String HEIGHT="86.61417322834646" WIDTH="384.251968503937" VPOS="3436.220472440945" HPOS="1059.8425196850394" CONTENT="suicida" ID="tl_29_5" STYLEREFS="FONT0"/>
            <SP HEIGHT="86.61417322834646" WIDTH="34.645669291338585" VPOS="3436.220472440945" HPOS="1444.0944881889764"/>
            <String HEIGHT="86.61417322834646" WIDTH="314.96062992125985" VPOS="3436.220472440945" HPOS="1340.1574803149606" CONTENT="douze" ID="tl_29_6" STYLEREFS="FONT0"/>
            <SP HEIGHT="86.61417322834646" WIDTH="34.645669291338585" VPOS="3436.220472440945" HPOS="1653.5433070866143"/>
            <String HEIGHT="86.61417322834646" WIDTH="349.6062992125984" VPOS="3436.220472440945" HPOS="1549.6062992125985" CONTENT="heures" ID="tl_29_7" STYLEREFS="FONT0"/>
            <SP HEIGHT="86.61417322834646" WIDTH="34.645669291338585" VPOS="3436.220472440945" HPOS="1897.6377952755906"/>
            <String HEIGHT="86.61417322834646" WIDTH="278.74015748031496" VPOS="3436.220472440945" HPOS="1759.0551181102362" CONTENT="après." ID="tl_29_8" STYLEREFS="FONT0"/>
          </TextLine>
        </TextBlock>
        <TextBlock ID="r_8_7" HEIGHT="370.0787401574803" WIDTH="2011.023622047244" VPOS="3538.582677165354" HPOS="582.6771653543307">
          <TextLine ID="tl_30" BASELINE="2300" HEIGHT="100.78740157480316" WIDTH="1954.3307086614172" VPOS="3521.259842519685" HPOS="644.0944881889764">
            <String HEIGHT="100.78740157480316" WIDTH="253.54330708661416" VPOS="3521.259842519685" HPOS="607.8740157480315" CONTENT="Que" ID="tl_30_1" STYLEREFS="FONT0"/>
            <SP HEIGHT="100.78740157480316" WIDTH="36.22047244094488" VPOS="3521.259842519685" HPOS="861.4173228346457"/>
            <String HEIGHT="100.78740157480316" WIDTH="217.3228346456693" VPOS="3521.259842519685" HPOS="752.7559055118111" CONTENT="la" ID="tl_30_2" STYLEREFS="FONT0"/>
            <SP HEIGHT="100.78740157480316" WIDTH="36.22047244094488" VPOS="3521.259842519685" HPOS="970.0787401574803"/>
            <String HEIGHT="100.78740157480316" WIDTH="398.4251968503937" VPOS="3521.259842519685" HPOS="861.4173228346457" CONTENT="famille" ID="tl_30_3" STYLEREFS="FONT0"/>
            <SP HEIGHT="100.78740157480316" WIDTH="36.22047244094488" VPOS="3521.259842519685" HPOS="1259.8425196850394"/>
            <String HEIGHT="100.78740157480316" WIDTH="325.98425196850394" VPOS="3521.259842519685" HPOS="1151.1811023622047" CONTENT="ainsi" ID="tl_30_4" STYLEREFS="FONT0"/>
            <SP HEIGHT="100.78740157480316" WIDTH="36.22047244094488" VPOS="3521.259842519685" HPOS="1477.1653543307086"/>
            <String HEIGHT="100.78740157480316" WIDTH="253.54330708661416" VPOS="3521.259842519685" HPOS="1368.5039370078741" CONTENT="que" ID="tl_30_5" STYLEREFS="FONT0"/>
            <SP HEIGHT="100.78740157480316" WIDTH="36.22047244094488" VPOS="3521.259842519685" HPOS="1622.0472440944882"/>
            <String HEIGHT="100.78740157480316" WIDTH="253.54330708661416" VPOS="3521.259842519685" HPOS="1513.3858267716535" CONTENT="les" ID="tl_30_6" STYLEREFS="FONT0"/>
            <SP HEIGHT="100.78740157480316" WIDTH="36.22047244094488" VPOS="3521.259842519685" HPOS="1765.3543307086613"/>
            <String HEIGHT="100.78740157480316" WIDTH="507.0866141732283" VPOS="3521.259842519685" HPOS="1656.6929133858268" CONTENT="nombreuses" ID="tl_30_7" STYLEREFS="FONT0"/>
            <SP HEIGHT="100.78740157480316" WIDTH="36.22047244094488" VPOS="3521.259842519685" HPOS="2163.779527559055"/>
            <String HEIGHT="100.78740157480316" WIDTH="398.4251968503937" VPOS="3521.259842519685" HPOS="2055.1181102362207" CONTENT="amitiés" ID="tl_30_8" STYLEREFS="FONT0"/>
            <SP HEIGHT="100.78740157480316" WIDTH="36.22047244094488" VPOS="3521.259842519685" HPOS="2453.5433070866143"/>
            <String HEIGHT="100.78740157480316" WIDTH="253.54330708661416" VPOS="3521.259842519685" HPOS="2344.8818897637793" CONTENT="que" ID="tl_30_9" STYLEREFS="FONT0"/>
            <SP HEIGHT="100.78740157480316" WIDTH="36.22047244094488" VPOS="3521.259842519685" HPOS="2598.4251968503936"/>
            <String HEIGHT="100.78740157480316" WIDTH="144.88188976377953" VPOS="3521.259842519685" HPOS="2453.5433070866143" CONTENT="le" ID="tl_30_10" STYLEREFS="FONT0"/>
          </TextLine>
          <TextLine ID="tl_31" BASELINE="2351" HEIGHT="107.08661417322834" WIDTH="2025.1968503937007" VPOS="3595.2755905511813" HPOS="571.6535433070866">
            <String HEIGHT="107.08661417322834" WIDTH="514.9606299212599" VPOS="3595.2755905511813" HPOS="535.4330708661417" CONTENT="dévouement" ID="tl_31_1" STYLEREFS="FONT0"/>
            <SP HEIGHT="107.08661417322834" WIDTH="36.22047244094488" VPOS="3595.2755905511813" HPOS="1050.3937007874015"/>
            <String HEIGHT="107.08661417322834" WIDTH="220.4724409448819" VPOS="3595.2755905511813" HPOS="940.1574803149606" CONTENT="de" ID="tl_31_2" STYLEREFS="FONT0"/>
            <SP HEIGHT="107.08661417322834" WIDTH="36.22047244094488" VPOS="3595.2755905511813" HPOS="1160.6299212598426"/>
            <String HEIGHT="107.08661417322834" WIDTH="258.26771653543307" VPOS="3595.2755905511813" HPOS="1050.3937007874015" CONTENT="nos" ID="tl_31_3" STYLEREFS="FONT0"/>
            <SP HEIGHT="107.08661417322834" WIDTH="36.22047244094488" VPOS="3595.2755905511813" HPOS="1308.6614173228347"/>
            <String HEIGHT="107.08661417322834" WIDTH="294.48818897637796" VPOS="3595.2755905511813" HPOS="1196.8503937007874" CONTENT="deux" ID="tl_31_4" STYLEREFS="FONT0"/>
            <SP HEIGHT="107.08661417322834" WIDTH="36.22047244094488" VPOS="3595.2755905511813" HPOS="1492.9133858267717"/>
            <String HEIGHT="107.08661417322834" WIDTH="294.48818897637796" VPOS="3595.2755905511813" HPOS="1381.1023622047244" CONTENT="amis" ID="tl_31_5" STYLEREFS="FONT0"/>
            <SP HEIGHT="107.08661417322834" WIDTH="36.22047244094488" VPOS="3595.2755905511813" HPOS="1675.5905511811025"/>
            <String HEIGHT="107.08661417322834" WIDTH="330.70866141732284" VPOS="3595.2755905511813" HPOS="1565.3543307086613" CONTENT="avait" ID="tl_31_6" STYLEREFS="FONT0"/>
            <SP HEIGHT="107.08661417322834" WIDTH="36.22047244094488" VPOS="3595.2755905511813" HPOS="1897.6377952755906"/>
            <String HEIGHT="107.08661417322834" WIDTH="220.4724409448819" VPOS="3595.2755905511813" HPOS="1787.4015748031495" CONTENT="su" ID="tl_31_7" STYLEREFS="FONT0"/>
            <SP HEIGHT="107.08661417322834" WIDTH="36.22047244094488" VPOS="3595.2755905511813" HPOS="2007.8740157480315"/>
            <String HEIGHT="107.08661417322834" WIDTH="330.70866141732284" VPOS="3595.2755905511813" HPOS="1897.6377952755906" CONTENT="faire" ID="tl_31_8" STYLEREFS="FONT0"/>
            <SP HEIGHT="107.08661417322834" WIDTH="36.22047244094488" VPOS="3595.2755905511813" HPOS="2228.3464566929133"/>
            <String HEIGHT="107.08661417322834" WIDTH="368.503937007874" VPOS="3595.2755905511813" HPOS="2118.1102362204724" CONTENT="naître" ID="tl_31_9" STYLEREFS="FONT0"/>
            <SP HEIGHT="107.08661417322834" WIDTH="36.22047244094488" VPOS="3595.2755905511813" HPOS="2486.6141732283463"/>
            <String HEIGHT="107.08661417322834" WIDTH="258.26771653543307" VPOS="3595.2755905511813" HPOS="2338.582677165354" CONTENT="trou" SUBS_TYPE="HypPart1" SUBS_CONTENT="trouvent" ID="tl_31_10" STYLEREFS="FONT0"/>
            <HYP CONTENT="-"/>
          </TextLine>
          <TextLine ID="tl_32" BASELINE="2404" HEIGHT="97.63779527559055" WIDTH="2031.4960629921259" VPOS="3688.1889763779527" HPOS="570.0787401574803">
            <String HEIGHT="97.63779527559055" WIDTH="296.06299212598424" VPOS="3688.1889763779527" HPOS="533.8582677165355" CONTENT="vent" SUBS_TYPE="HypPart2" SUBS_CONTENT="trouvent" ID="tl_32_1" STYLEREFS="FONT0"/>
            <SP HEIGHT="97.63779527559055" WIDTH="36.22047244094488" VPOS="3688.1889763779527" HPOS="828.3464566929134"/>
            <String HEIGHT="97.63779527559055" WIDTH="296.06299212598424" VPOS="3688.1889763779527" HPOS="718.1102362204724" CONTENT="dans" ID="tl_32_2" STYLEREFS="FONT0"/>
            <SP HEIGHT="97.63779527559055" WIDTH="36.22047244094488" VPOS="3688.1889763779527" HPOS="1012.5984251968504"/>
            <String HEIGHT="97.63779527559055" WIDTH="258.26771653543307" VPOS="3688.1889763779527" HPOS="902.3622047244095" CONTENT="ces" ID="tl_32_3" STYLEREFS="FONT0"/>
            <SP HEIGHT="97.63779527559055" WIDTH="36.22047244094488" VPOS="3688.1889763779527" HPOS="1160.6299212598426"/>
            <String HEIGHT="97.63779527559055" WIDTH="442.5196850393701" VPOS="3688.1889763779527" HPOS="1050.3937007874015" CONTENT="quelques" ID="tl_32_4" STYLEREFS="FONT0"/>
            <SP HEIGHT="97.63779527559055" WIDTH="36.22047244094488" VPOS="3688.1889763779527" HPOS="1492.9133858267717"/>
            <String HEIGHT="97.63779527559055" WIDTH="370.0787401574803" VPOS="3688.1889763779527" HPOS="1382.6771653543308" CONTENT="lignes" ID="tl_32_5" STYLEREFS="FONT0"/>
            <SP HEIGHT="97.63779527559055" WIDTH="36.22047244094488" VPOS="3688.1889763779527" HPOS="1752.755905511811"/>
            <String HEIGHT="97.63779527559055" WIDTH="480.31496062992125" VPOS="3688.1889763779527" HPOS="1640.9448818897638" CONTENT="l’hommage" ID="tl_32_6" STYLEREFS="FONT0"/>
            <SP HEIGHT="97.63779527559055" WIDTH="36.22047244094488" VPOS="3688.1889763779527" HPOS="2121.259842519685"/>
            <String HEIGHT="97.63779527559055" WIDTH="258.26771653543307" VPOS="3688.1889763779527" HPOS="2011.023622047244" CONTENT="ému" ID="tl_32_7" STYLEREFS="FONT0"/>
            <SP HEIGHT="97.63779527559055" WIDTH="36.22047244094488" VPOS="3688.1889763779527" HPOS="2269.2913385826773"/>
            <String HEIGHT="97.63779527559055" WIDTH="222.04724409448818" VPOS="3688.1889763779527" HPOS="2159.0551181102364" CONTENT="de" ID="tl_32_8" STYLEREFS="FONT0"/>
            <SP HEIGHT="97.63779527559055" WIDTH="36.22047244094488" VPOS="3688.1889763779527" HPOS="2379.527559055118"/>
            <String HEIGHT="97.63779527559055" WIDTH="258.26771653543307" VPOS="3688.1889763779527" HPOS="2269.2913385826773" CONTENT="nos" ID="tl_32_9" STYLEREFS="FONT0"/>
            <SP HEIGHT="97.63779527559055" WIDTH="36.22047244094488" VPOS="3688.1889763779527" HPOS="2527.5590551181103"/>
            <String HEIGHT="97.63779527559055" WIDTH="222.04724409448818" VPOS="3688.1889763779527" HPOS="2379.527559055118" CONTENT="res" SUBS_TYPE="HypPart1" SUBS_CONTENT="respectueuses" ID="tl_32_10" STYLEREFS="FONT0"/>
            <HYP CONTENT="-"/>
          </TextLine>
          <TextLine ID="tl_33" BASELINE="2457" HEIGHT="108.66141732283465" WIDTH="2029.9212598425197" VPOS="3760.6299212598424" HPOS="574.8031496062993">
            <String HEIGHT="108.66141732283465" WIDTH="507.0866141732283" VPOS="3760.6299212598424" HPOS="538.5826771653543" CONTENT="pectueuses" SUBS_TYPE="HypPart2" SUBS_CONTENT="respectueuses" ID="tl_33_1" STYLEREFS="FONT0"/>
            <SP HEIGHT="108.66141732283465" WIDTH="36.22047244094488" VPOS="3760.6299212598424" HPOS="1045.6692913385828"/>
            <String HEIGHT="108.66141732283465" WIDTH="579.5275590551181" VPOS="3760.6299212598424" HPOS="937.007874015748" CONTENT="condoléances" ID="tl_33_2" STYLEREFS="FONT0"/>
            <SP HEIGHT="108.66141732283465" WIDTH="36.22047244094488" VPOS="3760.6299212598424" HPOS="1516.5354330708662"/>
            <String HEIGHT="108.66141732283465" WIDTH="325.98425196850394" VPOS="3760.6299212598424" HPOS="1407.8740157480315" CONTENT="ainsi" ID="tl_33_3" STYLEREFS="FONT0"/>
            <SP HEIGHT="108.66141732283465" WIDTH="36.22047244094488" VPOS="3760.6299212598424" HPOS="1735.4330708661416"/>
            <String HEIGHT="108.66141732283465" WIDTH="253.54330708661416" VPOS="3760.6299212598424" HPOS="1626.7716535433071" CONTENT="que" ID="tl_33_4" STYLEREFS="FONT0"/>
            <SP HEIGHT="108.66141732283465" WIDTH="36.22047244094488" VPOS="3760.6299212598424" HPOS="1880.3149606299212"/>
            <String HEIGHT="108.66141732283465" WIDTH="217.3228346456693" VPOS="3760.6299212598424" HPOS="1771.6535433070867" CONTENT="le" ID="tl_33_5" STYLEREFS="FONT0"/>
            <SP HEIGHT="108.66141732283465" WIDTH="36.22047244094488" VPOS="3760.6299212598424" HPOS="1988.976377952756"/>
            <String HEIGHT="108.66141732283465" WIDTH="507.0866141732283" VPOS="3760.6299212598424" HPOS="1880.3149606299212" CONTENT="témoignage" ID="tl_33_6" STYLEREFS="FONT0"/>
            <SP HEIGHT="108.66141732283465" WIDTH="36.22047244094488" VPOS="3760.6299212598424" HPOS="2387.4015748031497"/>
            <String HEIGHT="108.66141732283465" WIDTH="217.3228346456693" VPOS="3760.6299212598424" HPOS="2278.740157480315" CONTENT="du" ID="tl_33_7" STYLEREFS="FONT0"/>
            <SP HEIGHT="108.66141732283465" WIDTH="36.22047244094488" VPOS="3760.6299212598424" HPOS="2496.0629921259842"/>
            <String HEIGHT="108.66141732283465" WIDTH="253.54330708661416" VPOS="3760.6299212598424" HPOS="2351.181102362205" CONTENT="meil" SUBS_TYPE="HypPart1" SUBS_CONTENT="meilleur" ID="tl_33_8" STYLEREFS="FONT0"/>
            <HYP CONTENT="-"/>
          </TextLine>
          <TextLine ID="tl_34" BASELINE="2513" HEIGHT="122.83464566929133" WIDTH="669.2913385826772" VPOS="3834.6456692913384" HPOS="573.2283464566929">
            <String HEIGHT="122.83464566929133" WIDTH="281.8897637795276" VPOS="3834.6456692913384" HPOS="538.5826771653543" CONTENT="leur" SUBS_TYPE="HypPart2" SUBS_CONTENT="meilleur" ID="tl_34_1" STYLEREFS="FONT0"/>
            <SP HEIGHT="122.83464566929133" WIDTH="34.645669291338585" VPOS="3834.6456692913384" HPOS="820.4724409448819"/>
            <String HEIGHT="122.83464566929133" WIDTH="247.24409448818898" VPOS="3834.6456692913384" HPOS="713.3858267716536" CONTENT="des" ID="tl_34_2" STYLEREFS="FONT0"/>
            <SP HEIGHT="122.83464566929133" WIDTH="34.645669291338585" VPOS="3834.6456692913384" HPOS="960.6299212598425"/>
            <String HEIGHT="122.83464566929133" WIDTH="422.0472440944882" VPOS="3834.6456692913384" HPOS="820.4724409448819" CONTENT="souvenirs." ID="tl_34_3" STYLEREFS="FONT0"/>
          </TextLine>
        </TextBlock>
        <GraphicalElement ID="r_9" HEIGHT="12.598425196850394" WIDTH="2785.8267716535433" VPOS="141.73228346456693" HPOS="264.56692913385825"/>
        <GraphicalElement ID="r_10" HEIGHT="78.74015748031496" WIDTH="1930.708661417323" VPOS="400.0" HPOS="488.18897637795277"/>
        <GraphicalElement ID="r_11" HEIGHT="9.448818897637794" WIDTH="316.53543307086613" VPOS="817.3228346456693" HPOS="1437.7952755905512"/>
        <GraphicalElement ID="r_12" HEIGHT="11.023622047244094" WIDTH="440.9448818897638" VPOS="1272.4409448818897" HPOS="1377.9527559055118"/>
        <GraphicalElement ID="r_13" HEIGHT="72.44094488188976" WIDTH="2211.0236220472443" VPOS="4031.496062992126" HPOS="483.46456692913387"/>
        <GraphicalElement ID="r_14" HEIGHT="15.748031496062993" WIDTH="1100.7874015748032" VPOS="4549.606299212598" HPOS="1954.3307086614172"/>
        <GraphicalElement ID="r_15" HEIGHT="34.645669291338585" WIDTH="1952.755905511811" VPOS="4541.7322834645665" HPOS="1.5748031496062993"/>
        <GraphicalElement ID="r_16" HEIGHT="590.5511811023622" WIDTH="20.47244094488189" VPOS="288.18897637795277" HPOS="97.63779527559055"/>
        <GraphicalElement ID="r_17" HEIGHT="714.9606299212599" WIDTH="37.79527559055118" VPOS="2453.5433070866143" HPOS="105.51181102362204"/>
        <GraphicalElement ID="r_18" HEIGHT="560.6299212598425" WIDTH="18.89763779527559" VPOS="3239.3700787401576" HPOS="132.28346456692913"/>
        <GraphicalElement ID="r_19" HEIGHT="628.3464566929134" WIDTH="18.89763779527559" VPOS="259.84251968503935" HPOS="151.1811023622047"/>
        <GraphicalElement ID="r_20" HEIGHT="653.5433070866142" WIDTH="20.47244094488189" VPOS="2453.5433070866143" HPOS="148.03149606299212"/>
        <GraphicalElement ID="r_21" HEIGHT="3658.267716535433" WIDTH="70.86614173228347" VPOS="400.0" HPOS="462.99212598425197"/>
        <GraphicalElement ID="r_22" HEIGHT="3236.220472440945" WIDTH="72.44094488188976" VPOS="853.5433070866142" HPOS="2648.818897637795"/>
        <GraphicalElement ID="r_23" HEIGHT="4404.724409448819" WIDTH="20.47244094488189" VPOS="148.03149606299212" HPOS="3047.244094488189"/>
        <Illustration ID="r_4" HEIGHT="3902.3622047244094" WIDTH="242.51968503937007" VPOS="796.8503937007874" HPOS="0.0"/>
        <Illustration ID="r_5" HEIGHT="570.0787401574803" WIDTH="2245.6692913385828" VPOS="406.2992125984252" HPOS="472.4409448818898"/>
      </PrintSpace>
    </Page>
  </Layout>
</alto>
