3288.1889763779527 4807.8740157480315
692.9133858267717 749.6062992125984 685.0393700787401 184.251968503937 1923
1121.259842519685 749.6062992125984 428.34645669291336 184.251968503937 —
1292.9133858267717 749.6062992125984 1114.9606299212599 184.251968503937 CATALOGUE
2149.6062992125985 749.6062992125984 428.34645669291336 184.251968503937 -
2234.6456692913384 749.6062992125984 514.9606299212599 184.251968503937 1923

522.8346456692914 1107.0866141732283 1371.6535433070867 223.6220472440945 SERVICE
1519.6850393700788 1107.0866141732283 872.4409448818898 223.6220472440945 DES
1894.4881889763778 1107.0866141732283 996.8503937007874 223.6220472440945 VENTES

1170.0787401574803 1311.8110236220473 371.65354330708664 174.8031496062992 A
1244.0944881889764 1311.8110236220473 1039.3700787401574 174.8031496062992 L’EXPOSITION

729.1338582677165 1770.0787401574803 314.96062992125985 118.11023622047244 Tous
925.9842519685039 1770.0787401574803 275.59055118110234 118.11023622047244 les
1083.4645669291338 1770.0787401574803 470.86614173228344 118.11023622047244 ouvrages
1436.2204724409448 1770.0787401574803 549.6062992125984 118.11023622047244 mentionnés
1867.716535433071 1770.0787401574803 236.2204724409449 118.11023622047244 au
1985.8267716535433 1770.0787401574803 431.496062992126 118.11023622047244 présent
2300.787401574803 1770.0787401574803 510.23622047244095 118.11023622047244 catalogue
2653.5433070866143 1770.0787401574803 236.2204724409449 118.11023622047244 sont

606.2992125984252 1869.291338582677 385.8267716535433 155.90551181102362 offerts
886.6141732283464 1869.291338582677 211.0236220472441 155.90551181102362 au
992.1259842519685 1869.291338582677 351.18110236220474 155.90551181102362 public
1237.7952755905512 1869.291338582677 245.66929133858267 155.90551181102362 aux
1377.9527559055118 1869.291338582677 280.31496062992125 155.90551181102362 prix
1554.3307086614172 1869.291338582677 422.0472440944882 155.90551181102362 désignés
1869.291338582677 1869.291338582677 245.66929133858267 155.90551181102362 par
2011.023622047244 1869.291338582677 245.66929133858267 155.90551181102362 les
2151.181102362205 1869.291338582677 422.0472440944882 155.90551181102362 artistes
2431.496062992126 1869.291338582677 456.6929133858268 155.90551181102362 sans

598.4251968503937 2006.2992125984251 743.3070866141733 119.68503937007874 interposition
1229.9212598425197 2006.2992125984251 407.87401574803147 119.68503937007874 d’aucun
1489.763779527559 2006.2992125984251 743.3070866141733 119.68503937007874 intermédiaire.

729.1338582677165 2141.732283464567 261.4173228346457 133.85826771653544 Ces
878.7401574803149 2141.732283464567 297.6377952755906 133.85826771653544 prix
1064.5669291338584 2141.732283464567 223.6220472440945 133.85826771653544 ne
1176.3779527559054 2141.732283464567 485.03937007874015 133.85826771653544 subissent
1549.6062992125985 2141.732283464567 373.2283464566929 133.85826771653544 aucune
1811.023622047244 2141.732283464567 559.0551181102362 133.85826771653544 majoration.
2258.267716535433 2141.732283464567 261.4173228346457 133.85826771653544 Les
2370.0787401574803 2141.732283464567 521.2598425196851 133.85826771653544 acquisitions

598.4251968503937 2305.511811023622 296.06299212598424 114.96062992125984 sont
784.2519685039371 2305.511811023622 555.9055118110236 114.96062992125984 exemptes
1228.3464566929133 2305.511811023622 222.04724409448818 114.96062992125984 de
1340.1574803149606 2305.511811023622 296.06299212598424 114.96062992125984 tous
1524.4094488188975 2305.511811023622 407.87401574803147 114.96062992125984 droits,
1820.4724409448818 2305.511811023622 333.8582677165354 114.96062992125984 taxes
2042.5196850393702 2305.511811023622 222.04724409448818 114.96062992125984 ou
2116.535433070866 2305.511811023622 481.8897637795276 114.96062992125984 impôts.

724.4094488188977 2420.472440944882 266.1417322834646 143.30708661417322 MM.
875.5905511811023 2420.472440944882 266.1417322834646 143.30708661417322 les
1028.3464566929133 2420.472440944882 492.9133858267717 143.30708661417322 visiteurs
1407.8740157480315 2420.472440944882 530.7086614173228 143.30708661417322 trouveront
1825.1968503937007 2420.472440944882 228.3464566929134 143.30708661417322 au
1938.5826771653544 2420.472440944882 568.503937007874 143.30708661417322 Secrétariat
2393.700787401575 2420.472440944882 228.3464566929134 143.30708661417322 de
2469.2913385826773 2420.472440944882 417.3228346456693 143.30708661417322 l’Exposi-

590.5511811023622 2557.48031496063 327.5590551181102 151.1811023622047 tion
795.2755905511812 2557.48031496063 327.5590551181102 151.1811023622047 tous
1000.0 2557.48031496063 738.5826771653543 151.1811023622047 renseignements
1615.748031496063 2557.48031496063 574.8031496062993 151.1811023622047 concernant
2066.1417322834645 2557.48031496063 245.66929133858267 151.1811023622047 la
2188.9763779527557 2557.48031496063 368.503937007874 151.1811023622047 vente
2436.220472440945 2557.48031496063 286.61417322834643 151.1811023622047 des
2559.0551181102364 2557.48031496063 327.5590551181102 151.1811023622047 œuvres

551.1811023622047 2713.3858267716537 433.07086614173227 132.28346456692913 exposées.

727.5590551181102 2861.417322834646 800.0 129.13385826771653 L’Administration
1407.8740157480315 2861.417322834646 239.37007874015748 129.13385826771653 de
1527.5590551181103 2861.417322834646 239.37007874015748 129.13385826771653 la
1647.244094488189 2861.417322834646 440.9448818897638 129.13385826771653 Société
1966.9291338582677 2861.417322834646 239.37007874015748 129.13385826771653 se
2088.1889763779527 2861.417322834646 400.0 129.13385826771653 charge
2368.503937007874 2861.417322834646 480.31496062992125 129.13385826771653 d’aviser
2688.1889763779527 2861.417322834646 200.0 129.13385826771653 les

596.8503937007874 2985.8267716535433 456.6929133858268 108.66141732283465 artistes
940.1574803149606 2985.8267716535433 266.1417322834646 108.66141732283465 des
1091.3385826771653 2985.8267716535433 381.1023622047244 108.66141732283465 ventes
1359.0551181102362 2985.8267716535433 533.8582677165355 108.66141732283465 effectuées
1777.9527559055118 2985.8267716535433 343.3070866141732 108.66141732283465 ainsi
2006.2992125984251 2985.8267716535433 266.1417322834646 108.66141732283465 que
2159.0551181102364 2985.8267716535433 228.3464566929134 108.66141732283465 de
2274.015748031496 2985.8267716535433 228.3464566929134 108.66141732283465 la
2349.6062992125985 2985.8267716535433 533.8582677165355 108.66141732283465 transmission

601.5748031496063 3086.6141732283463 242.51968503937007 148.03149606299212 des
740.1574803149606 3086.6141732283463 346.45669291338584 148.03149606299212 offres
982.6771653543307 3086.6141732283463 242.51968503937007 148.03149606299212 qui
1121.259842519685 3086.6141732283463 485.03937007874015 148.03149606299212 pourraient
1502.3622047244094 3086.6141732283463 277.1653543307087 148.03149606299212 être
1675.5905511811025 3086.6141732283463 346.45669291338584 148.03149606299212 faites
1919.6850393700788 3086.6141732283463 207.8740157480315 148.03149606299212 en
2023.6220472440946 3086.6141732283463 242.51968503937007 148.03149606299212 vue
2162.2047244094488 3086.6141732283463 207.8740157480315 148.03149606299212 de
2266.1417322834645 3086.6141732283463 207.8740157480315 148.03149606299212 la
2370.0787401574803 3086.6141732283463 519.6850393700787 148.03149606299212 réalisation
2751.181102362205 3086.6141732283463 138.58267716535434 148.03149606299212 de

603.1496062992126 3237.7952755905512 492.9133858267717 121.25984251968504 commandes
982.6771653543307 3237.7952755905512 226.77165354330708 121.25984251968504 ou
1096.0629921259842 3237.7952755905512 226.77165354330708 121.25984251968504 de
1209.4488188976377 3237.7952755905512 644.0944881889764 121.25984251968504 l’acquisition
1740.1574803149606 3237.7952755905512 266.1417322834646 121.25984251968504 des
1892.9133858267717 3237.7952755905512 455.11811023622045 121.25984251968504 ouvrages
2195.2755905511813 3237.7952755905512 379.5275590551181 121.25984251968504 exposés.

864.5669291338583 3622.047244094488 351.18110236220474 122.83464566929133 Les
1110.236220472441 3622.047244094488 387.40157480314963 122.83464566929133 bureaux
1392.1259842519685 3622.047244094488 211.0236220472441 122.83464566929133 du
1497.6377952755906 3622.047244094488 527.5590551181102 122.83464566929133 Secrétariat
1918.1102362204724 3622.047244094488 211.0236220472441 122.83464566929133 de
1988.976377952756 3622.047244094488 633.0708661417323 122.83464566929133 l’Exposition

1110.236220472441 3740.1574803149606 292.9133858267717 146.45669291338584 se
1305.5118110236222 3740.1574803149606 390.5511811023622 146.45669291338584 trouvent
1598.4251968503936 3740.1574803149606 195.2755905511811 146.45669291338584 au
1664.5669291338584 3740.1574803149606 714.9606299212599 146.45669291338584 rez

851.9685039370079 3867.716535433071 354.3307086614173 129.13385826771653 au
1088.1889763779527 3867.716535433071 314.96062992125985 129.13385826771653 fond
1285.0393700787401 3867.716535433071 236.2204724409449 129.13385826771653 de
1401.5748031496064 3867.716535433071 236.2204724409449 129.13385826771653 la
1519.6850393700788 3867.716535433071 433.07086614173227 129.13385826771653 Galerie
1795.275590551181 3867.716535433071 825.1968503937007 129.13385826771653 Victor

1275.5905511811025 3971.6535433070867 385.8267716535433 160.62992125984252 (côté
1532.283464566929 3971.6535433070867 675.5905511811023 160.62992125984252 Champs
