3346.4566929133857 4807.8740157480315
1355.9055118110236 447.244094488189 253.54330708661416 62.99212598425197 —
1456.6929133858268 447.244094488189 354.3307086614173 62.99212598425197 177
1609.4488188976377 447.244094488189 151.1811023622047 62.99212598425197 —

423.62204724409446 592.1259842519685 341.73228346456693 83.46456692913385 MARROT
662.992125984252 592.1259842519685 409.4488188976378 83.46456692913385 (Henry),
971.6535433070866 592.1259842519685 204.7244094488189 83.46456692913385 né
1074.015748031496 592.1259842519685 171.6535433070866 83.46456692913385 à
1141.732283464567 592.1259842519685 204.7244094488189 83.46456692913385 la
1244.0944881889764 592.1259842519685 513.3858267716536 83.46456692913385 Souterraine
1655.1181102362204 592.1259842519685 444.09448818897636 83.46456692913385 (Creuse).
1996.8503937007874 592.1259842519685 171.6535433070866 83.46456692913385 —
2064.566929133858 592.1259842519685 239.37007874015748 83.46456692913385 60,
2201.5748031496064 592.1259842519685 204.7244094488189 83.46456692913385 r.
2303.9370078740158 592.1259842519685 341.73228346456693 83.46456692913385 Monge,
2508.6614173228345 592.1259842519685 171.6535433070866 83.46456692913385 5e.

644.0944881889764 719.6850393700787 488.18897637795277 72.44094488188976 3137
1036.2204724409448 719.6850393700787 195.2755905511811 72.44094488188976 Le
1133.8582677165355 719.6850393700787 359.0551181102362 72.44094488188976 jardin.
1393.7007874015749 719.6850393700787 162.20472440944883 72.44094488188976 —
1459.8425196850394 719.6850393700787 228.3464566929134 72.44094488188976 750
1557.4803149606298 719.6850393700787 162.20472440944883 72.44094488188976 fr.

644.0944881889764 779.5275590551181 470.86614173228344 89.76377952755905 3138
1020.4724409448819 779.5275590551181 188.9763779527559 89.76377952755905 Le
1114.9606299212599 779.5275590551181 250.39370078740157 89.76377952755905 pont
1272.4409448818897 779.5275590551181 218.89763779527559 89.76377952755905 des
1396.8503937007874 779.5275590551181 250.39370078740157 89.76377952755905 Arts
1554.3307086614172 779.5275590551181 188.9763779527559 89.76377952755905 et
1648.8188976377953 779.5275590551181 439.37007874015745 89.76377952755905 l’Institut
1993.7007874015749 779.5275590551181 533.8582677165355 89.76377952755905 (aquarelle).—
2433.0708661417325 779.5275590551181 218.89763779527559 89.76377952755905 300
2525.984251968504 779.5275590551181 157.48031496062993 89.76377952755905 fr.

642.5196850393701 869.2913385826772 496.06299212598424 75.59055118110236 3139
1039.3700787401574 869.2913385826772 198.4251968503937 75.59055118110236 La
1138.5826771653544 869.2913385826772 396.8503937007874 75.59055118110236 cascade.
1434.6456692913387 869.2913385826772 165.35433070866142 75.59055118110236 —
1500.7874015748032 869.2913385826772 231.49606299212599 75.59055118110236 500
1600.0 869.2913385826772 165.35433070866142 75.59055118110236 fr.

422.0472440944882 1022.0472440944882 450.3937007874016 85.03937007874016 MARSEILLE
768.503937007874 1022.0472440944882 450.3937007874016 85.03937007874016 (Pierre),
1116.5354330708662 1022.0472440944882 207.8740157480315 85.03937007874016 né
1220.4724409448818 1022.0472440944882 173.22834645669292 85.03937007874016 à
1289.763779527559 1022.0472440944882 485.03937007874015 85.03937007874016 Marseille.
1670.8661417322835 1022.0472440944882 173.22834645669292 85.03937007874016 —
1740.1574803149606 1022.0472440944882 242.51968503937007 85.03937007874016 85,
1878.740157480315 1022.0472440944882 207.8740157480315 85.03937007874016 r.
1982.6771653543308 1022.0472440944882 207.8740157480315 85.03937007874016 de
2086.6141732283463 1022.0472440944882 311.81102362204723 85.03937007874016 Rome,
2261.417322834646 1022.0472440944882 415.748031496063 85.03937007874016 Marseille.

639.3700787401575 1148.0314960629921 500.78740157480314 77.16535433070867 3140
1039.3700787401574 1148.0314960629921 234.64566929133858 77.16535433070867 Vue
1173.2283464566929 1148.0314960629921 200.0 77.16535433070867 de
1274.015748031496 1148.0314960629921 333.8582677165354 77.16535433070867 Nyons.
1507.0866141732283 1148.0314960629921 166.9291338582677 77.16535433070867 —
1574.8031496062993 1148.0314960629921 300.78740157480314 77.16535433070867 1.000
1741.732283464567 1148.0314960629921 166.9291338582677 77.16535433070867 fr.

640.9448818897638 1228.3464566929133 503.93700787401576 70.86614173228347 3141
1044.0944881889764 1228.3464566929133 370.0787401574803 70.86614173228347 Marine.
1313.3858267716535 1228.3464566929133 168.50393700787401 70.86614173228347 —
1379.5275590551182 1228.3464566929133 234.64566929133858 70.86614173228347 500
1480.3149606299212 1228.3464566929133 168.50393700787401 70.86614173228347 fr.

642.5196850393701 1296.0629921259842 505.51181102362204 80.31496062992126 3142
1047.244094488189 1296.0629921259842 371.65354330708664 80.31496062992126 Paysage
1316.5354330708662 1296.0629921259842 505.51181102362204 80.31496062992126 (Provence).
1721.259842519685 1296.0629921259842 168.50393700787401 80.31496062992126 —
1788.976377952756 1296.0629921259842 236.2204724409449 80.31496062992126 500
1889.763779527559 1296.0629921259842 168.50393700787401 80.31496062992126 fr.

642.5196850393701 1371.6535433070867 497.6377952755906 80.31496062992126 3143
1040.9448818897638 1371.6535433070867 365.3543307086614 80.31496062992126 Paysage
1307.0866141732283 1371.6535433070867 497.6377952755906 80.31496062992126 (Provence).
1705.5118110236222 1371.6535433070867 165.35433070866142 80.31496062992126 —
1771.6535433070867 1371.6535433070867 233.0708661417323 80.31496062992126 500
1872.4409448818897 1371.6535433070867 165.35433070866142 80.31496062992126 fr.

415.748031496063 1532.283464566929 359.0551181102362 83.46456692913385 MARTEL
667.7165354330708 1532.283464566929 359.0551181102362 83.46456692913385 (Jan),
919.6850393700787 1532.283464566929 215.748031496063 83.46456692913385 né
1026.7716535433071 1532.283464566929 215.748031496063 83.46456692913385 au
1135.4330708661416 1532.283464566929 359.0551181102362 83.46456692913385 Mollin
1385.8267716535433 1532.283464566929 467.7165354330709 83.46456692913385 (Vendée).
1744.8818897637796 1532.283464566929 179.5275590551181 83.46456692913385 —
1817.3228346456692 1532.283464566929 215.748031496063 83.46456692913385 6,
1924.4094488188975 1532.283464566929 251.96850393700788 83.46456692913385 rue
2069.2913385826773 1532.283464566929 467.7165354330709 83.46456692913385 Huyghens,
2392.1259842519685 1532.283464566929 215.748031496063 83.46456692913385 14e.

640.9448818897638 1645.6692913385828 510.23622047244095 88.18897637795276 3144
1050.3937007874015 1645.6692913385828 204.7244094488189 88.18897637795276 Le
1151.1811023622047 1645.6692913385828 510.23622047244095 88.18897637795276 Familistère
1559.0551181102362 1645.6692913385828 442.5196850393701 88.18897637795276 (marbre),
1899.2125984251968 1645.6692913385828 475.59055118110234 88.18897637795276 bas-relief
2274.015748031496 1645.6692913385828 204.7244094488189 88.18897637795276 du
2341.732283464567 1645.6692913385828 340.15748031496065 88.18897637795276 monument

990.5511811023622 1724.4094488188975 248.8188976377953 70.86614173228347 aux
1133.8582677165355 1724.4094488188975 321.25984251968504 70.86614173228347 Morts
1348.0314960629921 1724.4094488188975 214.17322834645668 70.86614173228347 du
1453.5433070866143 1724.4094488188975 533.8582677165355 70.86614173228347 Familistère
1881.8897637795276 1724.4094488188975 214.17322834645668 70.86614173228347 de
1952.755905511811 1724.4094488188975 285.03937007874015 70.86614173228347 Guise.

640.9448818897638 1790.5511811023623 478.74015748031496 92.91338582677166 3145
1023.6220472440945 1790.5511811023623 223.6220472440945 92.91338582677166 Les
1151.1811023622047 1790.5511811023623 382.6771653543307 92.91338582677166 boxeurs,
1437.7952755905512 1790.5511811023623 445.6692913385827 92.91338582677166 bas-relief
1787.4015748031495 1790.5511811023623 445.6692913385827 92.91338582677166 (plaquette
2138.582677165354 1790.5511811023623 255.11811023622047 92.91338582677166 pour
2266.1417322834645 1790.5511811023623 414.1732283464567 92.91338582677166 challenge).

993.7007874015748 1872.4409448818897 234.64566929133858 86.61417322834646 (En
1127.5590551181103 1872.4409448818897 568.503937007874 86.61417322834646 collaboration
1595.275590551181 1872.4409448818897 267.7165354330709 86.61417322834646 avec
1763.7795275590552 1872.4409448818897 267.7165354330709 86.61417322834646 Joël
1897.6377952755906 1872.4409448818897 335.43307086614175 86.61417322834646 Martel.)

418.8976377952756 2036.2204724409448 348.0314960629921 86.61417322834646 MARTEL
662.992125984252 2036.2204724409448 382.6771653543307 86.61417322834646 (Joël),
940.1574803149606 2036.2204724409448 209.4488188976378 86.61417322834646 né
1045.6692913385828 2036.2204724409448 209.4488188976378 86.61417322834646 au
1149.6062992125985 2036.2204724409448 348.0314960629921 86.61417322834646 Mollin
1393.7007874015749 2036.2204724409448 451.9685039370079 86.61417322834646 (Vendée).
1741.732283464567 2036.2204724409448 173.22834645669292 86.61417322834646 —
1811.023622047244 2036.2204724409448 209.4488188976378 86.61417322834646 6,
1914.9606299212599 2036.2204724409448 244.09448818897638 86.61417322834646 rue
2055.1181102362207 2036.2204724409448 451.9685039370079 86.61417322834646 Huyghens,
2366.9291338582675 2036.2204724409448 209.4488188976378 86.61417322834646 14e.

640.9448818897638 2149.6062992125985 527.5590551181102 91.33858267716535 3146
1062.992125984252 2149.6062992125985 245.66929133858267 91.33858267716535 Les
1203.1496062992126 2149.6062992125985 422.0472440944882 91.33858267716535 fondeurs
1519.6850393700788 2149.6062992125985 458.26771653543307 91.33858267716535 (marbre),
1872.4409448818897 2149.6062992125985 492.9133858267717 91.33858267716535 bas-relief
2259.8425196850394 2149.6062992125985 211.0236220472441 91.33858267716535 du
2329.1338582677167 2149.6062992125985 352.755905511811 91.33858267716535 monument

990.5511811023622 2220.472440944882 256.6929133858268 81.88976377952756 aux
1137.007874015748 2220.472440944882 330.70866141732284 81.88976377952756 Morts
1357.4803149606298 2220.472440944882 220.4724409448819 81.88976377952756 du
1467.716535433071 2220.472440944882 551.1811023622047 81.88976377952756 Familistère
1907.0866141732283 2220.472440944882 220.4724409448819 81.88976377952756 de
2017.3228346456692 2220.472440944882 330.70866141732284 81.88976377952756 Guise
2201.5748031496064 2220.472440944882 366.92913385826773 81.88976377952756 (Aisne).

639.3700787401575 2292.9133858267714 546.4566929133858 99.21259842519684 3147
1077.1653543307086 2292.9133858267714 255.11811023622047 99.21259842519684 Vue
1222.0472440944882 2292.9133858267714 510.23622047244095 99.21259842519684 d’ensemble
1623.6220472440946 2292.9133858267714 218.89763779527559 99.21259842519684 du
1732.283464566929 2292.9133858267714 437.79527559055117 99.21259842519684 monument
2061.417322834646 2292.9133858267714 255.11811023622047 99.21259842519684 aux
2206.299212598425 2292.9133858267714 327.5590551181102 99.21259842519684 Morts
2425.196850393701 2292.9133858267714 218.89763779527559 99.21259842519684 du
2497.6377952755906 2292.9133858267714 182.6771653543307 99.21259842519684 Fa

990.5511811023622 2382.6771653543306 433.07086614173227 74.01574803149606 milistère
1324.4094488188975 2382.6771653543306 200.0 74.01574803149606 de
1423.6220472440946 2382.6771653543306 300.78740157480314 74.01574803149606 Guise
1590.5511811023623 2382.6771653543306 366.92913385826773 74.01574803149606 (dessin).

642.5196850393701 2451.968503937008 527.5590551181102 91.33858267716535 3148
1064.5669291338584 2451.968503937008 492.9133858267717 91.33858267716535 Bas-relief
1451.9685039370079 2451.968503937008 458.26771653543307 91.33858267716535 (plâtre),
1803.1496062992126 2451.968503937008 422.0472440944882 91.33858267716535 fragment
2119.685039370079 2451.968503937008 211.0236220472441 91.33858267716535 du
2225.196850393701 2451.968503937008 422.0472440944882 91.33858267716535 monument
2507.0866141732286 2451.968503937008 176.3779527559055 91.33858267716535 aux

995.2755905511812 2527.5590551181103 329.13385826771656 77.16535433070867 Morts
1214.1732283464567 2527.5590551181103 220.4724409448819 77.16535433070867 de
1324.4094488188975 2527.5590551181103 768.503937007874 77.16535433070867 St-Gilles-sur-Vic
1946.4566929133857 2527.5590551181103 403.1496062992126 77.16535433070867 (Vendée).

415.748031496063 2694.488188976378 445.6692913385827 96.06299212598425 MARTENNE
751.1811023622047 2694.488188976378 445.6692913385827 96.06299212598425 (Thérèse
1085.0393700787401 2694.488188976378 297.6377952755906 96.06299212598425 dé),
1269.291338582677 2694.488188976378 259.84251968503935 96.06299212598425 née
1418.8976377952756 2694.488188976378 185.82677165354332 96.06299212598425 à
1492.9133858267717 2694.488188976378 445.6692913385827 96.06299212598425 Pontoise
1826.7716535433071 2694.488188976378 741.7322834645669 96.06299212598425 (Seine-et-Oise).
2458.267716535433 2694.488188976378 185.82677165354332 96.06299212598425 —
2494.488188976378 2694.488188976378 185.82677165354332 96.06299212598425 16,

491.33858267716533 2790.551181102362 220.4724409448819 61.41732283464567 rue
617.3228346456693 2790.551181102362 188.9763779527559 61.41732283464567 de
711.8110236220473 2790.551181102362 188.9763779527559 61.41732283464567 la
806.2992125984252 2790.551181102362 474.01574803149606 61.41732283464567 Procession,
1154.3307086614172 2790.551181102362 188.9763779527559 61.41732283464567 15e.

640.9448818897638 2888.1889763779527 510.23622047244095 86.61417322834646 3149
1048.8188976377953 2888.1889763779527 340.15748031496065 86.61417322834646 Nature
1286.6141732283465 2888.1889763779527 340.15748031496065 86.61417322834646 morte.
1524.4094488188975 2888.1889763779527 170.07874015748033 86.61417322834646 —
1592.1259842519685 2888.1889763779527 237.79527559055117 86.61417322834646 250
1694.4881889763778 2888.1889763779527 170.07874015748033 86.61417322834646 fr.

640.9448818897638 2949.6062992125985 511.81102362204723 102.36220472440945 3150
1050.3937007874015 2949.6062992125985 239.37007874015748 102.36220472440945 Sur
1187.4015748031495 2949.6062992125985 204.7244094488189 102.36220472440945 la
1289.763779527559 2949.6062992125985 307.0866141732283 102.36220472440945 route
1492.9133858267717 2949.6062992125985 204.7244094488189 102.36220472440945 de
1595.275590551181 2949.6062992125985 442.5196850393701 102.36220472440945 Massignac
1937.007874015748 2949.6062992125985 511.81102362204723 102.36220472440945 (Charente).
2346.4566929133857 2949.6062992125985 170.07874015748033 102.36220472440945 —
2414.1732283464567 2949.6062992125985 239.37007874015748 102.36220472440945 200
2516.535433070866 2949.6062992125985 170.07874015748033 102.36220472440945 fr.

640.9448818897638 3025.196850393701 518.1102362204724 102.36220472440945 3151
1056.6929133858268 3025.196850393701 381.1023622047244 102.36220472440945 Paysâge
1332.283464566929 3025.196850393701 207.8740157480315 102.36220472440945 en
1436.2204724409448 3025.196850393701 450.3937007874016 102.36220472440945 septembre
1782.6771653543308 3025.196850393701 450.3937007874016 102.36220472440945 (Morvan).
2127.5590551181103 3025.196850393701 173.22834645669292 102.36220472440945 —
2196.850393700787 3025.196850393701 242.51968503937007 102.36220472440945 200
2300.787401574803 3025.196850393701 173.22834645669292 102.36220472440945 fr.

417.3228346456693 3196.850393700787 469.29133858267716 103.93700787401575 MARTILLY
768.503937007874 3196.850393700787 546.4566929133858 103.93700787401575 (Edouard),
1198.4251968503936 3196.850393700787 234.64566929133858 103.93700787401575 né
1316.5354330708662 3196.850393700787 195.2755905511811 103.93700787401575 à
1393.7007874015749 3196.850393700787 469.29133858267716 103.93700787401575 Beauvais
1746.4566929133857 3196.850393700787 429.9212598425197 103.93700787401575 (Oise).
2058.267716535433 3196.850393700787 195.2755905511811 103.93700787401575 —
2137.0078740157483 3196.850393700787 274.01574803149606 103.93700787401575 26,
2292.9133858267714 3196.850393700787 390.5511811023622 103.93700787401575 avenue
2527.5590551181103 3196.850393700787 155.90551181102362 103.93700787401575 de

500.78740157480314 3308.6614173228345 371.65354330708664 59.84251968503937 Breteuil,
757.4803149606299 3308.6614173228345 143.30708661417322 59.84251968503937 7e.

651.9685039370079 3384.251968503937 406.2992125984252 97.63779527559055 3151
976.3779527559055 3384.251968503937 270.86614173228344 97.63779527559055 bis
1165.3543307086613 3384.251968503937 270.86614173228344 97.63779527559055 a)
1355.9055118110236 3384.251968503937 270.86614173228344 97.63779527559055 Projet
1544.8818897637796 3384.251968503937 379.5275590551181 97.63779527559055 d’affiche.
1842.5196850393702 3384.251968503937 135.43307086614172 97.63779527559055 —
1896.0629921259842 3384.251968503937 188.9763779527559 97.63779527559055 300
1977.9527559055118 3384.251968503937 135.43307086614172 97.63779527559055 fr.

1072.4409448818897 3459.8425196850394 357.4803149606299 91.33858267716535 b)
1346.4566929133857 3459.8425196850394 274.01574803149606 91.33858267716535 Projet
1538.5826771653544 3459.8425196850394 384.251968503937 91.33858267716535 d’affiche.
1840.9448818897638 3459.8425196850394 137.00787401574803 91.33858267716535 —
1896.0629921259842 3459.8425196850394 192.1259842519685 91.33858267716535 300
1977.9527559055118 3459.8425196850394 137.00787401574803 91.33858267716535 fr.

1070.8661417322835 3527.5590551181103 382.6771653543307 99.21259842519684 c)
1365.3543307086613 3527.5590551181103 470.86614173228344 99.21259842519684 Saint-Tropez
1748.0314960629921 3527.5590551181103 470.86614173228344 99.21259842519684 (aquarelle).
2129.1338582677167 3527.5590551181103 146.45669291338584 99.21259842519684 —
2188.9763779527557 3527.5590551181103 206.29921259842519 99.21259842519684 150
2277.165354330709 3527.5590551181103 146.45669291338584 99.21259842519684 fr.

1072.4409448818897 3601.5748031496064 381.1023622047244 100.78740157480316 d)
1366.9291338582677 3601.5748031496064 264.56692913385825 100.78740157480316 Vieux
1543.3070866141732 3601.5748031496064 264.56692913385825 100.78740157480316 port,
1718.1102362204724 3601.5748031496064 381.1023622047244 100.78740157480316 Marseille
2012.5984251968505 3601.5748031496064 469.29133858267716 100.78740157480316 (aquarelle).
2393.700787401575 3601.5748031496064 146.45669291338584 100.78740157480316 —
2453.5433070866143 3601.5748031496064 204.7244094488189 100.78740157480316 300
2540.1574803149606 3601.5748031496064 118.11023622047244 100.78740157480316 fr

422.0472440944882 3777.952755905512 352.755905511811 108.66141732283465 MARTIN
669.2913385826772 3777.952755905512 636.2204724409448 108.66141732283465 (Claude-René),
1198.4251968503936 3777.952755905512 212.5984251968504 108.66141732283465 né
1303.9370078740158 3777.952755905512 176.3779527559055 108.66141732283465 à
1374.8031496062993 3777.952755905512 352.755905511811 108.66141732283465 Paris.
1622.0472440944882 3777.952755905512 176.3779527559055 108.66141732283465 —
1692.9133858267717 3777.952755905512 247.24409448818898 108.66141732283465 12,
1834.6456692913387 3777.952755905512 247.24409448818898 108.66141732283465 rue
1976.3779527559054 3777.952755905512 212.5984251968504 108.66141732283465 de
2081.8897637795276 3777.952755905512 459.84251968503935 108.66141732283465 l’Abbaye,
2400.0 3777.952755905512 176.3779527559055 108.66141732283465 6e.

651.9685039370079 3916.535433070866 414.1732283464567 78.74015748031496 3152
955.9055118110236 3916.535433070866 303.93700787401576 78.74015748031496 Portrait.

645.6692913385826 3981.1023622047246 486.61417322834643 89.76377952755905 3153
1036.2204724409448 3981.1023622047246 291.33858267716533 89.76377952755905 Etude
1229.9212598425197 3981.1023622047246 357.4803149606299 89.76377952755905 figure.
1489.763779527559 3981.1023622047246 162.20472440944883 89.76377952755905 —
1554.3307086614172 3981.1023622047246 291.33858267716533 89.76377952755905 2.000
1716.5354330708662 3981.1023622047246 162.20472440944883 89.76377952755905 fr.

647.2440944881889 4056.6929133858266 477.1653543307087 91.33858267716535 3154
1028.3464566929133 4056.6929133858266 381.1023622047244 91.33858267716535 Paysage.
1314.9606299212599 4056.6929133858266 159.0551181102362 91.33858267716535 —
1377.9527559055118 4056.6929133858266 286.61417322834643 91.33858267716535 1.800
1537.007874015748 4056.6929133858266 159.0551181102362 91.33858267716535 fr.
