1749 2481
782 395 118 32 —
830 395 142 32 10
877 395 71 32 —

443 455 182 67 Qu’on
564 455 122 67 ne
625 455 243 67 s’étonne
808 455 162 67 pas,
909 455 182 67 qu’on
1031 455 122 67 se
1091 455 243 67 rappelle
1254 455 101 67 les

400 516 153 53 faits
502 516 102 53 et
553 516 119 53 les
605 516 136 53 dates.

443 580 122 55 En
504 580 182 55 1849,
625 580 182 55 quand
747 580 122 55 le
808 580 182 55 Salon
929 580 223 55 s’était
1091 580 223 55 ouvert,
1233 580 122 55 deux

397 636 180 63 jours
517 636 180 63 après
637 636 120 63 la
697 636 340 63 manifestation
976 636 120 63 du
1036 636 120 63 13
1096 636 180 63 juin,
1216 636 120 63 on
1256 636 80 63 ne

399 692 197 63 s’était
542 692 125 63 pas
614 692 161 63 défié
722 692 108 63 de
775 692 358 63 l'<i>Après-dînée
1080 692 90 63 à
1098 692 233 63 Ornans</i>.

398 753 229 50 Quoique
565 753 188 50 cette
690 753 188 50 œuvre
815 753 229 50 contint
982 753 125 50 en
1044 753 188 50 germe
1169 753 167 50 tout
1253 753 83 50 le

400 811 206 48 système
550 811 113 48 du
607 811 225 48 peintre,
775 811 150 48 elle
869 811 169 48 était
982 811 150 48 trop
1075 811 188 48 isolée
1207 811 113 48 au
1244 811 94 48 Sa-

398 868 175 47 lon,
508 868 175 47 trop
617 868 197 47 noyée
749 868 175 47 dans
859 868 132 47 un
924 868 285 47 important
1144 868 197 47 envoi
1253 868 88 47 de

400 924 250 63 paysages,
592 924 154 63 pour
688 924 212 63 qu’elle
842 924 135 63 pût
919 924 308 63 sérieusement
1150 924 192 63 éveiller

400 980 140 54 les
480 980 260 54 soupçons.
680 980 120 54 On
740 980 140 54 n’y
820 980 140 54 fit
900 980 260 54 attention
1100 980 140 54 que
1180 980 160 54 pour
1260 980 80 54 en

400 1043 261 48 féliciter
600 1043 261 48 l’auteur,
801 1043 120 48 et
861 1043 160 48 même
961 1043 120 48 on
1021 1043 140 48 lui
1101 1043 220 48 décerna
1242 1043 100 48 une

401 1100 215 47 seconde
558 1100 254 47 médaille:
754 1100 274 47 imprudente
969 1100 117 47 et
1028 1100 98 47 à
1067 1100 117 47 la
1126 1100 157 47 fois
1204 1100 137 47 bien-

399 1155 246 49 heureuse
583 1155 307 49 récompense,
828 1155 143 49 qui
910 1155 368 49 affranchissait
1197 1155 143 49 l’ar-

400 1220 166 46 tiste
510 1220 111 46 de
565 1220 111 46 la
621 1220 276 46 juridiction
842 1220 111 46 du
897 1220 147 46 jury
989 1220 111 46 et
1044 1220 184 46 allait
1173 1220 129 46 lui
1228 1220 111 46 per-

400 1276 192 46 mettre
534 1276 115 46 de
592 1276 173 46 faire
707 1276 173 46 toure
822 1276 115 46 sa
879 1276 134 46 vie
956 1276 115 46 de
1013 1276 115 46 la
1071 1276 230 46 peinture
1243 1276 96 46 à
1262 1276 77 46 sa

376 1332 172 63 façon.

446 1389 115 54 Il
503 1389 134 54 usa
580 1389 115 54 de
638 1389 115 54 la
695 1389 268 54 permission
906 1389 153 54 sans
983 1389 153 54 délai.

442 1453 125 46 En
505 1453 188 46 1850,
630 1453 125 46 je
693 1453 125 46 ne
755 1453 167 46 sais
860 1453 271 46 pourquoi,
1069 1453 125 46 le
1131 1453 188 46 Salon
1236 1453 104 46 de-

398 1508 171 47 vait
505 1508 257 47 s’ouvrir
697 1508 128 47 le
761 1508 128 47 30
826 1508 257 47 décembre
1018 1508 128 47 et
1082 1508 193 47 durer
1189 1508 150 47 trois

400 1564 180 62 mois.
520 1564 120 62 On
580 1564 280 62 traversait
800 1564 180 62 alors
919 1564 140 62 une
999 1564 220 62 période
1139 1564 200 62 particu-

398 1627 272 48 lièrement
608 1627 231 48 sombre:
775 1627 126 48 la
838 1627 251 48 réaction
1027 1627 272 48 sévissait
1215 1627 126 48 avec

398 1684 225 47 fureur;
561 1684 123 47 la
623 1684 205 47 droite
766 1684 123 47 de
828 1684 307 47 l’Assemblée
1074 1684 123 47 et
1135 1684 123 47 le
1176 1684 164 47 Prési-

400 1740 171 47 dent
507 1740 385 47 poursuivaient,
828 1740 214 47 tantôt
977 1740 278 47 ensemble,
1170 1740 171 47 tantôt

400 1797 313 55 séparément,
651 1797 125 55 la
713 1797 313 55 destruction
964 1797 125 55 de
1027 1797 125 55 la
1068 1797 272 55 République;

400 1861 160 46 tout
500 1861 120 46 le
560 1861 180 46 monde
680 1861 300 46 pressentait
920 1861 140 46 une
1000 1861 300 46 catastrophe
1220 1861 120 46 pro-

401 1923 215 48 chaine.
558 1923 235 48 Courbet,
734 1923 156 48 tout
832 1923 196 48 entier
968 1923 98 48 à
1008 1923 137 48 ses
1086 1923 254 48 tableaux,
1262 1923 78 48 ne

403 1987 265 48 supposant
606 1987 142 48 pas
688 1987 285 48 d’ailleurs
912 1987 142 48 que
993 1987 142 48 les
1074 1987 204 48 orages
1217 1987 122 48 de
1258 1987 81 48 la
