2065.748031496063 2930.314960629921
923.6220472440945 466.53543307086613 139.37007874015748 37.79527559055118 —
980.3149606299213 466.53543307086613 167.71653543307087 37.79527559055118 10
1035.8267716535433 466.53543307086613 83.85826771653544 37.79527559055118 —

523.2283464566929 537.4015748031496 214.96062992125985 79.13385826771653 Qu’on
666.1417322834645 537.4015748031496 144.09448818897638 79.13385826771653 ne
738.1889763779527 537.4015748031496 287.00787401574803 79.13385826771653 s’étonne
954.3307086614174 537.4015748031496 191.33858267716536 79.13385826771653 pas,
1073.6220472440946 537.4015748031496 214.96062992125985 79.13385826771653 qu’on
1217.716535433071 537.4015748031496 144.09448818897638 79.13385826771653 se
1288.5826771653544 537.4015748031496 287.00787401574803 79.13385826771653 rappelle
1481.1023622047244 537.4015748031496 119.29133858267717 79.13385826771653 les

472.4409448818898 609.4488188976378 180.70866141732284 62.59842519685039 faits
592.9133858267717 609.4488188976378 120.4724409448819 62.59842519685039 et
653.1496062992126 609.4488188976378 140.5511811023622 62.59842519685039 les
714.5669291338583 609.4488188976378 160.62992125984252 62.59842519685039 dates.

523.2283464566929 685.0393700787401 144.09448818897638 64.96062992125984 En
595.2755905511812 685.0393700787401 214.96062992125985 64.96062992125984 1849,
738.1889763779527 685.0393700787401 214.96062992125985 64.96062992125984 quand
882.2834645669292 685.0393700787401 144.09448818897638 64.96062992125984 le
954.3307086614174 685.0393700787401 214.96062992125985 64.96062992125984 Salon
1097.244094488189 685.0393700787401 263.38582677165357 64.96062992125984 s’était
1288.5826771653544 685.0393700787401 263.38582677165357 64.96062992125984 ouvert,
1456.2992125984251 685.0393700787401 144.09448818897638 64.96062992125984 deux

468.8976377952756 751.1811023622047 212.5984251968504 74.40944881889764 jours
610.6299212598425 751.1811023622047 212.5984251968504 74.40944881889764 après
752.3622047244095 751.1811023622047 141.73228346456693 74.40944881889764 la
823.2283464566929 751.1811023622047 401.5748031496063 74.40944881889764 manifestation
1152.755905511811 751.1811023622047 141.73228346456693 74.40944881889764 du
1223.6220472440946 751.1811023622047 141.73228346456693 74.40944881889764 13
1294.4881889763778 751.1811023622047 212.5984251968504 74.40944881889764 juin,
1436.2204724409448 751.1811023622047 141.73228346456693 74.40944881889764 on
1483.4645669291338 751.1811023622047 94.48818897637796 74.40944881889764 ne

471.25984251968504 817.3228346456693 232.6771653543307 74.40944881889764 s’était
640.1574803149606 817.3228346456693 147.63779527559055 74.40944881889764 pas
725.1968503937007 817.3228346456693 190.15748031496062 74.40944881889764 défié
852.7559055118111 817.3228346456693 127.55905511811024 74.40944881889764 de
915.3543307086615 817.3228346456693 422.8346456692913 74.40944881889764 l'Après-dînée
1275.5905511811025 817.3228346456693 106.2992125984252 74.40944881889764 à
1296.8503937007874 817.3228346456693 275.1968503937008 74.40944881889764 Ornans.

470.0787401574803 889.3700787401575 270.4724409448819 59.05511811023622 Quoique
667.3228346456693 889.3700787401575 222.04724409448818 59.05511811023622 cette
814.9606299212599 889.3700787401575 222.04724409448818 59.05511811023622 œuvre
962.5984251968504 889.3700787401575 270.4724409448819 59.05511811023622 contint
1159.8425196850394 889.3700787401575 147.63779527559055 59.05511811023622 en
1233.0708661417323 889.3700787401575 222.04724409448818 59.05511811023622 germe
1380.708661417323 889.3700787401575 197.24409448818898 59.05511811023622 tout
1479.9212598425197 889.3700787401575 98.03149606299213 59.05511811023622 le

472.4409448818898 957.8740157480315 243.30708661417322 56.69291338582677 système
649.6062992125984 957.8740157480315 133.46456692913387 56.69291338582677 du
716.9291338582677 957.8740157480315 265.748031496063 56.69291338582677 peintre,
915.3543307086615 957.8740157480315 177.16535433070865 56.69291338582677 elle
1026.3779527559054 957.8740157480315 199.60629921259843 56.69291338582677 était
1159.8425196850394 957.8740157480315 177.16535433070865 56.69291338582677 trop
1269.6850393700788 957.8740157480315 222.04724409448818 56.69291338582677 isolée
1425.5905511811025 957.8740157480315 133.46456692913387 56.69291338582677 au
1469.291338582677 957.8740157480315 111.02362204724409 56.69291338582677 Sa-

470.0787401574803 1025.1968503937007 206.69291338582678 55.511811023622045 lon,
600.0 1025.1968503937007 206.69291338582678 55.511811023622045 trop
728.7401574803149 1025.1968503937007 232.6771653543307 55.511811023622045 noyée
884.6456692913385 1025.1968503937007 206.69291338582678 55.511811023622045 dans
1014.5669291338583 1025.1968503937007 155.90551181102362 55.511811023622045 un
1091.3385826771653 1025.1968503937007 336.61417322834643 55.511811023622045 important
1351.1811023622047 1025.1968503937007 232.6771653543307 55.511811023622045 envoi
1479.9212598425197 1025.1968503937007 103.93700787401575 55.511811023622045 de

472.4409448818898 1091.3385826771653 295.2755905511811 74.40944881889764 paysages,
699.2125984251968 1091.3385826771653 181.88976377952756 74.40944881889764 pour
812.5984251968504 1091.3385826771653 250.39370078740157 74.40944881889764 qu’elle
994.488188976378 1091.3385826771653 159.4488188976378 74.40944881889764 pût
1085.4330708661416 1091.3385826771653 363.7795275590551 74.40944881889764 sérieusement
1358.267716535433 1091.3385826771653 226.77165354330708 74.40944881889764 éveiller

472.4409448818898 1157.4803149606298 165.35433070866142 63.77952755905512 les
566.9291338582677 1157.4803149606298 307.0866141732283 63.77952755905512 soupçons.
803.1496062992126 1157.4803149606298 141.73228346456693 63.77952755905512 On
874.0157480314961 1157.4803149606298 165.35433070866142 63.77952755905512 n’y
968.503937007874 1157.4803149606298 165.35433070866142 63.77952755905512 fit
1062.992125984252 1157.4803149606298 307.0866141732283 63.77952755905512 attention
1299.2125984251968 1157.4803149606298 165.35433070866142 63.77952755905512 que
1393.7007874015749 1157.4803149606298 188.9763779527559 63.77952755905512 pour
1488.1889763779527 1157.4803149606298 94.48818897637796 63.77952755905512 en

472.4409448818898 1231.8897637795276 308.26771653543307 56.69291338582677 féliciter
708.6614173228346 1231.8897637795276 308.26771653543307 56.69291338582677 l’auteur,
946.0629921259842 1231.8897637795276 141.73228346456693 56.69291338582677 et
1016.9291338582677 1231.8897637795276 188.9763779527559 56.69291338582677 même
1135.0393700787401 1231.8897637795276 141.73228346456693 56.69291338582677 on
1205.9055118110236 1231.8897637795276 165.35433070866142 56.69291338582677 lui
1300.3937007874015 1231.8897637795276 259.84251968503935 56.69291338582677 décerna
1466.9291338582677 1231.8897637795276 118.11023622047244 56.69291338582677 une

473.62204724409446 1299.2125984251968 253.93700787401573 55.511811023622045 seconde
659.0551181102362 1299.2125984251968 300.0 55.511811023622045 médaille:
890.5511811023622 1299.2125984251968 323.62204724409446 55.511811023622045 imprudente
1144.4881889763778 1299.2125984251968 138.18897637795277 55.511811023622045 et
1214.1732283464567 1299.2125984251968 115.74803149606299 55.511811023622045 à
1260.236220472441 1299.2125984251968 138.18897637795277 55.511811023622045 la
1329.9212598425197 1299.2125984251968 185.43307086614172 55.511811023622045 fois
1422.0472440944882 1299.2125984251968 161.81102362204723 55.511811023622045 bien-

471.25984251968504 1364.1732283464567 290.5511811023622 57.874015748031496 heureuse
688.5826771653543 1364.1732283464567 362.59842519685037 57.874015748031496 récompense,
977.9527559055118 1364.1732283464567 168.89763779527559 57.874015748031496 qui
1074.8031496062993 1364.1732283464567 434.6456692913386 57.874015748031496 affranchissait
1413.7795275590552 1364.1732283464567 168.89763779527559 57.874015748031496 l’ar-

472.4409448818898 1440.9448818897638 196.06299212598427 54.330708661417326 tiste
602.3622047244095 1440.9448818897638 131.10236220472441 54.330708661417326 de
667.3228346456693 1440.9448818897638 131.10236220472441 54.330708661417326 la
733.4645669291339 1440.9448818897638 325.98425196850394 54.330708661417326 juridiction
994.488188976378 1440.9448818897638 131.10236220472441 54.330708661417326 du
1059.4488188976377 1440.9448818897638 173.6220472440945 54.330708661417326 jury
1168.1102362204724 1440.9448818897638 131.10236220472441 54.330708661417326 et
1233.0708661417323 1440.9448818897638 217.3228346456693 54.330708661417326 allait
1385.4330708661416 1440.9448818897638 152.36220472440945 54.330708661417326 lui
1450.3937007874015 1440.9448818897638 131.10236220472441 54.330708661417326 per-

472.4409448818898 1507.0866141732283 226.77165354330708 54.330708661417326 mettre
630.7086614173228 1507.0866141732283 135.82677165354332 54.330708661417326 de
699.2125984251968 1507.0866141732283 204.33070866141733 54.330708661417326 faire
835.0393700787401 1507.0866141732283 204.33070866141733 54.330708661417326 toure
970.8661417322835 1507.0866141732283 135.82677165354332 54.330708661417326 sa
1038.1889763779527 1507.0866141732283 158.26771653543307 54.330708661417326 vie
1129.1338582677165 1507.0866141732283 135.82677165354332 54.330708661417326 de
1196.4566929133857 1507.0866141732283 135.82677165354332 54.330708661417326 la
1264.9606299212599 1507.0866141732283 271.65354330708664 54.330708661417326 peinture
1468.1102362204724 1507.0866141732283 113.38582677165354 54.330708661417326 à
1490.5511811023623 1507.0866141732283 90.94488188976378 54.330708661417326 sa

444.09448818897636 1573.2283464566929 203.1496062992126 74.40944881889764 façon.

526.7716535433071 1640.5511811023623 135.82677165354332 63.77952755905512 Il
594.0944881889764 1640.5511811023623 158.26771653543307 63.77952755905512 usa
685.0393700787401 1640.5511811023623 135.82677165354332 63.77952755905512 de
753.5433070866142 1640.5511811023623 135.82677165354332 63.77952755905512 la
820.8661417322835 1640.5511811023623 316.53543307086613 63.77952755905512 permission
1070.0787401574803 1640.5511811023623 180.70866141732284 63.77952755905512 sans
1161.023622047244 1640.5511811023623 180.70866141732284 63.77952755905512 délai.

522.0472440944882 1716.1417322834645 147.63779527559055 54.330708661417326 En
596.4566929133858 1716.1417322834645 222.04724409448818 54.330708661417326 1850,
744.0944881889764 1716.1417322834645 147.63779527559055 54.330708661417326 je
818.503937007874 1716.1417322834645 147.63779527559055 54.330708661417326 ne
891.7322834645669 1716.1417322834645 197.24409448818898 54.330708661417326 sais
1015.7480314960629 1716.1417322834645 320.0787401574803 54.330708661417326 pourquoi,
1262.5984251968505 1716.1417322834645 147.63779527559055 54.330708661417326 le
1335.8267716535433 1716.1417322834645 222.04724409448818 54.330708661417326 Salon
1459.8425196850394 1716.1417322834645 122.83464566929133 54.330708661417326 de-

470.0787401574803 1781.1023622047244 201.96850393700788 55.511811023622045 vait
596.4566929133858 1781.1023622047244 303.54330708661416 55.511811023622045 s’ouvrir
823.2283464566929 1781.1023622047244 151.1811023622047 55.511811023622045 le
898.8188976377953 1781.1023622047244 151.1811023622047 55.511811023622045 30
975.5905511811023 1781.1023622047244 303.54330708661416 55.511811023622045 décembre
1202.3622047244094 1781.1023622047244 151.1811023622047 55.511811023622045 et
1277.9527559055118 1781.1023622047244 227.95275590551182 55.511811023622045 durer
1404.3307086614172 1781.1023622047244 177.16535433070865 55.511811023622045 trois

472.4409448818898 1847.244094488189 212.5984251968504 73.22834645669292 mois.
614.1732283464567 1847.244094488189 141.73228346456693 73.22834645669292 On
685.0393700787401 1847.244094488189 330.70866141732284 73.22834645669292 traversait
944.8818897637796 1847.244094488189 212.5984251968504 73.22834645669292 alors
1085.4330708661416 1847.244094488189 165.35433070866142 73.22834645669292 une
1179.9212598425197 1847.244094488189 259.84251968503935 73.22834645669292 période
1345.275590551181 1847.244094488189 236.2204724409449 73.22834645669292 particu-

470.0787401574803 1921.6535433070867 321.25984251968504 56.69291338582677 lièrement
718.1102362204724 1921.6535433070867 272.8346456692913 56.69291338582677 sombre:
915.3543307086615 1921.6535433070867 148.8188976377953 56.69291338582677 la
989.7637795275591 1921.6535433070867 296.45669291338584 56.69291338582677 réaction
1212.992125984252 1921.6535433070867 321.25984251968504 56.69291338582677 sévissait
1435.0393700787401 1921.6535433070867 148.8188976377953 56.69291338582677 avec

470.0787401574803 1988.976377952756 265.748031496063 55.511811023622045 fureur;
662.5984251968504 1988.976377952756 145.2755905511811 55.511811023622045 la
735.8267716535433 1988.976377952756 242.1259842519685 55.511811023622045 droite
904.7244094488188 1988.976377952756 145.2755905511811 55.511811023622045 de
977.9527559055118 1988.976377952756 362.59842519685037 55.511811023622045 l’Assemblée
1268.5039370078741 1988.976377952756 145.2755905511811 55.511811023622045 et
1340.5511811023623 1988.976377952756 145.2755905511811 55.511811023622045 le
1388.976377952756 1988.976377952756 193.70078740157481 55.511811023622045 Prési-

472.4409448818898 2055.1181102362207 201.96850393700788 55.511811023622045 dent
598.8188976377953 2055.1181102362207 454.7244094488189 55.511811023622045 poursuivaient,
977.9527559055118 2055.1181102362207 252.75590551181102 55.511811023622045 tantôt
1153.9370078740158 2055.1181102362207 328.34645669291336 55.511811023622045 ensemble,
1381.8897637795276 2055.1181102362207 201.96850393700788 55.511811023622045 tantôt

472.4409448818898 2122.4409448818897 369.68503937007875 64.96062992125984 séparément,
768.8976377952756 2122.4409448818897 147.63779527559055 64.96062992125984 la
842.1259842519685 2122.4409448818897 369.68503937007875 64.96062992125984 destruction
1138.5826771653544 2122.4409448818897 147.63779527559055 64.96062992125984 de
1212.992125984252 2122.4409448818897 147.63779527559055 64.96062992125984 la
1261.4173228346456 2122.4409448818897 321.25984251968504 64.96062992125984 République;

472.4409448818898 2198.031496062992 188.9763779527559 54.330708661417326 tout
590.5511811023622 2198.031496062992 141.73228346456693 54.330708661417326 le
661.4173228346457 2198.031496062992 212.5984251968504 54.330708661417326 monde
803.1496062992126 2198.031496062992 354.3307086614173 54.330708661417326 pressentait
1086.6141732283465 2198.031496062992 165.35433070866142 54.330708661417326 une
1181.1023622047244 2198.031496062992 354.3307086614173 54.330708661417326 catastrophe
1440.9448818897638 2198.031496062992 141.73228346456693 54.330708661417326 pro-

473.62204724409446 2271.259842519685 253.93700787401573 56.69291338582677 chaine.
659.0551181102362 2271.259842519685 277.5590551181102 56.69291338582677 Courbet,
866.9291338582677 2271.259842519685 184.251968503937 56.69291338582677 tout
982.6771653543307 2271.259842519685 231.49606299212599 56.69291338582677 entier
1143.3070866141732 2271.259842519685 115.74803149606299 56.69291338582677 à
1190.5511811023623 2271.259842519685 161.81102362204723 56.69291338582677 ses
1282.6771653543308 2271.259842519685 300.0 56.69291338582677 tableaux,
1490.5511811023623 2271.259842519685 92.1259842519685 56.69291338582677 ne

475.98425196850394 2346.850393700787 312.99212598425197 56.69291338582677 supposant
715.7480314960629 2346.850393700787 167.71653543307087 56.69291338582677 pas
812.5984251968504 2346.850393700787 336.61417322834643 56.69291338582677 d’ailleurs
1077.1653543307086 2346.850393700787 167.71653543307087 56.69291338582677 que
1172.8346456692914 2346.850393700787 167.71653543307087 56.69291338582677 les
1268.5039370078741 2346.850393700787 240.9448818897638 56.69291338582677 orages
1437.4015748031495 2346.850393700787 144.09448818897638 56.69291338582677 de
1485.8267716535433 2346.850393700787 95.66929133858268 56.69291338582677 la
