2065.748031496063 2930.314960629921
916.5354330708661 440.5511811023622 133.46456692913387 74.40944881889764 —
970.8661417322835 440.5511811023622 160.62992125984252 74.40944881889764 11
1024.015748031496 440.5511811023622 80.31496062992126 74.40944881889764 —

457.0866141732283 561.0236220472441 321.25984251968504 64.96062992125984 politique
703.9370078740158 561.0236220472441 271.65354330708664 64.96062992125984 pussent
901.1811023622047 561.0236220472441 246.8503937007874 64.96062992125984 jamais
1073.6220472440946 561.0236220472441 271.65354330708664 64.96062992125984 changer
1270.8661417322835 561.0236220472441 147.63779527559055 64.96062992125984 de
1345.275590551181 561.0236220472441 222.04724409448818 64.96062992125984 cieux
1468.1102362204724 561.0236220472441 99.21259842519684 64.96062992125984 et

459.4488188976378 618.8976377952756 204.33070866141733 54.330708661417326 venir
595.2755905511812 618.8976377952756 272.8346456692913 54.330708661417326 troubler
799.6062992125984 618.8976377952756 226.77165354330708 54.330708661417326 l’azur
957.8740157480315 618.8976377952756 272.8346456692913 54.330708661417326 paisible
1162.2047244094488 618.8976377952756 135.82677165354332 54.330708661417326 de
1230.708661417323 618.8976377952756 226.77165354330708 54.330708661417326 l’art,
1366.5354330708662 618.8976377952756 204.33070866141733 54.330708661417326 s’était

466.53543307086613 683.8582677165355 239.76377952755905 74.40944881889764 résolu
634.2519685039371 683.8582677165355 120.4724409448819 74.40944881889764 à
681.496062992126 683.8582677165355 263.38582677165357 74.40944881889764 frapper
874.0157480314961 683.8582677165355 144.09448818897638 74.40944881889764 un
946.0629921259842 683.8582677165355 216.14173228346456 74.40944881889764 grand
1090.1574803149606 683.8582677165355 216.14173228346456 74.40944881889764 coup.
1234.251968503937 683.8582677165355 144.09448818897638 74.40944881889764 Il
1306.2992125984251 683.8582677165355 167.71653543307087 74.40944881889764 fit
1401.9685039370079 683.8582677165355 144.09448818897638 74.40944881889764 un
1449.2125984251968 683.8582677165355 120.4724409448819 74.40944881889764 en-

458.26771653543307 751.1811023622047 177.16535433070865 54.330708661417326 voi
558.6614173228346 751.1811023622047 429.9212598425197 54.330708661417326 considérable,
912.992125984252 751.1811023622047 201.96850393700788 54.330708661417326 qui,
1039.3700787401574 751.1811023622047 201.96850393700788 54.330708661417326 pour
1165.748031496063 751.1811023622047 151.1811023622047 54.330708661417326 le
1241.3385826771653 751.1811023622047 201.96850393700788 54.330708661417326 dire
1367.716535433071 751.1811023622047 151.1811023622047 54.330708661417326 en
1418.5039370078741 751.1811023622047 151.1811023622047 54.330708661417326 pas-

457.0866141732283 817.3228346456693 232.6771653543307 64.96062992125984 sant,
612.992125984252 817.3228346456693 258.66141732283467 64.96062992125984 prouve
793.7007874015748 817.3228346456693 180.70866141732284 64.96062992125984 une
896.4566929133858 817.3228346456693 336.61417322834643 64.96062992125984 puissance
1156.2992125984251 817.3228346456693 154.7244094488189 64.96062992125984 de
1233.0708661417323 817.3228346456693 284.6456692913386 64.96062992125984 travail
1414.9606299212599 817.3228346456693 154.7244094488189 64.96062992125984 bien

455.90551181102364 901.1811023622047 194.88188976377953 56.69291338582677 peu
568.1102362204724 901.1811023622047 334.251968503937 56.69291338582677 commune.
818.503937007874 901.1811023622047 194.88188976377953 56.69291338582677 Cet
930.7086614173228 901.1811023622047 251.5748031496063 56.69291338582677 envoi
1098.4251968503936 901.1811023622047 390.9448818897638 56.69291338582677 comprenait
1377.1653543307086 901.1811023622047 194.88188976377953 56.69291338582677 trois

461.81102362204723 970.8661417322835 249.21259842519686 62.59842519685039 grandes
642.5196850393701 970.8661417322835 385.03937007874015 62.59842519685039 compositions.
959.0551181102362 970.8661417322835 452.3622047244094 62.59842519685039 l'Enterrement
1321.6535433070867 970.8661417322835 249.21259842519686 62.59842519685039 d’Or

459.4488188976378 1025.1968503937007 262.20472440944883 64.96062992125984 nans,
672.0472440944882 1025.1968503937007 114.56692913385827 64.96062992125984 les
738.1889763779527 1025.1968503937007 245.66929133858267 64.96062992125984 Casseurs
934.2519685039371 1025.1968503937007 98.03149606299213 64.96062992125984 de
983.8582677165355 1025.1968503937007 262.20472440944883 64.96062992125984 pierres,
1196.4566929133857 1025.1968503937007 98.03149606299213 64.96062992125984 le
1246.0629921259842 1025.1968503937007 212.5984251968504 64.96062992125984 Retour
1409.0551181102362 1025.1968503937007 98.03149606299213 64.96062992125984 de
1442.1259842519685 1025.1968503937007 131.10236220472441 64.96062992125984 la

461.81102362204723 1092.5196850393702 330.70866141732284 73.22834645669292 foire,
733.4645669291339 1092.5196850393702 155.90551181102362 73.22834645669292 deux
831.496062992126 1092.5196850393702 233.85826771653544 73.22834645669292 paysages
1006.2992125984252 1092.5196850393702 135.82677165354332 73.22834645669292 des
1084.251968503937 1092.5196850393702 233.85826771653544 73.22834645669292 Bords
1259.0551181102362 1092.5196850393702 116.92913385826772 73.22834645669292 de
1318.1102362204724 1092.5196850393702 116.92913385826772 73.22834645669292 la
1357.0866141732283 1092.5196850393702 213.7795275590551 73.22834645669292 Loue,

464.1732283464567 1166.9291338582677 222.04724409448818 60.23622047244095 quatre
620.0787401574803 1166.9291338582677 310.62992125984255 60.23622047244095 portraits,
863.3858267716536 1166.9291338582677 177.16535433070865 60.23622047244095 dont
974.4094488188977 1166.9291338582677 133.46456692913387 60.23622047244095 le
1040.5511811023623 1166.9291338582677 199.60629921259843 60.23622047244095 sien,
1174.015748031496 1166.9291338582677 133.46456692913387 60.23622047244095 si
1240.1574803149606 1166.9291338582677 244.48818897637796 60.23622047244095 célèbre
1396.0629921259842 1166.9291338582677 177.16535433070865 60.23622047244095 depuis

465.3543307086614 1231.8897637795276 164.17322834645668 75.59055118110236 sous
568.1102362204724 1231.8897637795276 349.6062992125984 75.59055118110236 l’appellation
855.1181102362204 1231.8897637795276 122.83464566929133 75.59055118110236 de
916.5354330708661 1231.8897637795276 288.18897637795277 75.59055118110236 l'Homme
1143.3070866141732 1231.8897637795276 102.75590551181102 75.59055118110236 à
1183.4645669291338 1231.8897637795276 122.83464566929133 75.59055118110236 la
1246.0629921259842 1231.8897637795276 266.92913385826773 75.59055118110236 pipe,
1430.3149606299212 1231.8897637795276 144.09448818897638 75.59055118110236 celui

459.4488188976378 1299.2125984251968 155.90551181102362 63.77952755905512 de
537.4015748031496 1299.2125984251968 311.81102362204723 63.77952755905512 Berlioz,
771.2598425196851 1299.2125984251968 233.85826771653544 63.77952755905512 celui
927.1653543307086 1299.2125984251968 155.90551181102362 63.77952755905512 de
1005.1181102362204 1299.2125984251968 285.8267716535433 63.77952755905512 Francis
1211.8110236220473 1299.2125984251968 207.8740157480315 63.77952755905512 Wey,
1341.732283464567 1299.2125984251968 181.88976377952756 63.77952755905512 et,
1419.6850393700788 1299.2125984251968 155.90551181102362 63.77952755905512 pour

460.62992125984255 1381.8897637795276 272.8346456692913 49.60629921259842 montrer
659.0551181102362 1381.8897637795276 124.01574803149606 49.60629921259842 à
708.6614173228346 1381.8897637795276 173.6220472440945 49.60629921259842 ses
806.6929133858267 1381.8897637795276 420.4724409448819 49.60629921259842 contemporains
1153.9370078740158 1381.8897637795276 223.22834645669292 49.60629921259842 qu’il
1302.755905511811 1381.8897637795276 223.22834645669292 49.60629921259842 était
1425.5905511811025 1381.8897637795276 148.8188976377953 49.60629921259842 bien

464.1732283464567 1440.9448818897638 178.3464566929134 64.96062992125984 dans
575.1968503937007 1440.9448818897638 133.46456692913387 64.96062992125984 le
642.5196850393701 1440.9448818897638 289.37007874015745 64.96062992125984 mouvement
864.5669291338583 1440.9448818897638 155.90551181102362 64.96062992125984 des
953.1496062992126 1440.9448818897638 222.04724409448818 64.96062992125984 idées,
1109.0551181102362 1440.9448818897638 199.60629921259843 64.96062992125984 celui
1242.5196850393702 1440.9448818897638 133.46456692913387 64.96062992125984 de
1286.2204724409448 1440.9448818897638 289.37007874015745 64.96062992125984 Jean

464.1732283464567 1511.8110236220473 414.56692913385825 69.68503937007874 Journet,
812.5984251968504 1511.8110236220473 239.76377952755905 69.68503937007874 partant
987.4015748031496 1511.8110236220473 174.8031496062992 69.68503937007874 pour
1096.0629921259842 1511.8110236220473 131.10236220472441 69.68503937007874 la
1161.023622047244 1511.8110236220473 262.20472440944883 69.68503937007874 conquête
1357.0866141732283 1511.8110236220473 131.10236220472441 69.68503937007874 de
1400.7874015748032 1511.8110236220473 174.8031496062992 69.68503937007874 l’har-

461.81102362204723 1572.0472440944882 227.95275590551182 75.59055118110236 monie
612.992125984252 1572.0472440944882 405.11811023622045 75.59055118110236 universelle,
942.5196850393701 1572.0472440944882 152.36220472440945 75.59055118110236 sa
1018.1102362204724 1572.0472440944882 252.75590551181102 75.59055118110236 besace
1195.275590551181 1572.0472440944882 252.75590551181102 75.59055118110236 pleine
1372.4409448818897 1572.0472440944882 152.36220472440945 75.59055118110236 de
1423.2283464566929 1572.0472440944882 152.36220472440945 75.59055118110236 bro-

462.99212598425197 1647.6377952755906 226.77165354330708 66.14173228346456 chures
598.8188976377953 1647.6377952755906 316.53543307086613 66.14173228346456 socialistes.

518.503937007874 1711.4173228346456 134.64566929133858 59.05511811023622 Le
585.8267716535433 1711.4173228346456 246.8503937007874 59.05511811023622 peintre
765.3543307086615 1711.4173228346456 201.96850393700788 59.05511811023622 avait
900.0 1711.4173228346456 201.96850393700788 59.05511811023622 voulu
1034.6456692913387 1711.4173228346456 201.96850393700788 59.05511811023622 faire
1170.4724409448818 1711.4173228346456 224.40944881889763 59.05511811023622 parler
1327.5590551181103 1711.4173228346456 134.64566929133858 59.05511811023622 de
1394.8818897637796 1711.4173228346456 179.5275590551181 59.05511811023622 lui:
1484.6456692913387 1711.4173228346456 89.76377952755905 59.05511811023622 il

466.53543307086613 1781.1023622047244 239.76377952755905 64.96062992125984 réussit
640.1574803149606 1781.1023622047244 174.8031496062992 64.96062992125984 plus
750.0 1781.1023622047244 196.06299212598427 64.96062992125984 qu’il
858.6614173228346 1781.1023622047244 283.46456692913387 64.96062992125984 n’espérait.

457.0866141732283 1846.0629921259842 186.61417322834646 63.77952755905512 Qui
564.5669291338583 1846.0629921259842 212.5984251968504 63.77952755905512 s’en
696.8503937007874 1846.0629921259842 320.0787401574803 63.77952755905512 souvient
937.7952755905512 1846.0629921259842 292.9133858267717 63.77952755905512 encore?
1150.3937007874015 1846.0629921259842 159.4488188976378 63.77952755905512 Ce
1230.708661417323 1846.0629921259842 186.61417322834646 63.77952755905512 fut
1337.007874015748 1846.0629921259842 239.76377952755905 63.77952755905512 comme
1470.4724409448818 1846.0629921259842 106.2992125984252 63.77952755905512 le

467.7165354330709 1922.8346456692914 232.6771653543307 55.511811023622045 bruit
622.4409448818898 1922.8346456692914 232.6771653543307 55.511811023622045 d’une
777.1653543307086 1922.8346456692914 257.4803149606299 55.511811023622045 trombe
957.8740157480315 1922.8346456692914 180.70866141732284 55.511811023622045 qui
1060.6299212598426 1922.8346456692914 257.4803149606299 55.511811023622045 aurait
1241.3385826771653 1922.8346456692914 232.6771653543307 55.511811023622045 passé
1396.0629921259842 1922.8346456692914 180.70866141732284 55.511811023622045 sur
1474.015748031496 1922.8346456692914 102.75590551181102 55.511811023622045 la

466.53543307086613 2000.7874015748032 207.8740157480315 54.330708661417326 salle
605.9055118110236 2000.7874015748032 139.37007874015748 54.330708661417326 de
675.5905511811023 2000.7874015748032 370.86614173228344 54.330708661417326 l’exposition
976.7716535433071 2000.7874015748032 139.37007874015748 54.330708661417326 en
1045.275590551181 2000.7874015748032 277.5590551181102 54.330708661417326 secouant
1254.3307086614172 2000.7874015748032 139.37007874015748 54.330708661417326 et
1300.3937007874015 2000.7874015748032 277.5590551181102 54.330708661417326 fracassant

470.0787401574803 2057.48031496063 151.1811023622047 62.59842519685039 les
535.0393700787401 2057.48031496063 193.70078740157481 62.59842519685039 vitres.

520.8661417322835 2129.527559055118 147.63779527559055 56.69291338582677 On
595.2755905511812 2129.527559055118 147.63779527559055 56.69291338582677 ne
668.503937007874 2129.527559055118 270.4724409448819 56.69291338582677 regarda
865.7480314960629 2129.527559055118 172.44094488188978 56.69291338582677 pas
963.7795275590552 2129.527559055118 270.4724409448819 56.69291338582677 l’œuvre
1159.8425196850394 2129.527559055118 245.66929133858267 56.69291338582677 d’art,
1332.283464566929 2129.527559055118 147.63779527559055 56.69291338582677 on
1405.5118110236222 2129.527559055118 147.63779527559055 56.69291338582677 ne
1455.1181102362204 2129.527559055118 122.83464566929133 56.69291338582677 vit

467.7165354330709 2205.1181102362207 180.70866141732284 66.14173228346456 que
570.4724409448819 2205.1181102362207 180.70866141732284 66.14173228346456 les
674.4094488188977 2205.1181102362207 386.2204724409449 66.14173228346456 personnages
982.6771653543307 2205.1181102362207 412.20472440944883 66.14173228346456 représentés.
1318.1102362204724 2205.1181102362207 205.51181102362204 66.14173228346456 Quoi
1446.8503937007874 2205.1181102362207 128.74015748031496 66.14173228346456 !
1472.8346456692914 2205.1181102362207 102.75590551181102 66.14173228346456 on

471.25984251968504 2262.9921259842517 211.41732283464566 64.96062992125984 avait
612.992125984252 2262.9921259842517 258.66141732283467 64.96062992125984 dissous
800.7874015748032 2262.9921259842517 164.17322834645668 64.96062992125984 les
895.2755905511812 2262.9921259842517 282.2834645669291 64.96062992125984 ateliers
1106.6929133858268 2262.9921259842517 329.5275590551181 64.96062992125984 nationaux,
1365.3543307086613 2262.9921259842517 140.5511811023622 64.96062992125984 on
1412.5984251968505 2262.9921259842517 164.17322834645668 64.96062992125984 avait

483.07086614173227 2337.4015748031497 223.22834645669292 64.96062992125984 vaincu
638.9763779527559 2337.4015748031497 133.46456692913387 64.96062992125984 le
706.2992125984252 2337.4015748031497 334.251968503937 64.96062992125984 prolétariat
974.4094488188977 2337.4015748031497 178.3464566929134 64.96062992125984 dans
1085.4330708661416 2337.4015748031497 155.90551181102362 64.96062992125984 les
1175.1968503937007 2337.4015748031497 178.3464566929134 64.96062992125984 rues
1286.2204724409448 2337.4015748031497 133.46456692913387 64.96062992125984 de
1353.5433070866143 2337.4015748031497 223.22834645669292 64.96062992125984 Paris;
1487.007874015748 2337.4015748031497 89.76377952755905 64.96062992125984 on
