2065.748031496063 2930.314960629921
924.8031496062993 466.53543307086613 139.37007874015748 64.96062992125984 —
980.3149606299213 466.53543307086613 166.53543307086613 64.96062992125984 12
1035.8267716535433 466.53543307086613 83.85826771653544 64.96062992125984 —

466.53543307086613 535.0393700787401 212.5984251968504 73.22834645669292 avait
608.2677165354331 535.0393700787401 141.73228346456693 73.22834645669292 eu
679.1338582677165 535.0393700787401 236.2204724409449 73.22834645669292 raison
844.488188976378 535.0393700787401 141.73228346456693 73.22834645669292 de
915.3543307086615 535.0393700787401 141.73228346456693 73.22834645669292 la
986.2204724409448 535.0393700787401 354.3307086614173 73.22834645669292 bourgeoisie
1247.244094488189 535.0393700787401 330.70866141732284 73.22834645669292 républicaine

465.3543307086614 608.2677165354331 141.73228346456693 66.14173228346456 au
536.2204724409448 608.2677165354331 402.755905511811 66.14173228346456 Conservatoire
868.1102362204724 608.2677165354331 165.35433070866142 66.14173228346456 des
962.5984251968504 608.2677165354331 190.15748031496062 66.14173228346456 arts
1081.8897637795276 608.2677165354331 141.73228346456693 66.14173228346456 et
1152.755905511811 608.2677165354331 284.6456692913386 66.14173228346456 métiers,
1365.3543307086613 608.2677165354331 141.73228346456693 66.14173228346456 on
1413.7795275590552 608.2677165354331 165.35433070866142 66.14173228346456 avait

466.53543307086613 685.0393700787401 249.21259842519686 56.69291338582677 scellé,
647.2440944881889 685.0393700787401 180.70866141732284 56.69291338582677 dans
760.6299212598425 685.0393700787401 158.26771653543307 56.69291338582677 les
851.5748031496063 685.0393700787401 385.03937007874015 56.69291338582677 conciliabules
1168.1102362204724 685.0393700787401 135.82677165354332 56.69291338582677 de
1236.6141732283465 685.0393700787401 135.82677165354332 56.69291338582677 la
1303.9370078740158 685.0393700787401 158.26771653543307 56.69291338582677 rue
1394.8818897637796 685.0393700787401 135.82677165354332 56.69291338582677 de
1439.763779527559 685.0393700787401 135.82677165354332 56.69291338582677 Poi-

462.99212598425197 751.1811023622047 218.50393700787401 59.05511811023622 tiers,
616.5354330708661 751.1811023622047 305.90551181102364 59.05511811023622 l’alliance
857.4803149606299 751.1811023622047 153.54330708661416 59.05511811023622 des
944.8818897637796 751.1811023622047 197.24409448818898 59.05511811023622 vieux
1075.984251968504 751.1811023622047 240.9448818897638 59.05511811023622 partis,
1250.7874015748032 751.1811023622047 131.10236220472441 59.05511811023622 on
1316.9291338582677 751.1811023622047 197.24409448818898 59.05511811023622 avait
1425.5905511811025 751.1811023622047 153.54330708661416 59.05511811023622 épuré

466.53543307086613 826.7716535433071 131.10236220472441 54.330708661417326 le
531.496062992126 826.7716535433071 261.0236220472441 54.330708661417326 suffrage
727.5590551181102 826.7716535433071 304.7244094488189 54.330708661417326 universel,
966.1417322834645 826.7716535433071 173.6220472440945 54.330708661417326 rayé
1074.8031496062993 826.7716535433071 196.06299212598427 54.330708661417326 trois
1205.9055118110236 826.7716535433071 261.0236220472441 54.330708661417326 millions
1379.5275590551182 826.7716535433071 196.06299212598427 54.330708661417326 d’élec-

465.3543307086614 892.9133858267717 226.77165354330708 55.511811023622045 teurs:
623.6220472440945 892.9133858267717 135.82677165354332 55.511811023622045 et
692.1259842519685 892.9133858267717 204.33070866141733 55.511811023622045 voilà
827.9527559055118 892.9133858267717 158.26771653543307 55.511811023622045 que
918.8976377952756 892.9133858267717 113.38582677165354 55.511811023622045 «
963.7795275590552 892.9133858267717 135.82677165354332 55.511811023622045 la
1032.283464566929 892.9133858267717 181.88976377952756 55.511811023622045 vile
1145.6692913385828 892.9133858267717 295.2755905511811 55.511811023622045 multitude
1372.4409448818897 892.9133858267717 135.82677165354332 55.511811023622045 »,
1418.5039370078741 892.9133858267717 158.26771653543307 55.511811023622045 chas-

464.1732283464567 959.0551181102362 161.81102362204723 55.511811023622045 sée
557.4803149606299 959.0551181102362 139.37007874015748 55.511811023622045 de
627.1653543307086 959.0551181102362 139.37007874015748 55.511811023622045 la
696.8503937007874 959.0551181102362 324.8031496062992 55.511811023622045 politique,
950.7874015748032 959.0551181102362 370.86614173228344 55.511811023622045 reparaissait
1251.9685039370079 959.0551181102362 185.43307086614172 55.511811023622045 dans
1367.716535433071 959.0551181102362 139.37007874015748 55.511811023622045 la
1414.9606299212599 959.0551181102362 161.81102362204723 55.511811023622045 pein-

461.81102362204723 1025.1968503937007 227.95275590551182 55.511811023622045 ture!
612.992125984252 1025.1968503937007 177.16535433070865 55.511811023622045 Que
714.5669291338583 1025.1968503937007 355.51181102362204 55.511811023622045 signifiait
994.488188976378 1025.1968503937007 177.16535433070865 55.511811023622045 une
1096.0629921259842 1025.1968503937007 227.95275590551182 55.511811023622045 telle
1248.4251968503936 1025.1968503937007 278.74015748031496 55.511811023622045 audace?
1425.5905511811025 1025.1968503937007 152.36220472440945 55.511811023622045 D’où

464.1732283464567 1110.236220472441 301.18110236220474 55.511811023622045 sortaient
696.8503937007874 1110.236220472441 161.81102362204723 55.511811023622045 ces
788.9763779527559 1110.236220472441 278.74015748031496 55.511811023622045 paysans,
998.0314960629921 1110.236220472441 161.81102362204723 55.511811023622045 ces
1091.3385826771653 1110.236220472441 278.74015748031496 55.511811023622045 casseurs
1299.2125984251968 1110.236220472441 139.37007874015748 55.511811023622045 de
1346.4566929133857 1110.236220472441 231.49606299212599 55.511811023622045 pierres,

461.81102362204723 1178.740157480315 174.8031496062992 53.1496062992126 ces
562.2047244094488 1178.740157480315 275.1968503937008 53.1496062992126 affamés
761.8110236220473 1178.740157480315 150.0 53.1496062992126 et
837.4015748031496 1178.740157480315 174.8031496062992 53.1496062992126 ces
937.7952755905512 1178.740157480315 400.3937007874016 53.1496062992126 déguenillés,
1262.5984251968505 1178.740157480315 225.59055118110237 53.1496062992126 qu’on
1387.7952755905512 1178.740157480315 225.59055118110237 53.1496062992126 voyait,

460.62992125984255 1241.3385826771653 190.15748031496062 64.96062992125984 pour
578.7401574803149 1241.3385826771653 142.91338582677164 64.96062992125984 la
650.7874015748032 1241.3385826771653 284.6456692913386 64.96062992125984 première
864.5669291338583 1241.3385826771653 213.7795275590551 64.96062992125984 fois,
1006.2992125984252 1241.3385826771653 261.0236220472441 64.96062992125984 prendre
1172.8346456692914 1241.3385826771653 403.93700787401576 64.96062992125984 silencieusement

464.1732283464567 1316.9291338582677 199.60629921259843 55.511811023622045 place
597.6377952755905 1316.9291338582677 199.60629921259843 55.511811023622045 entre
731.1023622047244 1316.9291338582677 155.90551181102362 55.511811023622045 les
819.6850393700787 1316.9291338582677 289.37007874015745 55.511811023622045 divinités
1041.732283464567 1316.9291338582677 178.3464566929134 55.511811023622045 nues
1152.755905511811 1316.9291338582677 133.46456692913387 55.511811023622045 de
1220.0787401574803 1316.9291338582677 133.46456692913387 55.511811023622045 la
1286.2204724409448 1316.9291338582677 199.60629921259843 55.511811023622045 Grèce
1419.6850393700788 1316.9291338582677 133.46456692913387 55.511811023622045 et
1464.5669291338584 1316.9291338582677 111.02362204724409 55.511811023622045 les

457.0866141732283 1377.1653543307086 487.79527559055117 62.59842519685039 gentilshommes
858.6614173228346 1377.1653543307086 142.91338582677164 62.59842519685039 à
915.3543307086615 1377.1653543307086 343.7007874015748 62.59842519685039 panaches
1174.015748031496 1377.1653543307086 172.44094488188978 62.59842519685039 du
1260.236220472441 1377.1653543307086 258.66141732283467 62.59842519685039 moyen
1403.1496062992126 1377.1653543307086 172.44094488188978 62.59842519685039 âge?

462.99212598425197 1439.763779527559 331.8897637795276 64.96062992125984 N’était-ce
722.8346456692914 1439.763779527559 165.35433070866142 64.96062992125984 pas
818.503937007874 1439.763779527559 188.9763779527559 64.96062992125984 déjà
936.6141732283464 1439.763779527559 141.73228346456693 64.96062992125984 la
1007.4803149606299 1439.763779527559 284.6456692913386 64.96062992125984 sinistre
1220.0787401574803 1439.763779527559 355.51181102362204 64.96062992125984 avant-garde
1481.1023622047244 1439.763779527559 94.48818897637796 64.96062992125984 de

465.3543307086614 1505.9055118110236 144.09448818897638 73.22834645669292 ces
546.8503937007874 1505.9055118110236 390.9448818897638 73.22834645669292 Jacques,
876.3779527559055 1505.9055118110236 144.09448818897638 73.22834645669292 que
957.8740157480315 1505.9055118110236 266.92913385826773 73.22834645669292 l’anxiété
1163.3858267716535 1505.9055118110236 266.92913385826773 73.22834645669292 publique,
1348.8188976377953 1505.9055118110236 225.59055118110237 73.22834645669292 alimentée

462.99212598425197 1590.9448818897638 158.26771653543307 55.511811023622045 par
553.9370078740158 1590.9448818897638 135.82677165354332 55.511811023622045 la
621.2598425196851 1590.9448818897638 362.59842519685037 55.511811023622045 scélératesse
916.5354330708661 1590.9448818897638 158.26771653543307 55.511811023622045 des
1007.4803149606299 1590.9448818897638 158.26771653543307 55.511811023622045 uns
1098.4251968503936 1590.9448818897638 135.82677165354332 55.511811023622045 et
1165.748031496063 1590.9448818897638 386.2204724409449 55.511811023622045 l’imbécillité
1461.023622047244 1590.9448818897638 113.38582677165354 55.511811023622045 des

461.81102362204723 1648.8188976377953 265.748031496063 63.77952755905512 autres,
654.3307086614174 1648.8188976377953 145.2755905511811 63.77952755905512 se
727.5590551181102 1648.8188976377953 386.2204724409449 63.77952755905512 représentait
1041.732283464567 1648.8188976377953 168.89763779527559 63.77952755905512 une
1138.5826771653544 1648.8188976377953 242.1259842519685 63.77952755905512 torche
1307.4803149606298 1648.8188976377953 120.4724409448819 63.77952755905512 à
1355.9055118110236 1648.8188976377953 145.2755905511811 63.77952755905512 la
1404.3307086614172 1648.8188976377953 168.89763779527559 63.77952755905512 main,

460.62992125984255 1714.9606299212599 141.73228346456693 63.77952755905512 un
531.496062992126 1714.9606299212599 236.2204724409449 63.77952755905512 bissac
696.8503937007874 1714.9606299212599 141.73228346456693 63.77952755905512 au
768.8976377952756 1714.9606299212599 188.9763779527559 63.77952755905512 dos,
887.007874015748 1714.9606299212599 259.84251968503935 63.77952755905512 montant
1075.984251968504 1714.9606299212599 118.11023622047244 63.77952755905512 à
1123.2283464566929 1714.9606299212599 284.6456692913386 63.77952755905512 l’assaut
1337.007874015748 1714.9606299212599 165.35433070866142 63.77952755905512 des
1407.8740157480315 1714.9606299212599 165.35433070866142 63.77952755905512 élec-

460.62992125984255 1782.283464566929 225.59055118110237 54.330708661417326 tions
610.6299212598425 1782.283464566929 150.0 54.330708661417326 de
661.4173228346457 1782.283464566929 175.98425196850394 54.330708661417326 1852?

664.9606299212599 1885.0393700787401 140.5511811023622 56.69291338582677 Ah!
745.2755905511812 1885.0393700787401 180.70866141732284 56.69291338582677 quand
865.7480314960629 1885.0393700787401 220.86614173228347 56.69291338582677 viendra
1026.3779527559054 1885.0393700787401 120.4724409448819 56.69291338582677 la
1066.5354330708662 1885.0393700787401 160.62992125984252 56.69291338582677 belle?

668.503937007874 1932.283464566929 164.17322834645668 54.330708661417326 Voilà
777.1653543307086 1932.283464566929 127.55905511811024 54.330708661417326 des
850.3937007874016 1932.283464566929 164.17322834645668 54.330708661417326 mille
960.2362204724409 1932.283464566929 109.84251968503936 54.330708661417326 et
1015.7480314960629 1932.283464566929 127.55905511811024 54.330708661417326 des
1088.976377952756 1932.283464566929 164.17322834645668 54.330708661417326 cents
1179.9212598425197 1932.283464566929 109.84251968503936 54.330708661417326 ans,

670.8661417322835 1978.3464566929133 134.64566929133858 54.330708661417326 Que
747.6377952755905 1978.3464566929133 153.54330708661416 54.330708661417326 Jean
843.3070866141733 1978.3464566929133 192.51968503937007 54.330708661417326 Guêtré
959.0551181102362 1978.3464566929133 230.31496062992127 54.330708661417326 t’appelle,

664.9606299212599 2026.7716535433071 289.37007874015745 55.511811023622045 République
891.7322834645669 2026.7716535433071 144.09448818897638 55.511811023622045 des
953.1496062992126 2026.7716535433071 206.69291338582678 55.511811023622045 paysans!

512.5984251968504 2121.259842519685 147.63779527559055 90.94488188976378 La
587.007874015748 2121.259842519685 271.65354330708664 90.94488188976378 clameur
784.2519685039371 2121.259842519685 172.44094488188978 90.94488188976378 fut
882.2834645669292 2121.259842519685 296.45669291338584 90.94488188976378 immense,
1104.3307086614172 2121.259842519685 320.0787401574803 90.94488188976378 continue,
1326.3779527559054 2121.259842519685 246.8503937007874 90.94488188976378 irrésis-

458.26771653543307 2183.8582677165355 231.49606299212599 81.49606299212599 tible.
621.2598425196851 2183.8582677165355 301.18110236220474 81.49606299212599 Discuter,
852.7559055118111 2183.8582677165355 324.8031496062992 81.49606299212599 raisonner,
1107.8740157480315 2183.8582677165355 301.18110236220474 81.49606299212599 présenter
1339.3700787401574 2183.8582677165355 161.81102362204723 81.49606299212599 des
1409.0551181102362 2183.8582677165355 161.81102362204723 81.49606299212599 argu-

459.4488188976378 2260.6299212598424 217.3228346456693 74.40944881889764 ments
603.5433070866142 2260.6299212598424 217.3228346456693 74.40944881889764 tirés
748.8188976377953 2260.6299212598424 145.2755905511811 74.40944881889764 de
820.8661417322835 2260.6299212598424 386.2204724409449 74.40944881889764 l’esthétique
1135.0393700787401 2260.6299212598424 145.2755905511811 74.40944881889764 ou
1207.0866141732283 2260.6299212598424 145.2755905511811 74.40944881889764 de
1255.5118110236222 2260.6299212598424 314.1732283464567 74.40944881889764 l’histoire,

462.99212598425197 2329.1338582677167 216.14173228346456 64.96062992125984 était
607.0866141732283 2329.1338582677167 216.14173228346456 64.96062992125984 chose
751.1811023622047 2329.1338582677167 360.23622047244095 64.96062992125984 impossible.
1039.3700787401574 2329.1338582677167 144.09448818897638 64.96062992125984 On
1111.4173228346456 2329.1338582677167 144.09448818897638 64.96062992125984 ne
1183.4645669291338 2329.1338582677167 264.56692913385825 64.96062992125984 voulait
1375.984251968504 2329.1338582677167 167.71653543307087 64.96062992125984 pas
1448.0314960629921 2329.1338582677167 120.4724409448819 64.96062992125984 en
