1749 2481
783 395 118 55 —
830 395 141 55 12
877 395 71 55 —

395 453 180 62 avait
515 453 120 62 eu
575 453 200 62 raison
715 453 120 62 de
775 453 120 62 la
835 453 300 62 bourgeoisie
1056 453 280 62 républicaine

394 515 120 56 au
454 515 341 56 Conservatoire
735 515 140 56 des
815 515 161 56 arts
916 515 120 56 et
976 515 241 56 métiers,
1156 515 120 56 on
1197 515 140 56 avait

395 580 211 48 scellé,
548 580 153 48 dans
644 580 134 48 les
721 580 326 48 conciliabules
989 580 115 48 de
1047 580 115 48 la
1104 580 134 48 rue
1181 580 115 48 de
1219 580 115 48 Poi-

392 636 185 50 tiers,
522 636 259 50 l’alliance
726 636 130 50 des
800 636 167 50 vieux
911 636 204 50 partis,
1059 636 111 50 on
1115 636 167 50 avait
1207 636 130 50 épuré

395 700 111 46 le
450 700 221 46 suffrage
616 700 258 46 universel,
818 700 147 46 rayé
910 700 166 46 trois
1021 700 221 46 millions
1168 700 166 46 d’élec-

394 756 192 47 teurs:
528 756 115 47 et
586 756 173 47 voilà
701 756 134 47 que
778 756 96 47 «
816 756 115 47 la
874 756 154 47 vile
970 756 250 47 multitude
1162 756 115 47 »,
1201 756 134 47 chas-

393 812 137 47 sée
472 812 118 47 de
531 812 118 47 la
590 812 275 47 politique,
805 812 314 47 reparaissait
1060 812 157 47 dans
1158 812 118 47 la
1198 812 137 47 pein-

391 868 193 47 ture!
519 868 150 47 Que
605 868 301 47 signifiait
842 868 150 47 une
928 868 193 47 telle
1057 868 236 47 audace?
1207 868 129 47 D’où

393 940 255 47 sortaient
590 940 137 47 ces
668 940 236 47 paysans,
845 940 137 47 ces
924 940 236 47 casseurs
1100 940 118 47 de
1140 940 196 47 pierres,

391 998 148 45 ces
476 998 233 45 affamés
645 998 127 45 et
709 998 148 45 ces
794 998 339 45 déguenillés,
1069 998 191 45 qu’on
1175 998 191 45 voyait,

390 1051 161 55 pour
490 1051 121 55 la
551 1051 241 55 première
732 1051 181 55 fois,
852 1051 221 55 prendre
993 1051 342 55 silencieusement

393 1115 169 47 place
506 1115 169 47 entre
619 1115 132 47 les
694 1115 245 47 divinités
882 1115 151 47 nues
976 1115 113 47 de
1033 1115 113 47 la
1089 1115 169 47 Grèce
1202 1115 113 47 et
1240 1115 94 47 les

387 1166 413 53 gentilshommes
727 1166 121 53 à
775 1166 291 53 panaches
994 1166 146 53 du
1067 1166 219 53 moyen
1188 1166 146 53 âge?

392 1219 281 55 N’était-ce
612 1219 140 55 pas
693 1219 160 55 déjà
793 1219 120 55 la
853 1219 241 55 sinistre
1033 1219 301 55 avant-garde
1254 1219 80 55 de

394 1275 122 62 ces
463 1275 331 62 <i>Jacques</i>,
742 1275 122 62 que
811 1275 226 62 l’anxiété
985 1275 226 62 publique,
1142 1275 191 62 alimentée

392 1347 134 47 par
469 1347 115 47 la
526 1347 307 47 scélératesse
776 1347 134 47 des
853 1347 134 47 uns
930 1347 115 47 et
987 1347 327 47 l’imbécillité
1237 1347 96 47 des

391 1396 225 54 autres,
554 1396 123 54 se
616 1396 327 54 représentait
882 1396 143 54 une
964 1396 205 54 torche
1107 1396 102 54 à
1148 1396 123 54 la
1189 1396 143 54 main,

390 1452 120 54 un
450 1452 200 54 bissac
590 1452 120 54 au
651 1452 160 54 dos,
751 1452 220 54 montant
911 1452 100 54 à
951 1452 241 54 l’assaut
1132 1452 140 54 des
1192 1452 140 54 élec-

390 1509 191 46 tions
517 1509 127 46 de
560 1509 149 46 1852?

563 1596 119 48 Ah!
631 1596 153 48 quand
733 1596 187 48 viendra
869 1596 102 48 la
903 1596 136 48 belle?

566 1636 139 46 Voilà
658 1636 108 46 des
720 1636 139 46 mille
813 1636 93 46 et
860 1636 108 46 des
922 1636 139 46 cents
999 1636 93 46 ans,

568 1675 114 46 Que
633 1675 130 46 Jean
714 1675 163 46 Guêtré
812 1675 195 46 t’appelle,

563 1716 245 47 République
755 1716 122 47 des
807 1716 175 47 paysans!

434 1796 125 77 La
497 1796 230 77 clameur
664 1796 146 77 fut
747 1796 251 77 immense,
935 1796 271 77 continue,
1123 1796 209 77 irrésis-

388 1849 196 69 tible.
526 1849 255 69 Discuter,
722 1849 275 69 raisonner,
938 1849 255 69 présenter
1134 1849 137 69 des
1193 1849 137 69 argu-

389 1914 184 63 ments
511 1914 184 63 tirés
634 1914 123 63 de
695 1914 327 63 l’esthétique
961 1914 123 63 ou
1022 1914 123 63 de
1063 1914 266 63 l’histoire,

392 1972 183 55 était
514 1972 183 55 chose
636 1972 305 55 impossible.
880 1972 122 55 On
941 1972 122 55 ne
1002 1972 224 55 voulait
1165 1972 142 55 pas
1226 1972 102 55 en
