1749 2481
768 381 114 58 —
814 381 137 58 13
860 381 69 58 —

379 460 211 70 tendre,
532 460 115 70 on
590 460 269 70 n’entendit
801 460 154 70 pas.
897 460 134 70 Les
974 460 230 70 articles
1127 460 192 70 indignés

376 524 254 69 plurent
561 524 208 69 comme
699 524 300 69 giboulées
930 524 139 69 en
1000 524 208 69 mars.
1115 524 208 69 Courbet

382 596 180 55 était
502 596 120 55 un
562 596 280 55 charlatan,
782 596 120 55 un
842 596 160 55 être
941 596 180 55 avide
1061 596 120 55 de
1101 596 220 55 réclames,

381 644 120 61 un
441 644 220 61 barbare
601 644 241 61 étranger
782 644 100 61 à
822 644 200 61 toutes
962 644 140 61 les
1022 644 301 61 délicatesses,

379 700 129 55 un
444 700 258 55 ignorant
638 700 280 55 grossier,
853 700 129 55 un
917 700 194 55 ilote
1046 700 194 55 ivre.
1154 700 172 55 Jamais

379 764 203 45 homme
515 764 203 45 ayant
650 764 181 45 tenu
763 764 136 45 un
831 764 248 45 pinceau
1012 764 136 45 ne
1080 764 158 45 vit
1147 764 181 45 passer

384 820 161 62 tant
464 820 261 62 d’outrages.

429 884 126 46 Il
492 884 209 46 était,
638 884 335 46 heureusement
910 884 167 46 pour
1015 884 167 46 lui,
1120 884 126 46 de
1183 884 126 46 ce
1224 884 105 46 dur

386 940 231 47 calcaire
559 940 251 47 jurassien
752 940 135 47 qui
829 940 193 47 reçoit
964 940 135 47 les
1041 940 212 47 averses
1195 940 116 47 et
1234 940 96 47 les

383 1009 203 42 coups
519 1009 135 42 de
586 1009 271 42 tonnerre
790 1009 180 42 sans
902 1009 293 42 broncher.
1128 1009 203 42 Même,
1241 1009 90 42 la

389 1052 192 63 nature
523 1052 211 63 l’avait
676 1052 173 63 ainsi
791 1052 173 63 fait,
906 1052 134 63 que
983 1052 115 63 la
1041 1052 211 63 tempête
1194 1052 115 63 ne
1232 1052 96 63 lui

385 1123 306 48 déplaisait
626 1123 175 48 pas;
735 1123 197 48 comme
866 1123 262 48 Neptune,
1063 1123 131 48 il
1128 1123 197 48 riait
1238 1123 87 48 au

387 1168 205 58 milieu
530 1168 143 58 des
612 1168 184 58 flots
734 1168 287 58 déchaînés.
960 1168 123 58 Le
1021 1168 184 58 Salon
1144 1168 184 58 fini,
1246 1168 82 58 il

392 1229 150 62 prit
486 1229 131 62 ses
561 1229 225 62 tableaux
729 1229 112 62 et
785 1229 150 62 alla
879 1229 131 62 les
954 1229 206 62 exposer
1103 1229 94 62 à
1122 1229 206 62 Besançon,

385 1284 126 62 où
448 1284 295 62 d’ailleurs
680 1284 147 62 ils
764 1284 210 62 eurent
911 1284 126 62 le
974 1284 168 62 même
1079 1284 210 62 succès
1206 1284 126 62 qu’à

367 1347 171 56 Paris.

772 1459 134 48 IV

433 1572 138 55 Le
502 1572 115 55 2
548 1572 277 55 décembre
756 1572 208 55 vint,
895 1572 323 55 supprimant
1148 1572 138 55 du
1195 1572 138 55 même

393 1645 164 38 coup
495 1645 123 38 la
556 1645 225 38 liberté
720 1645 123 38 et
782 1645 123 38 la
843 1645 184 38 peur.
966 1645 143 38 Les
1048 1645 287 38 trembleurs
1253 1645 82 38 ne

395 1706 281 49 tremblaient
620 1706 169 49 plus,
732 1706 150 49 mais
826 1706 112 49 la
882 1706 187 49 France
1014 1706 169 49 était
1107 1706 225 49 garrottée.

397 1748 170 66 Pour
503 1748 298 66 agrémenter
737 1748 128 66 la
801 1748 298 66 situation,
1034 1748 128 66 on
1077 1748 255 66 déportait,

393 1804 212 65 sinon
535 1804 165 65 les
629 1804 259 65 modèles
817 1804 235 65 mêmes,
982 1804 141 65 de
1053 1804 282 65 Courbet,
1241 1804 94 65 du

398 1860 180 57 moins
518 1860 160 57 ceux
618 1860 140 57 qui
698 1860 240 57 auraient
877 1860 120 57 pu
937 1860 140 57 lui
1017 1860 120 57 en
1057 1860 180 57 servir.

444 1916 116 79 La
502 1916 272 79 fusillade,
715 1916 194 79 l’état
851 1916 116 79 de
909 1916 194 79 siège,
1045 1916 116 79 la
1084 1916 252 79 transporta-

399 1973 192 65 tion,
527 1973 171 65 cela
634 1973 256 65 devenait
826 1973 214 65 grave,
976 1973 235 65 Courbet
1147 1973 128 65 se
1211 1973 150 65 mit
1275 1973 64 65 à
