2065.748031496063 2930.314960629921
907.0866141732283 450.0 134.64566929133858 68.50393700787401 —
961.4173228346457 450.0 161.81102362204723 68.50393700787401 13
1015.7480314960629 450.0 81.49606299212599 68.50393700787401 —

447.6377952755906 543.3070866141733 249.21259842519686 82.67716535433071 tendre,
628.3464566929134 543.3070866141733 135.82677165354332 82.67716535433071 on
696.8503937007874 543.3070866141733 317.7165354330709 82.67716535433071 n’entendit
946.0629921259842 543.3070866141733 181.88976377952756 82.67716535433071 pas.
1059.4488188976377 543.3070866141733 158.26771653543307 82.67716535433071 Les
1150.3937007874015 543.3070866141733 271.65354330708664 82.67716535433071 articles
1331.1023622047244 543.3070866141733 226.77165354330708 82.67716535433071 indignés

444.09448818897636 618.8976377952756 300.0 81.49606299212599 plurent
662.5984251968504 618.8976377952756 245.66929133858267 81.49606299212599 comme
825.5905511811023 618.8976377952756 354.3307086614173 81.49606299212599 giboulées
1098.4251968503936 618.8976377952756 164.17322834645668 81.49606299212599 en
1181.1023622047244 618.8976377952756 245.66929133858267 81.49606299212599 mars.
1316.9291338582677 618.8976377952756 245.66929133858267 81.49606299212599 Courbet

451.18110236220474 703.9370078740158 212.5984251968504 64.96062992125984 était
592.9133858267717 703.9370078740158 141.73228346456693 64.96062992125984 un
663.7795275590552 703.9370078740158 330.70866141732284 64.96062992125984 charlatan,
923.6220472440945 703.9370078740158 141.73228346456693 64.96062992125984 un
994.488188976378 703.9370078740158 188.9763779527559 64.96062992125984 être
1111.4173228346456 703.9370078740158 212.5984251968504 64.96062992125984 avide
1253.1496062992126 703.9370078740158 141.73228346456693 64.96062992125984 de
1300.3937007874015 703.9370078740158 259.84251968503935 64.96062992125984 réclames,

450.0 760.6299212598425 141.73228346456693 72.04724409448819 un
520.8661417322835 760.6299212598425 259.84251968503935 72.04724409448819 barbare
709.8425196850394 760.6299212598425 284.6456692913386 72.04724409448819 étranger
923.6220472440945 760.6299212598425 118.11023622047244 72.04724409448819 à
970.8661417322835 760.6299212598425 236.2204724409449 72.04724409448819 toutes
1136.2204724409448 760.6299212598425 165.35433070866142 72.04724409448819 les
1207.0866141732283 760.6299212598425 355.51181102362204 72.04724409448819 délicatesses,

447.6377952755906 826.7716535433071 152.36220472440945 64.96062992125984 un
524.4094488188977 826.7716535433071 304.7244094488189 64.96062992125984 ignorant
753.5433070866142 826.7716535433071 330.70866141732284 64.96062992125984 grossier,
1007.4803149606299 826.7716535433071 152.36220472440945 64.96062992125984 un
1083.0708661417323 826.7716535433071 229.13385826771653 64.96062992125984 ilote
1235.4330708661416 826.7716535433071 229.13385826771653 64.96062992125984 ivre.
1362.992125984252 826.7716535433071 203.1496062992126 64.96062992125984 Jamais

447.6377952755906 902.3622047244095 239.76377952755905 53.1496062992126 homme
608.2677165354331 902.3622047244095 239.76377952755905 53.1496062992126 ayant
767.7165354330708 902.3622047244095 213.7795275590551 53.1496062992126 tenu
901.1811023622047 902.3622047244095 160.62992125984252 53.1496062992126 un
981.496062992126 902.3622047244095 292.9133858267717 53.1496062992126 pinceau
1195.275590551181 902.3622047244095 160.62992125984252 53.1496062992126 ne
1275.5905511811025 902.3622047244095 186.61417322834646 53.1496062992126 vit
1354.724409448819 902.3622047244095 213.7795275590551 53.1496062992126 passer

453.54330708661416 968.503937007874 190.15748031496062 73.22834645669292 tant
548.0314960629921 968.503937007874 308.26771653543307 73.22834645669292 d’outrages.

506.6929133858268 1044.0944881889764 148.8188976377953 54.330708661417326 Il
581.1023622047244 1044.0944881889764 246.8503937007874 54.330708661417326 était,
753.5433070866142 1044.0944881889764 395.6692913385827 54.330708661417326 heureusement
1074.8031496062993 1044.0944881889764 197.24409448818898 54.330708661417326 pour
1198.8188976377953 1044.0944881889764 197.24409448818898 54.330708661417326 lui,
1322.8346456692914 1044.0944881889764 148.8188976377953 54.330708661417326 de
1397.244094488189 1044.0944881889764 148.8188976377953 54.330708661417326 ce
1445.6692913385828 1044.0944881889764 124.01574803149606 54.330708661417326 dur

455.90551181102364 1110.236220472441 272.8346456692913 55.511811023622045 calcaire
660.2362204724409 1110.236220472441 296.45669291338584 55.511811023622045 jurassien
888.1889763779527 1110.236220472441 159.4488188976378 55.511811023622045 qui
979.1338582677165 1110.236220472441 227.95275590551182 55.511811023622045 reçoit
1138.5826771653544 1110.236220472441 159.4488188976378 55.511811023622045 les
1229.5275590551182 1110.236220472441 250.39370078740157 55.511811023622045 averses
1411.4173228346456 1110.236220472441 137.00787401574803 55.511811023622045 et
1457.4803149606298 1110.236220472441 113.38582677165354 55.511811023622045 les

452.3622047244094 1191.732283464567 239.76377952755905 49.60629921259842 coups
612.992125984252 1191.732283464567 159.4488188976378 49.60629921259842 de
692.1259842519685 1191.732283464567 320.0787401574803 49.60629921259842 tonnerre
933.0708661417323 1191.732283464567 212.5984251968504 49.60629921259842 sans
1065.3543307086613 1191.732283464567 346.06299212598424 49.60629921259842 broncher.
1332.283464566929 1191.732283464567 239.76377952755905 49.60629921259842 Même,
1465.748031496063 1191.732283464567 106.2992125984252 49.60629921259842 la

459.4488188976378 1242.5196850393702 226.77165354330708 74.40944881889764 nature
617.7165354330708 1242.5196850393702 249.21259842519686 74.40944881889764 l’avait
798.4251968503937 1242.5196850393702 204.33070866141733 74.40944881889764 ainsi
934.2519685039371 1242.5196850393702 204.33070866141733 74.40944881889764 fait,
1070.0787401574803 1242.5196850393702 158.26771653543307 74.40944881889764 que
1161.023622047244 1242.5196850393702 135.82677165354332 74.40944881889764 la
1229.5275590551182 1242.5196850393702 249.21259842519686 74.40944881889764 tempête
1410.236220472441 1242.5196850393702 135.82677165354332 74.40944881889764 ne
1455.1181102362204 1242.5196850393702 113.38582677165354 74.40944881889764 lui

454.7244094488189 1326.3779527559054 361.4173228346457 56.69291338582677 déplaisait
739.3700787401575 1326.3779527559054 206.69291338582678 56.69291338582677 pas;
868.1102362204724 1326.3779527559054 232.6771653543307 56.69291338582677 comme
1022.8346456692914 1326.3779527559054 309.4488188976378 56.69291338582677 Neptune,
1255.5118110236222 1326.3779527559054 154.7244094488189 56.69291338582677 il
1332.283464566929 1326.3779527559054 232.6771653543307 56.69291338582677 riait
1462.2047244094488 1326.3779527559054 102.75590551181102 56.69291338582677 au

457.0866141732283 1379.5275590551182 242.1259842519685 68.50393700787401 milieu
625.9842519685039 1379.5275590551182 168.89763779527559 68.50393700787401 des
722.8346456692914 1379.5275590551182 217.3228346456693 68.50393700787401 flots
866.9291338582677 1379.5275590551182 338.9763779527559 68.50393700787401 déchaînés.
1133.8582677165355 1379.5275590551182 145.2755905511811 68.50393700787401 Le
1205.9055118110236 1379.5275590551182 217.3228346456693 68.50393700787401 Salon
1351.1811023622047 1379.5275590551182 217.3228346456693 68.50393700787401 fini,
1471.6535433070867 1379.5275590551182 96.85039370078741 68.50393700787401 il

462.99212598425197 1451.5748031496064 177.16535433070865 73.22834645669292 prit
574.0157480314961 1451.5748031496064 154.7244094488189 73.22834645669292 ses
662.5984251968504 1451.5748031496064 265.748031496063 73.22834645669292 tableaux
861.0236220472441 1451.5748031496064 132.28346456692913 73.22834645669292 et
927.1653543307086 1451.5748031496064 177.16535433070865 73.22834645669292 alla
1038.1889763779527 1451.5748031496064 154.7244094488189 73.22834645669292 les
1126.7716535433071 1451.5748031496064 243.30708661417322 73.22834645669292 exposer
1302.755905511811 1451.5748031496064 111.02362204724409 73.22834645669292 à
1325.1968503937007 1451.5748031496064 243.30708661417322 73.22834645669292 Besançon,

454.7244094488189 1516.5354330708662 148.8188976377953 73.22834645669292 où
529.1338582677165 1516.5354330708662 348.4251968503937 73.22834645669292 d’ailleurs
803.1496062992126 1516.5354330708662 173.6220472440945 73.22834645669292 ils
902.3622047244095 1516.5354330708662 248.03149606299212 73.22834645669292 eurent
1075.984251968504 1516.5354330708662 148.8188976377953 73.22834645669292 le
1150.3937007874015 1516.5354330708662 198.4251968503937 73.22834645669292 même
1274.4094488188975 1516.5354330708662 248.03149606299212 73.22834645669292 succès
1424.4094488188975 1516.5354330708662 148.8188976377953 73.22834645669292 qu’à

433.46456692913387 1590.9448818897638 201.96850393700788 66.14173228346456 Paris.

911.8110236220473 1723.2283464566929 158.26771653543307 56.69291338582677 IV

511.4173228346457 1856.6929133858268 162.99212598425197 64.96062992125984 Le
592.9133858267717 1856.6929133858268 135.82677165354332 64.96062992125984 2
647.2440944881889 1856.6929133858268 327.1653543307087 64.96062992125984 décembre
892.9133858267717 1856.6929133858268 245.66929133858267 64.96062992125984 vint,
1057.0866141732283 1856.6929133858268 381.496062992126 64.96062992125984 supprimant
1355.9055118110236 1856.6929133858268 162.99212598425197 64.96062992125984 du
1411.4173228346456 1856.6929133858268 162.99212598425197 64.96062992125984 même

464.1732283464567 1942.9133858267717 193.70078740157481 44.881889763779526 coup
584.6456692913385 1942.9133858267717 145.2755905511811 44.881889763779526 la
656.6929133858267 1942.9133858267717 265.748031496063 44.881889763779526 liberté
850.3937007874016 1942.9133858267717 145.2755905511811 44.881889763779526 et
923.6220472440945 1942.9133858267717 145.2755905511811 44.881889763779526 la
995.6692913385826 1942.9133858267717 217.3228346456693 44.881889763779526 peur.
1140.9448818897638 1942.9133858267717 168.89763779527559 44.881889763779526 Les
1237.7952755905512 1942.9133858267717 338.9763779527559 44.881889763779526 trembleurs
1479.9212598425197 1942.9133858267717 96.85039370078741 44.881889763779526 ne

466.53543307086613 2014.9606299212599 331.8897637795276 57.874015748031496 tremblaient
732.2834645669292 2014.9606299212599 199.60629921259843 57.874015748031496 plus,
864.5669291338583 2014.9606299212599 177.16535433070865 57.874015748031496 mais
975.5905511811023 2014.9606299212599 132.28346456692913 57.874015748031496 la
1041.732283464567 2014.9606299212599 220.86614173228347 57.874015748031496 France
1197.6377952755906 2014.9606299212599 199.60629921259843 57.874015748031496 était
1307.4803149606298 2014.9606299212599 265.748031496063 57.874015748031496 garrottée.

468.8976377952756 2064.566929133858 200.78740157480314 77.95275590551181 Pour
594.0944881889764 2064.566929133858 351.9685039370079 77.95275590551181 agrémenter
870.4724409448819 2064.566929133858 151.1811023622047 77.95275590551181 la
946.0629921259842 2064.566929133858 351.9685039370079 77.95275590551181 situation,
1221.259842519685 2064.566929133858 151.1811023622047 77.95275590551181 on
1272.0472440944882 2064.566929133858 301.18110236220474 77.95275590551181 déportait,

464.1732283464567 2130.7086614173227 250.39370078740157 76.77165354330708 sinon
631.8897637795276 2130.7086614173227 194.88188976377953 76.77165354330708 les
742.9133858267717 2130.7086614173227 305.90551181102364 76.77165354330708 modèles
964.9606299212599 2130.7086614173227 277.5590551181102 76.77165354330708 mêmes,
1159.8425196850394 2130.7086614173227 166.53543307086613 76.77165354330708 de
1243.7007874015749 2130.7086614173227 333.07086614173227 76.77165354330708 Courbet,
1465.748031496063 2130.7086614173227 111.02362204724409 76.77165354330708 du

470.0787401574803 2196.850393700787 212.5984251968504 67.32283464566929 moins
611.8110236220473 2196.850393700787 188.9763779527559 67.32283464566929 ceux
729.9212598425197 2196.850393700787 165.35433070866142 67.32283464566929 qui
824.4094488188977 2196.850393700787 283.46456692913387 67.32283464566929 auraient
1035.8267716535433 2196.850393700787 141.73228346456693 67.32283464566929 pu
1106.6929133858268 2196.850393700787 165.35433070866142 67.32283464566929 lui
1201.1811023622047 2196.850393700787 141.73228346456693 67.32283464566929 en
1248.4251968503936 2196.850393700787 212.5984251968504 67.32283464566929 servir.

524.4094488188977 2262.9921259842517 137.00787401574803 93.30708661417323 La
592.9133858267717 2262.9921259842517 321.25984251968504 93.30708661417323 fusillade,
844.488188976378 2262.9921259842517 229.13385826771653 93.30708661417323 l’état
1005.1181102362204 2262.9921259842517 137.00787401574803 93.30708661417323 de
1073.6220472440946 2262.9921259842517 229.13385826771653 93.30708661417323 siège,
1234.251968503937 2262.9921259842517 137.00787401574803 93.30708661417323 la
1280.3149606299212 2262.9921259842517 297.6377952755906 93.30708661417323 transporta-

471.25984251968504 2330.314960629921 226.77165354330708 76.77165354330708 tion,
622.4409448818898 2330.314960629921 201.96850393700788 76.77165354330708 cela
748.8188976377953 2330.314960629921 302.3622047244094 76.77165354330708 devenait
975.5905511811023 2330.314960629921 252.75590551181102 76.77165354330708 grave,
1152.755905511811 2330.314960629921 277.5590551181102 76.77165354330708 Courbet
1354.724409448819 2330.314960629921 151.1811023622047 76.77165354330708 se
1430.3149606299212 2330.314960629921 177.16535433070865 76.77165354330708 mit
1505.9055118110236 2330.314960629921 75.59055118110236 76.77165354330708 à
