2065.748031496063 2930.314960629921
933.0708661417323 429.9212598425197 135.82677165354332 80.31496062992126 —
987.4015748031496 429.9212598425197 162.99212598425197 80.31496062992126 14
1041.732283464567 429.9212598425197 81.49606299212599 80.31496062992126 —

477.1653543307087 524.4094488188977 351.9685039370079 83.85826771653544 réfléchir:
753.5433070866142 524.4094488188977 126.37795275590551 83.85826771653544 «
804.3307086614174 524.4094488188977 277.5590551181102 83.85826771653544 Puisque
1005.1181102362204 524.4094488188977 175.98425196850394 83.85826771653544 mes
1106.6929133858268 524.4094488188977 277.5590551181102 83.85826771653544 paysans
1307.4803149606298 524.4094488188977 151.1811023622047 83.85826771653544 et
1383.0708661417323 524.4094488188977 175.98425196850394 83.85826771653544 mes
1458.6614173228347 524.4094488188977 151.1811023622047 83.85826771653544 hom-

474.8031496062992 610.6299212598425 173.6220472440945 54.330708661417326 mes
574.0157480314961 610.6299212598425 148.8188976377953 54.330708661417326 du
648.4251968503937 610.6299212598425 271.65354330708664 54.330708661417326 peuple,
845.6692913385826 610.6299212598425 148.8188976377953 54.330708661417326 se
920.0787401574803 610.6299212598425 271.65354330708664 54.330708661417326 dit-il,
1117.3228346456692 610.6299212598425 173.6220472440945 54.330708661417326 ont
1216.5354330708662 610.6299212598425 346.06299212598424 54.330708661417326 effarouché
1463.3858267716535 610.6299212598425 124.01574803149606 54.330708661417326 les

474.8031496062992 675.5905511811023 416.92913385826773 74.40944881889764 conservateurs,
822.0472440944882 675.5905511811023 139.37007874015748 74.40944881889764 je
891.7322834645669 675.5905511811023 185.43307086614172 74.40944881889764 vais
1007.4803149606299 675.5905511811023 185.43307086614172 74.40944881889764 leur
1123.2283464566929 675.5905511811023 255.11811023622047 74.40944881889764 envoyer
1308.6614173228347 675.5905511811023 161.81102362204723 74.40944881889764 des
1378.3464566929133 675.5905511811023 207.8740157480315 74.40944881889764 paysan-

474.8031496062992 741.7322834645669 203.1496062992126 61.41732283464567 nes.
601.1811023622047 741.7322834645669 152.36220472440945 61.41732283464567 La
676.7716535433071 741.7322834645669 227.95275590551182 61.41732283464567 femme
829.1338582677165 741.7322834645669 177.16535433070865 61.41732283464567 des
930.7086614173228 741.7322834645669 252.75590551181102 61.41732283464567 champs
1107.8740157480315 741.7322834645669 177.16535433070865 61.41732283464567 n’a
1208.267716535433 741.7322834645669 203.1496062992126 61.41732283464567 rien
1335.8267716535433 741.7322834645669 126.37795275590551 61.41732283464567 à
1360.6299212598426 741.7322834645669 227.95275590551182 61.41732283464567 démêler

473.62204724409446 826.7716535433071 198.4251968503937 46.06299212598425 avec
597.6377952755905 826.7716535433071 173.6220472440945 46.06299212598425 les
696.8503937007874 826.7716535433071 296.45669291338584 46.06299212598425 passions
918.8976377952756 826.7716535433071 395.6692913385827 46.06299212598425 subversives;
1241.3385826771653 826.7716535433071 321.25984251968504 46.06299212598425 peut-être
1463.3858267716535 826.7716535433071 124.01574803149606 46.06299212598425 les

473.62204724409446 883.4645669291339 259.84251968503935 73.22834645669292 miennes
662.5984251968504 883.4645669291339 473.62204724409446 73.22834645669292 trouveront-elles
1065.3543307086613 883.4645669291339 212.5984251968504 73.22834645669292 grâce
1207.0866141732283 883.4645669291339 236.2204724409449 73.22834645669292 devant
1373.6220472440946 883.4645669291339 165.35433070866142 73.22834645669292 les
1444.4881889763778 883.4645669291339 141.73228346456693 73.22834645669292 nou-

475.98425196850394 949.6062992125984 199.60629921259843 63.77952755905512 veaux
609.4488188976378 949.6062992125984 244.48818897637796 63.77952755905512 maîtres
786.6141732283464 949.6062992125984 133.46456692913387 63.77952755905512 de
853.9370078740158 949.6062992125984 310.62992125984255 63.77952755905512 l’opinion.
1097.244094488189 949.6062992125984 111.02362204724409 63.77952755905512 »
1142.1259842519685 949.6062992125984 133.46456692913387 63.77952755905512 En
1208.267716535433 949.6062992125984 222.04724409448818 63.77952755905512 effet,
1364.1732283464567 949.6062992125984 133.46456692913387 63.77952755905512 il
1409.0551181102362 949.6062992125984 177.16535433070865 63.77952755905512 reprit

473.62204724409446 1021.6535433070866 165.35433070866142 66.14173228346456 son
568.1102362204724 1021.6535433070866 259.84251968503935 66.14173228346456 couteau
757.0866141732283 1021.6535433070866 118.11023622047244 66.14173228346456 à
804.3307086614174 1021.6535433070866 283.46456692913387 66.14173228346456 palette,
1016.9291338582677 1021.6535433070866 141.73228346456693 66.14173228346456 et
1088.976377952756 1021.6535433070866 188.9763779527559 66.14173228346456 dans
1207.0866141732283 1021.6535433070866 141.73228346456693 66.14173228346456 un
1277.9527559055118 1021.6535433070866 141.73228346456693 66.14173228346456 de
1348.8188976377953 1021.6535433070866 165.35433070866142 66.14173228346456 ces
1419.6850393700788 1021.6535433070866 165.35433070866142 66.14173228346456 beaux

467.7165354330709 1100.7874015748032 318.8976377952756 54.330708661417326 paysages
707.4803149606299 1100.7874015748032 159.4488188976378 54.330708661417326 de
787.7952755905512 1100.7874015748032 479.5275590551181 54.330708661417326 Franche-Comté,
1187.007874015748 1100.7874015748032 159.4488188976378 54.330708661417326 où
1267.3228346456692 1100.7874015748032 186.61417322834646 54.330708661417326 les
1346.4566929133857 1100.7874015748032 239.76377952755905 54.330708661417326 sommets

470.0787401574803 1157.4803149606298 148.8188976377953 55.511811023622045 se
544.488188976378 1157.4803149606298 321.25984251968504 55.511811023622045 crénèlent
791.3385826771654 1157.4803149606298 148.8188976377953 55.511811023622045 de
865.7480314960629 1157.4803149606298 248.03149606299212 55.511811023622045 toutes
1039.3700787401574 1157.4803149606298 223.22834645669292 55.511811023622045 parts
1188.1889763779527 1157.4803149606298 223.22834645669292 55.511811023622045 d’une
1335.8267716535433 1157.4803149606298 223.22834645669292 55.511811023622045 haute
1459.8425196850394 1157.4803149606298 124.01574803149606 55.511811023622045 mu-

470.0787401574803 1223.6220472440946 231.49606299212599 74.40944881889764 raille
633.0708661417323 1223.6220472440946 139.37007874015748 74.40944881889764 de
702.7559055118111 1223.6220472440946 255.11811023622047 74.40944881889764 rochers
888.1889763779527 1223.6220472440946 209.0551181102362 74.40944881889764 gris,
1027.5590551181103 1223.6220472440946 185.43307086614172 74.40944881889764 sous
1143.3070866141732 1223.6220472440946 139.37007874015748 74.40944881889764 la
1212.992125984252 1223.6220472440946 231.49606299212599 74.40944881889764 pleine
1374.8031496062993 1223.6220472440946 139.37007874015748 74.40944881889764 et
1422.0472440944882 1223.6220472440946 161.81102362204723 74.40944881889764 écla-

472.4409448818898 1299.2125984251968 183.0708661417323 54.330708661417326 tante
594.0944881889764 1299.2125984251968 223.22834645669292 54.330708661417326 lumière
755.9055118110236 1299.2125984251968 121.65354330708661 54.330708661417326 du
817.3228346456693 1299.2125984251968 183.0708661417323 54.330708661417326 jour,
938.9763779527559 1299.2125984251968 121.65354330708661 54.330708661417326 il
999.2125984251968 1299.2125984251968 183.0708661417323 54.330708661417326 plaça
1120.8661417322835 1299.2125984251968 141.73228346456693 54.330708661417326 les
1182.283464566929 1299.2125984251968 405.11811023622045 54.330708661417326 Demoiselles

471.25984251968504 1365.3543307086613 190.15748031496062 55.511811023622045 de
598.8188976377953 1365.3543307086613 232.6771653543307 55.511811023622045 village
767.7165354330708 1365.3543307086613 232.6771653543307 55.511811023622045 faisant
936.6141732283464 1365.3543307086613 253.93700787401573 55.511811023622045 l’aumône
1126.7716535433071 1365.3543307086613 106.2992125984252 55.511811023622045 à
1169.291338582677 1365.3543307086613 147.63779527559055 55.511811023622045 une
1254.3307086614172 1365.3543307086613 253.93700787401573 55.511811023622045 gardeuse
1423.2283464566929 1365.3543307086613 168.89763779527559 55.511811023622045 de

468.8976377952756 1431.4960629921259 374.40944881889766 66.14173228346456 vaches
778.3464566929134 1431.4960629921259 242.1259842519685 66.14173228346456 (1852).
954.3307086614174 1431.4960629921259 154.7244094488189 66.14173228346456 Sur
1042.9133858267717 1431.4960629921259 154.7244094488189 66.14173228346456 une
1130.3149606299212 1431.4960629921259 198.4251968503937 66.14173228346456 grève
1262.5984251968505 1431.4960629921259 132.28346456692913 66.14173228346456 de
1328.740157480315 1431.4960629921259 132.28346456692913 66.14173228346456 la
1394.8818897637796 1431.4960629921259 198.4251968503937 66.14173228346456 Loue,
1504.724409448819 1431.4960629921259 88.58267716535433 66.14173228346456 la

468.8976377952756 1500.0 251.5748031496063 62.59842519685039 rivière
650.7874015748032 1500.0 205.51181102362204 62.59842519685039 qu’il
787.7952755905512 1500.0 227.95275590551182 62.59842519685039 aimait
948.4251968503937 1500.0 205.51181102362204 62.59842519685039 entre
1085.4330708661416 1500.0 227.95275590551182 62.59842519685039 toutes
1244.8818897637796 1500.0 205.51181102362204 62.59842519685039 parce
1381.8897637795276 1500.0 159.4488188976378 62.59842519685039 que
1450.3937007874015 1500.0 137.00787401574803 62.59842519685039 tout

466.53543307086613 1563.7795275590552 232.6771653543307 64.96062992125984 enfant
629.5275590551181 1563.7795275590552 139.37007874015748 64.96062992125984 il
699.2125984251968 1563.7795275590552 209.0551181102362 64.96062992125984 avait
839.7637795275591 1563.7795275590552 186.61417322834646 64.96062992125984 joué
955.511811023622 1563.7795275590552 162.99212598425197 64.96062992125984 sur
1048.8188976377953 1563.7795275590552 162.99212598425197 64.96062992125984 ses
1142.1259842519685 1563.7795275590552 232.6771653543307 64.96062992125984 bords,
1305.1181102362204 1563.7795275590552 186.61417322834646 64.96062992125984 dans
1420.8661417322835 1563.7795275590552 139.37007874015748 64.96062992125984 la
1466.9291338582677 1563.7795275590552 116.92913385826772 64.96062992125984 pé-

461.81102362204723 1639.3700787401574 266.92913385826773 55.511811023622045 nombre
649.6062992125984 1639.3700787401574 213.7795275590551 55.511811023622045 d’un
781.8897637795276 1639.3700787401574 213.7795275590551 55.511811023622045 bois
915.3543307086615 1639.3700787401574 266.92913385826773 55.511811023622045 touffu
1101.9685039370079 1639.3700787401574 186.61417322834646 55.511811023622045 que
1209.4488188976377 1639.3700787401574 373.2283464566929 55.511811023622045 traversait
1476.3779527559054 1639.3700787401574 106.2992125984252 55.511811023622045 un

462.99212598425197 1705.5118110236222 209.0551181102362 74.40944881889764 rayon
602.3622047244095 1705.5118110236222 139.37007874015748 74.40944881889764 de
672.0472440944882 1705.5118110236222 232.6771653543307 74.40944881889764 soleil
835.0393700787401 1705.5118110236222 278.74015748031496 74.40944881889764 glissant
1044.0944881889764 1705.5118110236222 139.37007874015748 74.40944881889764 de
1113.7795275590552 1705.5118110236222 255.11811023622047 74.40944881889764 branche
1300.3937007874015 1705.5118110236222 139.37007874015748 74.40944881889764 en
1346.4566929133857 1705.5118110236222 232.6771653543307 74.40944881889764 branche,

462.99212598425197 1771.6535433070867 129.92125984251967 64.96062992125984 il
527.9527559055118 1771.6535433070867 193.70078740157481 64.96062992125984 étala
656.6929133858267 1771.6535433070867 151.1811023622047 64.96062992125984 les
742.9133858267717 1771.6535433070867 302.3622047244094 64.96062992125984 splendeurs
980.3149606299213 1771.6535433070867 258.66141732283467 64.96062992125984 charnues
1174.015748031496 1771.6535433070867 129.92125984251967 64.96062992125984 de
1238.976377952756 1771.6535433070867 151.1811023622047 64.96062992125984 ses
1303.9370078740158 1771.6535433070867 279.9212598425197 64.96062992125984 Bai

455.90551181102364 1847.244094488189 389.76377952755905 75.59055118110236 gneuses
779.5275590551181 1847.244094488189 237.4015748031496 75.59055118110236 (1853);
953.1496062992126 1847.244094488189 173.6220472440945 75.59055118110236 dans
1060.6299212598426 1847.244094488189 129.92125984251967 75.59055118110236 le
1125.5905511811025 1847.244094488189 237.4015748031496 75.59055118110236 silence
1299.2125984251968 1847.244094488189 194.88188976377953 75.59055118110236 d’une
1406.6929133858268 1847.244094488189 173.6220472440945 75.59055118110236 humble

455.90551181102364 1912.2047244094488 403.93700787401576 75.59055118110236 chambrette,
779.5275590551181 1912.2047244094488 214.96062992125985 75.59055118110236 près
914.1732283464567 1912.2047244094488 214.96062992125985 75.59055118110236 d’un
1048.8188976377953 1912.2047244094488 214.96062992125985 75.59055118110236 vase
1182.283464566929 1912.2047244094488 161.81102362204723 75.59055118110236 de
1263.7795275590552 1912.2047244094488 269.29133858267716 75.59055118110236 fleurs
1451.5748031496064 1912.2047244094488 161.81102362204723 75.59055118110236 et
1505.9055118110236 1912.2047244094488 107.48031496062993 75.59055118110236 du

459.4488188976378 1996.0629921259842 193.70078740157481 48.425196850393704 rouet
588.1889763779527 1996.0629921259842 193.70078740157481 48.425196850393704 resté
718.1102362204724 1996.0629921259842 279.9212598425197 48.425196850393704 immobile,
933.0708661417323 1996.0629921259842 128.74015748031496 48.425196850393704 il
998.0314960629921 1996.0629921259842 258.66141732283467 48.425196850393704 endormit
1191.732283464567 1996.0629921259842 128.74015748031496 48.425196850393704 sa
1234.251968503937 1996.0629921259842 344.88188976377955 48.425196850393704 Fileuse

459.4488188976378 2056.299212598425 190.15748031496062 53.1496062992126 d’un
578.7401574803149 2056.299212598425 262.20472440944883 53.1496062992126 sommeil
768.8976377952756 2056.299212598425 214.96062992125985 53.1496062992126 moite
911.8110236220473 2056.299212598425 142.91338582677164 53.1496062992126 et
983.8582677165355 2056.299212598425 214.96062992125985 53.1496062992126 léger
1126.7716535433071 2056.299212598425 262.20472440944883 53.1496062992126 (1853);
1316.9291338582677 2056.299212598425 190.15748031496062 53.1496062992126 dans
1412.5984251968505 2056.299212598425 166.53543307086613 53.1496062992126 l’in-

457.0866141732283 2121.259842519685 251.5748031496063 63.77952755905512 térieur
638.9763779527559 2121.259842519685 205.51181102362204 63.77952755905512 d’une
777.1653543307086 2121.259842519685 297.6377952755906 63.77952755905512 bluterie,
1005.1181102362204 2121.259842519685 229.13385826771653 63.77952755905512 devant
1165.748031496063 2121.259842519685 159.4488188976378 63.77952755905512 les
1256.6929133858268 2121.259842519685 183.0708661417323 63.77952755905512 sacs
1347.6377952755906 2121.259842519685 229.13385826771653 63.77952755905512 empilés,

455.90551181102364 2186.220472440945 170.07874015748033 64.96062992125984 sur
553.9370078740158 2186.220472440945 146.45669291338584 64.96062992125984 un
627.1653543307086 2186.220472440945 194.88188976377953 64.96062992125984 fond
748.8188976377953 2186.220472440945 218.50393700787401 64.96062992125984 d’une
894.0944881889764 2186.220472440945 291.73228346456693 64.96062992125984 harmonie
1113.7795275590552 2186.220472440945 218.50393700787401 64.96062992125984 grise
1259.0551181102362 2186.220472440945 146.45669291338584 64.96062992125984 où
1332.283464566929 2186.220472440945 146.45669291338584 64.96062992125984 la
1380.708661417323 2186.220472440945 194.88188976377953 64.96062992125984 farine

454.7244094488189 2270.0787401574803 139.37007874015748 66.14173228346456 se
524.4094488188977 2270.0787401574803 186.61417322834646 66.14173228346456 mêle
641.3385826771654 2270.0787401574803 116.92913385826772 66.14173228346456 à
688.5826771653543 2270.0787401574803 139.37007874015748 66.14173228346456 la
758.2677165354331 2270.0787401574803 325.98425196850394 66.14173228346456 poussière,
1014.5669291338583 2270.0787401574803 139.37007874015748 66.14173228346456 il
1084.251968503937 2270.0787401574803 256.2992125984252 66.14173228346456 détacha
1270.8661417322835 2270.0787401574803 139.37007874015748 66.14173228346456 le
1341.732283464567 2270.0787401574803 232.6771653543307 66.14173228346456 groupe
1481.1023622047244 2270.0787401574803 93.30708661417323 66.14173228346456 de

459.4488188976378 2344.488188976378 134.64566929133858 60.23622047244095 ses
536.2204724409448 2344.488188976378 191.33858267716536 60.23622047244095 jolies
669.6850393700787 2344.488188976378 325.98425196850394 60.23622047244095 Cribleuses
938.9763779527559 2344.488188976378 114.56692913385827 60.23622047244095 de
996.8503937007874 2344.488188976378 211.41732283464566 60.23622047244095 blé
1150.3937007874015 2344.488188976378 211.41732283464566 60.23622047244095 (1855).
1303.9370078740158 2344.488188976378 249.21259842519686 60.23622047244095 C’étaient
1476.3779527559054 2344.488188976378 95.66929133858268 60.23622047244095 au
