2065.748031496063 2930.314960629921
937.7952755905512 519.6850393700787 142.91338582677164 38.976377952755904 —
994.488188976378 519.6850393700787 171.25984251968504 38.976377952755904 15
1052.3622047244094 519.6850393700787 86.22047244094489 38.976377952755904 —

479.5275590551181 609.4488188976378 185.43307086614172 55.511811023622045 tant
595.2755905511812 609.4488188976378 323.62204724409446 55.511811023622045 d’épisodes
850.3937007874016 609.4488188976378 138.18897637795277 55.511811023622045 de
918.8976377952756 609.4488188976378 138.18897637795277 55.511811023622045 la
988.5826771653543 609.4488188976378 161.81102362204723 55.511811023622045 vie
1080.708661417323 609.4488188976378 300.0 55.511811023622045 rustiqué,
1312.2047244094488 609.4488188976378 185.43307086614172 55.511811023622045 tour
1427.9527559055118 609.4488188976378 115.74803149606299 55.511811023622045 à
1451.5748031496064 609.4488188976378 138.18897637795277 55.511811023622045 tour

441.73228346456693 668.503937007874 238.58267716535434 72.04724409448819 active
608.2677165354331 668.503937007874 142.91338582677164 72.04724409448819 et
680.3149606299213 668.503937007874 287.00787401574803 72.04724409448819 reposée,
895.2755905511812 668.503937007874 287.00787401574803 72.04724409448819 épisodes
1110.236220472441 668.503937007874 287.00787401574803 72.04724409448819 simples,
1301.5748031496064 668.503937007874 287.00787401574803 72.04724409448819 touchants,

478.34645669291336 741.7322834645669 277.5590551181102 54.330708661417326 traités,
687.4015748031496 741.7322834645669 255.11811023622047 54.330708661417326 suivant
872.8346456692914 741.7322834645669 161.81102362204723 54.330708661417326 les
964.9606299212599 741.7322834645669 347.244094488189 54.330708661417326 convenances
1242.5196850393702 741.7322834645669 139.37007874015748 54.330708661417326 du
1312.2047244094488 741.7322834645669 231.49606299212599 54.330708661417326 sujet,
1450.3937007874015 741.7322834645669 139.37007874015748 54.330708661417326 avec

477.1653543307087 807.8740157480315 161.81102362204723 54.330708661417326 une
570.4724409448819 807.8740157480315 253.93700787401573 54.330708661417326 vigueur
754.7244094488188 807.8740157480315 323.62204724409446 54.330708661417326 magistrale
1008.6614173228346 807.8740157480315 138.18897637795277 54.330708661417326 ou
1078.3464566929133 807.8740157480315 161.81102362204723 54.330708661417326 une
1170.4724409448818 807.8740157480315 207.8740157480315 54.330708661417326 grâce
1286.2204724409448 807.8740157480315 300.0 54.330708661417326 ravissante.

524.4094488188977 872.8346456692914 201.96850393700788 66.14173228346456 Les
638.9763779527559 872.8346456692914 375.59055118110234 66.14173228346456 paysannes
928.3464566929134 872.8346456692914 173.6220472440945 66.14173228346456 de
1014.5669291338583 872.8346456692914 317.7165354330709 66.14173228346456 Courbet
1216.5354330708662 872.8346456692914 375.59055118110234 66.14173228346456 soulevèrent

474.8031496062992 949.6062992125984 154.7244094488189 55.511811023622045 la
552.7559055118111 949.6062992125984 206.69291338582678 55.511811023622045 même
681.496062992126 949.6062992125984 336.61417322834643 55.511811023622045 répulsion
940.1574803149606 949.6062992125984 180.70866141732284 55.511811023622045 que
1044.0944881889764 949.6062992125984 180.70866141732284 55.511811023622045 ses
1148.0314960629921 949.6062992125984 310.62992125984255 55.511811023622045 paysans.
1380.708661417323 949.6062992125984 180.70866141732284 55.511811023622045 Ici
1457.4803149606298 949.6062992125984 129.92125984251967 55.511811023622045 en-

477.1653543307087 1015.7480314960629 193.70078740157481 54.330708661417326 core
597.6377952755905 1015.7480314960629 145.2755905511811 54.330708661417326 on
669.6850393700787 1015.7480314960629 314.1732283464567 54.330708661417326 confondit
911.8110236220473 1015.7480314960629 265.748031496063 54.330708661417326 l’œuvre
1105.5118110236222 1015.7480314960629 217.3228346456693 54.330708661417326 d’art
1249.6062992125985 1015.7480314960629 290.5511811023622 54.330708661417326 réalisée
1443.3070866141732 1015.7480314960629 145.2755905511811 54.330708661417326 avec

474.8031496062992 1081.8897637795276 185.43307086614172 54.330708661417326 les
579.9212598425197 1081.8897637795276 398.0314960629921 54.330708661417326 personnages
898.8188976377953 1081.8897637795276 185.43307086614172 54.330708661417326 mis
1003.9370078740158 1081.8897637795276 159.4488188976378 54.330708661417326 en
1084.251968503937 1081.8897637795276 264.56692913385825 54.330708661417326 scène.
1269.6850393700788 1081.8897637795276 317.7165354330709 54.330708661417326 Personne
1481.1023622047244 1081.8897637795276 106.2992125984252 54.330708661417326 ne

480.70866141732284 1157.4803149606298 205.51181102362204 64.96062992125984 voulut
623.6220472440945 1157.4803149606298 164.17322834645668 64.96062992125984 voir
726.3779527559055 1157.4803149606298 122.83464566929133 64.96062992125984 le
787.7952755905512 1157.4803149606298 205.51181102362204 64.96062992125984 charme
931.8897637795276 1157.4803149606298 245.66929133858267 64.96062992125984 poétique
1116.1417322834645 1157.4803149606298 144.09448818897638 64.96062992125984 des
1177.5590551181103 1157.4803149606298 409.84251968503935 64.96062992125984 Cribleuses;

481.8897637795276 1224.8031496062993 164.17322834645668 54.330708661417326 mais
583.4645669291339 1224.8031496062993 122.83464566929133 54.330708661417326 on
644.8818897637796 1224.8031496062993 142.91338582677164 54.330708661417326 eut
727.5590551181102 1224.8031496062993 164.17322834645668 54.330708661417326 vite
829.1338582677165 1224.8031496062993 164.17322834645668 54.330708661417326 taxé
931.8897637795276 1224.8031496062993 122.83464566929133 54.330708661417326 la
993.3070866141733 1224.8031496062993 368.503937007874 54.330708661417326 Fileuse
1300.3937007874015 1224.8031496062993 122.83464566929133 54.330708661417326 de
1340.5511811023623 1224.8031496062993 245.66929133858267 54.330708661417326 Marguerite

479.5275590551181 1290.9448818897638 291.73228346456693 54.330708661417326 d’auberge.
709.8425196850394 1290.9448818897638 125.19685039370079 54.330708661417326 La
772.4409448818898 1290.9448818897638 416.92913385826773 54.330708661417326 Baigneuse
1126.7716535433071 1290.9448818897638 229.13385826771653 54.330708661417326 surtout
1293.3070866141732 1290.9448818897638 271.65354330708664 54.330708661417326 surexcita
1481.1023622047244 1290.9448818897638 103.93700787401575 54.330708661417326 les

461.81102362204723 1365.3543307086613 317.7165354330709 54.330708661417326 cervelles
706.2992125984252 1365.3543307086613 146.45669291338584 54.330708661417326 et
779.5275590551181 1365.3543307086613 171.25984251968504 54.330708661417326 fit
877.5590551181102 1365.3543307086613 269.29133858267716 54.330708661417326 marcher
1073.6220472440946 1365.3543307086613 171.25984251968504 54.330708661417326 les
1170.4724409448818 1365.3543307086613 269.29133858267716 54.330708661417326 plumes.
1366.5354330708662 1365.3543307086613 146.45669291338584 54.330708661417326 On
1414.9606299212599 1365.3543307086613 171.25984251968504 54.330708661417326 était

474.8031496062992 1439.763779527559 351.9685039370079 56.69291338582677 accoutumé
745.2755905511812 1439.763779527559 188.9763779527559 56.69291338582677 aux
853.9370078740158 1439.763779527559 297.6377952755906 56.69291338582677 nymphes
1070.0787401574803 1439.763779527559 487.79527559055117 56.69291338582677 mythologiques,
1449.2125984251968 1439.763779527559 135.82677165354332 56.69291338582677 aux

475.98425196850394 1497.6377952755906 368.503937007874 64.96062992125984 personnages
771.2598425196851 1497.6377952755906 147.63779527559055 64.96062992125984 de
844.488188976378 1497.6377952755906 368.503937007874 64.96062992125984 convention;
1138.5826771653544 1497.6377952755906 196.06299212598427 64.96062992125984 voir
1261.4173228346456 1497.6377952755906 196.06299212598427 64.96062992125984 tout
1384.251968503937 1497.6377952755906 122.83464566929133 64.96062992125984 à
1409.0551181102362 1497.6377952755906 171.25984251968504 64.96062992125984 coup,

472.4409448818898 1563.7795275590552 190.15748031496062 63.77952755905512 sur
581.1023622047244 1563.7795275590552 297.6377952755906 63.77952755905512 l’herbe
797.2440944881889 1563.7795275590552 244.48818897637796 63.77952755905512 drue,
960.2362204724409 1563.7795275590552 190.15748031496062 63.77952755905512 une
1068.8976377952756 1563.7795275590552 297.6377952755906 63.77952755905512 matrone
1286.2204724409448 1563.7795275590552 297.6377952755906 63.77952755905512 robuste
1475.1968503937007 1563.7795275590552 108.66141732283465 63.77952755905512 et

472.4409448818898 1639.3700787401574 284.6456692913386 64.96062992125984 pourvue
679.1338582677165 1639.3700787401574 154.7244094488189 64.96062992125984 de
757.0866141732283 1639.3700787401574 258.66141732283467 64.96062992125984 larges
937.7952755905512 1639.3700787401574 491.33858267716533 64.96062992125984 développements,
1351.1811023622047 1639.3700787401574 206.69291338582678 64.96062992125984 cela
1455.1181102362204 1639.3700787401574 128.74015748031496 64.96062992125984 fit

474.8031496062992 1716.1417322834645 283.46456692913387 44.881889763779526 pousser
681.496062992126 1716.1417322834645 154.7244094488189 44.881889763779526 de
758.2677165354331 1716.1417322834645 231.49606299212599 44.881889763779526 hauts
912.992125984252 1716.1417322834645 231.49606299212599 44.881889763779526 cris.
1066.5354330708662 1716.1417322834645 154.7244094488189 44.881889763779526 On
1144.4881889763778 1716.1417322834645 257.4803149606299 44.881889763779526 accusa
1298.0314960629921 1716.1417322834645 283.46456692913387 44.881889763779526 l’artiste

472.4409448818898 1771.6535433070867 265.748031496063 54.330708661417326 d’aimer
664.9606299212599 1771.6535433070867 145.2755905511811 54.330708661417326 la
737.007874015748 1771.6535433070867 337.79527559055117 54.330708661417326 trivialité
1002.7559055118111 1771.6535433070867 145.2755905511811 54.330708661417326 et
1074.8031496062993 1771.6535433070867 145.2755905511811 54.330708661417326 de
1146.8503937007874 1771.6535433070867 145.2755905511811 54.330708661417326 la
1220.0787401574803 1771.6535433070867 337.79527559055117 54.330708661417326 rechercher
1461.023622047244 1771.6535433070867 120.4724409448819 54.330708661417326 par

468.8976377952756 1836.6141732283465 243.30708661417322 75.59055118110236 goût.
631.8897637795276 1836.6141732283465 379.13385826771656 75.59055118110236 Seulement,
928.3464566929134 1836.6141732283465 243.30708661417322 75.59055118110236 comme
1091.3385826771653 1836.6141732283465 161.81102362204723 75.59055118110236 la
1172.8346456692914 1836.6141732283465 297.6377952755906 75.59055118110236 terreur
1388.976377952756 1836.6141732283465 161.81102362204723 75.59055118110236 du
1443.3070866141732 1836.6141732283465 135.82677165354332 75.59055118110236 so-

472.4409448818898 1922.8346456692914 276.37795275590554 54.330708661417326 cialisme
680.3149606299213 1922.8346456692914 207.8740157480315 54.330708661417326 était
818.503937007874 1922.8346456692914 253.93700787401573 54.330708661417326 passée,
1002.7559055118111 1922.8346456692914 207.8740157480315 54.330708661417326 qu’on
1140.9448818897638 1922.8346456692914 392.12598425196853 54.330708661417326 n’entrevoyait
1440.9448818897638 1922.8346456692914 138.18897637795277 54.330708661417326 plus

468.8976377952756 1977.1653543307086 154.7244094488189 76.77165354330708 de
546.8503937007874 1977.1653543307086 283.46456692913387 76.77165354330708 spectre
753.5433070866142 1977.1653543307086 232.6771653543307 76.77165354330708 rouge
908.2677165354331 1977.1653543307086 128.74015748031496 76.77165354330708 à
959.0551181102362 1977.1653543307086 361.4173228346457 76.77165354330708 l’horizon,
1243.7007874015749 1977.1653543307086 232.6771653543307 76.77165354330708 qu’au
1372.4409448818897 1977.1653543307086 206.69291338582678 76.77165354330708 résumé

470.0787401574803 2044.4881889763778 161.81102362204723 64.96062992125984 les
563.3858267716536 2044.4881889763778 322.4409448818898 64.96062992125984 pastorales
816.1417322834645 2044.4881889763778 138.18897637795277 64.96062992125984 du
885.8267716535433 2044.4881889763778 253.93700787401573 64.96062992125984 peintre
1070.0787401574803 2044.4881889763778 253.93700787401573 64.96062992125984 étaient
1255.5118110236222 2044.4881889763778 184.251968503937 64.96062992125984 fort
1347.6377952755906 2044.4881889763778 230.31496062992127 64.96062992125984 inoffen-

471.25984251968504 2128.3464566929133 225.59055118110237 57.874015748031496 sives,
629.5275590551181 2128.3464566929133 135.82677165354332 57.874015748031496 on
696.8503937007874 2128.3464566929133 158.26771653543307 57.874015748031496 eut
786.6141732283464 2128.3464566929133 248.03149606299212 57.874015748031496 quelque
967.3228346456693 2128.3464566929133 203.1496062992126 57.874015748031496 égard
1101.9685039370079 2128.3464566929133 180.70866141732284 57.874015748031496 pour
1215.3543307086613 2128.3464566929133 135.82677165354332 57.874015748031496 sa
1282.6771653543308 2128.3464566929133 225.59055118110237 57.874015748031496 folie,
1440.9448818897638 2128.3464566929133 135.82677165354332 57.874015748031496 et
1485.8267716535433 2128.3464566929133 89.76377952755905 57.874015748031496 on

473.62204724409446 2194.488188976378 275.1968503937008 48.425196850393704 remplaça
679.1338582677165 2194.488188976378 275.1968503937008 48.425196850393704 l’injure
885.8267716535433 2194.488188976378 160.62992125984252 48.425196850393704 par
977.9527559055118 2194.488188976378 138.18897637795277 48.425196850393704 le
1046.4566929133857 2194.488188976378 206.69291338582678 48.425196850393704 rire:
1184.6456692913387 2194.488188976378 160.62992125984252 48.425196850393704 aux
1253.1496062992126 2194.488188976378 321.25984251968504 48.425196850393704 imprécations

467.7165354330709 2253.5433070866143 368.503937007874 56.69291338582677 succédèrent
762.992125984252 2253.5433070866143 172.44094488188978 56.69291338582677 les
861.0236220472441 2253.5433070866143 343.7007874015748 56.69291338582677 quolibets,
1131.4960629921259 2253.5433070866143 172.44094488188978 56.69291338582677 les
1230.708661417323 2253.5433070866143 320.0787401574803 56.69291338582677 chansons,
1451.5748031496064 2253.5433070866143 122.83464566929133 56.69291338582677 les

447.6377952755906 2320.8661417322833 316.53543307086613 73.22834645669292 caricatures.
