1749 2481
794 440 121 33 —
842 440 145 33 15
891 440 73 33 —

406 516 157 47 tant
504 516 274 47 d’épisodes
720 516 117 47 de
778 516 117 47 la
837 516 137 47 vie
915 516 254 47 rustiqué,
1111 516 157 47 tour
1209 516 98 47 à
1229 516 117 47 tour

374 566 202 61 active
515 566 121 61 et
576 566 243 61 reposée,
758 566 243 61 épisodes
940 566 243 61 simples,
1102 566 243 61 touchants,

405 628 235 46 traités,
582 628 216 46 suivant
739 628 137 46 les
817 628 294 46 convenances
1052 628 118 46 du
1111 628 196 46 sujet,
1228 628 118 46 avec

404 684 137 46 une
483 684 215 46 vigueur
639 684 274 46 magistrale
854 684 117 46 ou
913 684 137 46 une
991 684 176 46 grâce
1089 684 254 46 ravissante.

444 739 171 56 Les
541 739 318 56 paysannes
786 739 147 56 de
859 739 269 56 Courbet
1030 739 318 56 soulevèrent

402 804 131 47 la
468 804 175 47 même
577 804 285 47 répulsion
796 804 153 47 que
884 804 153 47 ses
972 804 263 47 paysans.
1169 804 153 47 Ici
1234 804 110 47 en-

404 860 164 46 core
506 860 123 46 on
567 860 266 46 confondit
772 860 225 46 l’œuvre
936 860 184 46 d’art
1058 860 246 46 réalisée
1222 860 123 46 avec

402 916 157 46 les
491 916 337 46 personnages
761 916 157 46 mis
850 916 135 46 en
918 916 224 46 scène.
1075 916 269 46 Personne
1254 916 90 46 ne

407 980 174 55 voulut
528 980 139 55 voir
615 980 104 55 le
667 980 174 55 charme
789 980 208 55 poétique
945 980 122 55 des
997 980 347 55 <i>Cribleuses;</i>

408 1037 139 46 mais
494 1037 104 46 on
546 1037 121 46 eut
616 1037 139 46 vite
702 1037 139 46 taxé
789 1037 104 46 la
841 1037 312 46 <i>Fileuse</i>
1101 1037 104 46 de
1135 1037 208 46 Marguerite

406 1093 247 46 d’auberge.
601 1093 106 46 La
654 1093 353 46 <i>Baigneuse</i>
954 1093 194 46 surtout
1095 1093 230 46 surexcita
1254 1093 88 46 les

391 1156 269 46 cervelles
598 1156 124 46 et
660 1156 145 46 fit
743 1156 228 46 marcher
909 1156 145 46 les
991 1156 228 46 plumes.
1157 1156 124 46 On
1198 1156 145 46 était

402 1219 298 48 accoutumé
631 1219 160 48 aux
723 1219 252 48 nymphes
906 1219 413 48 mythologiques,
1227 1219 115 48 aux

403 1268 312 55 personnages
653 1268 125 55 de
715 1268 312 55 convention;
964 1268 166 55 voir
1068 1268 166 55 tout
1172 1268 104 55 à
1193 1268 145 55 coup,

400 1324 161 54 sur
492 1324 252 54 l’herbe
675 1324 207 54 drue,
813 1324 161 54 une
905 1324 252 54 matrone
1089 1324 252 54 robuste
1249 1324 92 54 et

400 1388 241 55 pourvue
575 1388 131 55 de
641 1388 219 55 larges
794 1388 416 55 développements,
1144 1388 175 55 cela
1232 1388 109 55 fit

402 1453 240 38 pousser
577 1453 131 38 de
642 1453 196 38 hauts
773 1453 196 38 cris.
903 1453 131 38 On
969 1453 218 38 accusa
1099 1453 240 38 l’artiste

400 1500 225 46 d’aimer
563 1500 123 46 la
624 1500 286 46 trivialité
849 1500 123 46 et
910 1500 123 46 de
971 1500 123 46 la
1033 1500 286 46 rechercher
1237 1500 102 46 par

397 1555 206 64 goût.
535 1555 321 64 Seulement,
786 1555 206 64 comme
924 1555 137 64 la
993 1555 252 64 terreur
1176 1555 137 64 du
1222 1555 115 64 so-

400 1628 234 46 cialisme
576 1628 176 46 était
693 1628 215 46 passée,
849 1628 176 46 qu’on
966 1628 332 46 n’entrevoyait
1220 1628 117 46 plus

397 1674 131 65 de
463 1674 240 65 spectre
638 1674 197 65 rouge
769 1674 109 65 à
812 1674 306 65 l’horizon,
1053 1674 197 65 qu’au
1162 1674 175 65 résumé

398 1731 137 55 les
477 1731 273 55 pastorales
691 1731 117 55 du
750 1731 215 55 peintre
906 1731 215 55 étaient
1063 1731 156 55 fort
1141 1731 195 55 inoffen-

399 1802 191 49 sives,
533 1802 115 49 on
590 1802 134 49 eut
666 1802 210 49 quelque
819 1802 172 49 égard
933 1802 153 49 pour
1029 1802 115 49 sa
1086 1802 191 49 folie,
1220 1802 115 49 et
1258 1802 76 49 on

401 1858 233 41 remplaça
575 1858 233 41 l’injure
750 1858 136 41 par
828 1858 117 41 le
886 1858 175 41 rire:
1003 1858 136 41 aux
1061 1858 272 41 imprécations

396 1908 312 48 succédèrent
646 1908 146 48 les
729 1908 291 48 quolibets,
958 1908 146 48 les
1042 1908 271 48 chansons,
1229 1908 104 48 les

379 1965 268 62 caricatures.
