2065.748031496063 2930.314960629921
902.3622047244095 477.1653543307087 119.29133858267717 55.511811023622045 —
949.6062992125984 477.1653543307087 167.71653543307087 55.511811023622045 16.
1021.6535433070866 477.1653543307087 72.04724409448819 55.511811023622045 —

883.4645669291339 574.0157480314961 152.36220472440945 62.59842519685039 V

496.06299212598424 675.5905511811023 175.98425196850394 64.96062992125984 Avec
607.0866141732283 675.5905511811023 154.7244094488189 64.96062992125984 des
694.488188976378 675.5905511811023 242.1259842519685 64.96062992125984 esprits
871.6535433070866 675.5905511811023 198.4251968503937 64.96062992125984 ainsi
1003.9370078740158 675.5905511811023 220.86614173228347 64.96062992125984 faits,
1158.6614173228347 675.5905511811023 132.28346456692913 64.96062992125984 la
1224.8031496062993 675.5905511811023 198.4251968503937 64.96062992125984 lutte
1334.6456692913387 675.5905511811023 220.86614173228347 64.96062992125984 devenait

444.09448818897636 752.3622047244095 388.5826771653543 55.511811023622045 impossible.
754.7244094488188 752.3622047244095 129.92125984251967 55.511811023622045 A
806.6929133858267 752.3622047244095 206.69291338582678 55.511811023622045 quoi
936.6141732283464 752.3622047244095 181.88976377952756 55.511811023622045 bon
1039.3700787401574 752.3622047244095 388.5826771653543 55.511811023622045 s’acharner?
1325.1968503937007 752.3622047244095 232.6771653543307 55.511811023622045 Courbet

451.18110236220474 817.3228346456693 216.14173228346456 59.05511811023622 sentit
602.3622047244095 817.3228346456693 194.88188976377953 59.05511811023622 qu’il
731.1023622047244 817.3228346456693 107.48031496062993 59.05511811023622 y
774.8031496062993 817.3228346456693 237.4015748031496 59.05511811023622 userait
947.2440944881889 817.3228346456693 151.1811023622047 59.05511811023622 son
1033.4645669291338 817.3228346456693 237.4015748031496 59.05511811023622 énergie
1207.0866141732283 817.3228346456693 129.92125984251967 59.05511811023622 et
1270.8661417322835 817.3228346456693 129.92125984251967 59.05511811023622 sa
1314.5669291338584 817.3228346456693 237.4015748031496 59.05511811023622 jeunesse.

450.0 883.4645669291339 154.7244094488189 62.59842519685039 Il
527.9527559055118 883.4645669291339 231.49606299212599 62.59842519685039 jugea
681.496062992126 883.4645669291339 231.49606299212599 62.59842519685039 qu’en
836.2204724409448 883.4645669291339 231.49606299212599 62.59842519685039 somme
990.9448818897638 883.4645669291339 154.7244094488189 62.59842519685039 il
1067.716535433071 883.4645669291339 257.4803149606299 62.59842519685039 valait
1248.4251968503936 883.4645669291339 231.49606299212599 62.59842519685039 mieux
1377.1653543307086 883.4645669291339 180.70866141732284 62.59842519685039 cher-

451.18110236220474 948.4251968503937 187.79527559055117 74.40944881889764 cher
569.2913385826772 948.4251968503937 187.79527559055117 74.40944881889764 dans
686.2204724409448 948.4251968503937 165.35433070866142 74.40944881889764 une
780.7086614173228 948.4251968503937 211.41732283464566 74.40944881889764 autre
922.4409448818898 948.4251968503937 329.5275590551181 74.40944881889764 direction:
1181.1023622047244 948.4251968503937 187.79527559055117 74.40944881889764 sans
1299.2125984251968 948.4251968503937 187.79527559055117 74.40944881889764 rien
1392.5196850393702 948.4251968503937 165.35433070866142 74.40944881889764 aban-

451.18110236220474 1025.1968503937007 251.5748031496063 55.511811023622045 donner
627.1653543307086 1025.1968503937007 151.1811023622047 55.511811023622045 de
702.7559055118111 1025.1968503937007 175.98425196850394 55.511811023622045 ses
803.1496062992126 1025.1968503937007 251.5748031496063 55.511811023622045 idées,
980.3149606299213 1025.1968503937007 151.1811023622047 55.511811023622045 il
1054.724409448819 1025.1968503937007 302.3622047244094 55.511811023622045 pourrait
1281.4960629921259 1025.1968503937007 251.5748031496063 55.511811023622045 éviter
1432.6771653543308 1025.1968503937007 126.37795275590551 55.511811023622045 les

451.18110236220474 1091.3385826771653 370.86614173228344 74.40944881889764 froissements
752.3622047244095 1091.3385826771653 139.37007874015748 74.40944881889764 et
822.0472440944882 1091.3385826771653 255.11811023622047 74.40944881889764 laisser
1007.4803149606299 1091.3385826771653 185.43307086614172 74.40944881889764 agir
1123.2283464566929 1091.3385826771653 139.37007874015748 74.40944881889764 le
1191.732283464567 1091.3385826771653 231.49606299212599 74.40944881889764 temps,
1354.724409448819 1091.3385826771653 139.37007874015748 74.40944881889764 ce
1400.7874015748032 1091.3385826771653 161.81102362204723 74.40944881889764 grand

439.37007874015745 1166.9291338582677 340.15748031496065 55.511811023622045 conciliateur.

509.0551181102362 1233.0708661417323 395.6692913385827 63.77952755905512 Auparavant,
825.5905511811023 1233.0708661417323 158.26771653543307 63.77952755905512 il
904.7244094488188 1233.0708661417323 264.56692913385825 63.77952755905512 voulut
1090.1574803149606 1233.0708661417323 316.53543307086613 63.77952755905512 résumer,
1327.5590551181103 1233.0708661417323 211.41732283464566 63.77952755905512 dans
1432.6771653543308 1233.0708661417323 132.28346456692913 63.77952755905512 une

458.26771653543307 1316.9291338582677 243.30708661417322 50.78740157480315 œuvre
620.0787401574803 1316.9291338582677 377.9527559055118 50.78740157480315 mémorable,
917.7165354330708 1316.9291338582677 188.9763779527559 50.78740157480315 les
1026.3779527559054 1316.9291338582677 216.14173228346456 50.78740157480315 sept
1161.023622047244 1316.9291338582677 270.4724409448819 50.78740157480315 années
1350.0 1316.9291338582677 188.9763779527559 50.78740157480315 qui
1431.4960629921259 1316.9291338582677 134.64566929133858 50.78740157480315 ve-

466.53543307086613 1383.0708661417323 204.33070866141733 50.78740157480315 naient
609.4488188976378 1383.0708661417323 122.83464566929133 50.78740157480315 de
670.8661417322835 1383.0708661417323 265.748031496063 50.78740157480315 s’écouler
874.0157480314961 1383.0708661417323 162.99212598425197 50.78740157480315 pour
976.7716535433071 1383.0708661417323 162.99212598425197 50.78740157480315 lui.
1078.3464566929133 1383.0708661417323 122.83464566929133 50.78740157480315 Il
1139.763779527559 1383.0708661417323 142.91338582677164 50.78740157480315 fit
1201.1811023622047 1383.0708661417323 367.3228346456693 50.78740157480315 l'Atelier

462.99212598425197 1448.0314960629921 258.66141732283467 59.05511811023622 (1855),
651.9685039370079 1448.0314960629921 141.73228346456693 59.05511811023622 le
721.6535433070866 1448.0314960629921 187.79527559055117 59.05511811023622 plus
839.7637795275591 1448.0314960629921 305.90551181102364 59.05511811023622 singulier
1074.8031496062993 1448.0314960629921 165.35433070866142 59.05511811023622 par
1169.291338582677 1448.0314960629921 141.73228346456693 59.05511811023622 la
1240.1574803149606 1448.0314960629921 258.66141732283467 59.05511811023622 pensée,
1404.3307086614172 1448.0314960629921 165.35433070866142 59.05511811023622 comme

466.53543307086613 1507.0866141732283 151.1811023622047 68.50393700787401 le
542.1259842519685 1507.0866141732283 200.78740157480314 68.50393700787401 plus
667.3228346456693 1507.0866141732283 301.18110236220474 68.50393700787401 étonnant
892.9133858267717 1507.0866141732283 175.98425196850394 68.50393700787401 par
993.3070866141733 1507.0866141732283 151.1811023622047 68.50393700787401 la
1068.8976377952756 1507.0866141732283 276.37795275590554 68.50393700787401 facture
1269.6850393700788 1507.0866141732283 151.1811023622047 68.50393700787401 de
1345.275590551181 1507.0866141732283 200.78740157480314 68.50393700787401 tous
1445.6692913385828 1507.0866141732283 125.19685039370079 68.50393700787401 les

468.8976377952756 1573.2283464566929 269.29133858267716 73.22834645669292 tableaux
670.8661417322835 1573.2283464566929 201.96850393700788 73.22834645669292 qu’il
805.511811023622 1573.2283464566929 112.20472440944881 73.22834645669292 a
850.3937007874016 1573.2283464566929 291.73228346456693 73.22834645669292 exécutés.
1075.984251968504 1573.2283464566929 134.64566929133858 73.22834645669292 Il
1143.3070866141732 1573.2283464566929 157.08661417322836 73.22834645669292 s’y
1233.0708661417323 1573.2283464566929 157.08661417322836 73.22834645669292 est
1300.3937007874015 1573.2283464566929 269.29133858267716 73.22834645669292 représenté

468.8976377952756 1640.5511811023623 318.8976377952756 63.77952755905512 lui-même,
714.5669291338583 1640.5511811023623 147.63779527559055 63.77952755905512 au
787.7952755905512 1640.5511811023623 245.66929133858267 63.77952755905512 centre
959.0551181102362 1640.5511811023623 147.63779527559055 63.77952755905512 de
1033.4645669291338 1640.5511811023623 147.63779527559055 63.77952755905512 la
1106.6929133858268 1640.5511811023623 245.66929133858267 63.77952755905512 toile,
1277.9527559055118 1640.5511811023623 294.09448818897636 63.77952755905512 peignant
1474.015748031496 1640.5511811023623 98.03149606299213 63.77952755905512 un

470.0787401574803 1725.5905511811025 270.4724409448819 61.41732283464567 paysage
666.1417322834645 1725.5905511811025 147.63779527559055 61.41732283464567 de
740.5511811023622 1725.5905511811025 441.73228346456693 61.41732283464567 Franche-Comté,
1107.8740157480315 1725.5905511811025 270.4724409448819 61.41732283464567 entouré
1305.1181102362204 1725.5905511811025 270.4724409448819 61.41732283464567 d’amis,
1476.3779527559054 1725.5905511811025 98.03149606299213 61.41732283464567 de

475.98425196850394 1789.3700787401574 291.73228346456693 64.96062992125984 visiteurs
700.3937007874016 1789.3700787401574 134.64566929133858 64.96062992125984 et
767.7165354330708 1789.3700787401574 134.64566929133858 64.96062992125984 de
835.0393700787401 1789.3700787401574 269.29133858267716 64.96062992125984 modèles.
1037.007874015748 1789.3700787401574 201.96850393700788 64.96062992125984 C’est
1171.6535433070867 1789.3700787401574 134.64566929133858 64.96062992125984 sa
1238.976377952756 1789.3700787401574 157.08661417322836 64.96062992125984 vie
1306.2992125984251 1789.3700787401574 269.29133858267716 64.96062992125984 artistique

470.0787401574803 1864.9606299212599 377.9527559055118 68.50393700787401 rassemblée
767.7165354330708 1864.9606299212599 161.81102362204723 68.50393700787401 en
848.0314960629921 1864.9606299212599 188.9763779527559 68.50393700787401 une
955.511811023622 1864.9606299212599 216.14173228346456 68.50393700787401 page
1091.3385826771653 1864.9606299212599 216.14173228346456 68.50393700787401 avec
1225.984251968504 1864.9606299212599 188.9763779527559 68.50393700787401 une
1307.4803149606298 1864.9606299212599 270.4724409448819 68.50393700787401 échappée

464.1732283464567 1937.007874015748 181.88976377952756 40.15748031496063 sur
568.1102362204724 1937.007874015748 181.88976377952756 40.15748031496063 les
672.0472440944882 1937.007874015748 414.56692913385825 40.15748031496063 personnages,
1008.6614173228346 1937.007874015748 181.88976377952756 40.15748031496063 les
1111.4173228346456 1937.007874015748 232.6771653543307 40.15748031496063 mœurs
1267.3228346456692 1937.007874015748 155.90551181102362 40.15748031496063 et
1345.275590551181 1937.007874015748 181.88976377952756 40.15748031496063 les
1422.0472440944882 1937.007874015748 155.90551181102362 40.15748031496063 cos-

475.98425196850394 1997.244094488189 225.59055118110237 66.14173228346456 tumes
625.9842519685039 1997.244094488189 151.1811023622047 66.14173228346456 de
701.5748031496063 1997.244094488189 325.98425196850394 66.14173228346456 l’époque.
953.1496062992126 1997.244094488189 251.5748031496063 66.14173228346456 Quelle
1127.9527559055118 1997.244094488189 251.5748031496063 66.14173228346456 valeur
1303.9370078740158 1997.244094488189 251.5748031496063 66.14173228346456 n’aura
1455.1181102362204 1997.244094488189 125.19685039370079 66.14173228346456 pas

479.5275590551181 2074.015748031496 216.14173228346456 72.04724409448819 cette
623.6220472440945 2074.015748031496 216.14173228346456 72.04724409448819 toile
766.5354330708661 2074.015748031496 191.33858267716536 72.04724409448819 dans
887.007874015748 2074.015748031496 144.09448818897638 72.04724409448819 un
959.0551181102362 2074.015748031496 263.38582677165357 72.04724409448819 siècle?
1150.3937007874015 2074.015748031496 144.09448818897638 72.04724409448819 Si
1222.4409448818897 2074.015748031496 191.33858267716536 72.04724409448819 l’on
1319.291338582677 2074.015748031496 263.38582677165357 72.04724409448819 possédait

483.07086614173227 2131.8897637795276 160.62992125984252 55.511811023622045 des
574.0157480314961 2131.8897637795276 229.13385826771653 55.511811023622045 images
734.6456692913385 2131.8897637795276 206.69291338582678 55.511811023622045 ainsi
871.6535433070866 2131.8897637795276 297.6377952755906 55.511811023622045 parlantes
1101.9685039370079 2131.8897637795276 160.62992125984252 55.511811023622045 sur
1192.9133858267717 2131.8897637795276 160.62992125984252 55.511811023622045 les
1285.0393700787401 2131.8897637795276 275.1968503937008 55.511811023622045 ateliers
1468.1102362204724 2131.8897637795276 114.56692913385827 55.511811023622045 des

483.07086614173227 2198.031496062992 257.4803149606299 62.59842519685039 maîtres
669.6850393700787 2198.031496062992 374.40944881889766 62.59842519685039 d’autrefois,
974.4094488188977 2198.031496062992 327.1653543307087 62.59842519685039 Velasquez,
1230.708661417323 2198.031496062992 140.5511811023622 62.59842519685039 le
1301.5748031496064 2198.031496062992 257.4803149606299 62.59842519685039 Titien,
1464.5669291338584 2198.031496062992 116.92913385826772 62.59842519685039 Ra-

480.70866141732284 2284.251968503937 251.5748031496063 57.874015748031496 phaël,
656.6929133858267 2284.251968503937 151.1811023622047 57.874015748031496 de
732.2834645669292 2284.251968503937 251.5748031496063 57.874015748031496 quelle
907.0866141732283 2284.251968503937 401.5748031496063 57.874015748031496 respectueuse
1234.251968503937 2284.251968503937 351.9685039370079 57.874015748031496 admiration
1485.8267716535433 2284.251968503937 100.39370078740157 57.874015748031496 ne

487.79527559055117 2339.763779527559 158.26771653543307 73.22834645669292 les
577.5590551181102 2339.763779527559 406.2992125984252 73.22834645669292 entourerait-on
894.0944881889764 2339.763779527559 135.82677165354332 73.22834645669292 pas.
