1749 2481
764 404 101 47 —
804 404 142 47 16.
865 404 61 47 —

748 486 129 53 V

420 572 149 55 Avec
514 572 131 55 des
588 572 205 55 esprits
738 572 168 55 ainsi
850 572 187 55 faits,
981 572 112 55 la
1037 572 168 55 lutte
1130 572 187 55 devenait

376 637 329 47 impossible.
639 637 110 47 A
683 637 175 47 quoi
793 637 154 47 bon
880 637 329 47 s’acharner?
1122 637 197 47 Courbet

382 692 183 50 sentit
510 692 165 50 qu’il
619 692 91 50 y
656 692 201 50 userait
802 692 128 50 son
875 692 201 50 énergie
1022 692 110 50 et
1076 692 110 50 sa
1113 692 201 50 jeunesse.

381 748 131 53 Il
447 748 196 53 jugea
577 748 196 53 qu’en
708 748 196 53 somme
839 748 131 53 il
904 748 218 53 valait
1057 748 196 53 mieux
1166 748 153 53 cher-

382 803 159 63 cher
482 803 159 63 dans
581 803 140 63 une
661 803 179 63 autre
781 803 279 63 direction:
1000 803 159 63 sans
1100 803 159 63 rien
1179 803 140 63 aban-

382 868 213 47 donner
531 868 128 47 de
595 868 149 47 ses
680 868 213 47 idées,
830 868 128 47 il
893 868 256 47 pourrait
1085 868 213 47 éviter
1213 868 107 47 les

382 924 314 63 froissements
637 924 118 63 et
696 924 216 63 laisser
853 924 157 63 agir
951 924 118 63 le
1009 924 196 63 temps,
1147 924 118 63 ce
1186 924 137 63 grand

372 988 288 47 conciliateur.

431 1044 335 54 Auparavant,
699 1044 134 54 il
766 1044 224 54 voulut
923 1044 268 54 résumer,
1124 1044 179 54 dans
1213 1044 112 54 une

388 1115 206 43 œuvre
525 1115 320 43 mémorable,
777 1115 160 43 les
869 1115 183 43 sept
983 1115 229 43 années
1143 1115 160 43 qui
1212 1115 114 43 ve-

395 1171 173 43 naient
516 1171 104 43 de
568 1171 225 43 s’écouler
740 1171 138 43 pour
827 1171 138 43 lui.
913 1171 104 43 Il
965 1171 121 43 fit
1017 1171 311 43 l'<i>Atelier</i>

392 1226 219 50 (1855),
552 1226 120 50 le
611 1226 159 50 plus
711 1226 259 50 singulier
910 1226 140 50 par
990 1226 120 50 la
1050 1226 219 50 pensée,
1189 1226 140 50 comme

395 1276 128 58 le
459 1276 170 58 plus
565 1276 255 58 étonnant
756 1276 149 58 par
841 1276 128 58 la
905 1276 234 58 facture
1075 1276 128 58 de
1139 1276 170 58 tous
1224 1276 106 58 les

397 1332 228 62 tableaux
568 1332 171 62 qu’il
682 1332 95 62 a
720 1332 247 62 exécutés.
911 1332 114 62 Il
968 1332 133 62 s’y
1044 1332 133 62 est
1101 1332 228 62 représenté

397 1389 270 54 lui-même,
605 1389 125 54 au
667 1389 208 54 centre
812 1389 125 54 de
875 1389 125 54 la
937 1389 208 54 toile,
1082 1389 249 54 peignant
1248 1389 83 54 un

398 1461 229 52 paysage
564 1461 125 52 de
627 1461 374 52 Franche-Comté,
938 1461 229 52 entouré
1105 1461 229 52 d’amis,
1250 1461 83 52 de

403 1515 247 55 visiteurs
593 1515 114 55 et
650 1515 114 55 de
707 1515 228 55 modèles.
878 1515 171 55 C’est
992 1515 114 55 sa
1049 1515 133 55 vie
1106 1515 228 55 artistique

398 1579 320 58 rassemblée
650 1579 137 58 en
718 1579 160 58 une
809 1579 183 58 page
924 1579 183 58 avec
1038 1579 160 58 une
1107 1579 229 58 échappée

393 1640 154 34 sur
481 1640 154 34 les
569 1640 351 34 personnages,
854 1640 154 34 les
941 1640 197 34 mœurs
1073 1640 132 34 et
1139 1640 154 34 les
1204 1640 132 34 cos-

403 1691 191 56 tumes
530 1691 128 56 de
594 1691 276 56 l’époque.
807 1691 213 56 Quelle
955 1691 213 56 valeur
1104 1691 213 56 n’aura
1232 1691 106 56 pas

406 1756 183 61 cette
528 1756 183 61 toile
649 1756 162 61 dans
751 1756 122 61 un
812 1756 223 61 siècle?
974 1756 122 61 Si
1035 1756 162 61 l’on
1117 1756 223 61 possédait

409 1805 136 47 des
486 1805 194 47 images
622 1805 175 47 ainsi
738 1805 252 47 parlantes
933 1805 136 47 sur
1010 1805 136 47 les
1088 1805 233 47 ateliers
1243 1805 97 47 des

409 1861 218 53 maîtres
567 1861 317 53 d’autrefois,
825 1861 277 53 Velasquez,
1042 1861 119 53 le
1102 1861 218 53 Titien,
1240 1861 99 53 Ra-

407 1934 213 49 phaël,
556 1934 128 49 de
620 1934 213 49 quelle
768 1934 340 49 respectueuse
1045 1934 298 49 admiration
1258 1934 85 49 ne

413 1981 134 62 les
489 1981 344 62 entourerait-on
757 1981 115 62 pas.
