1749 2481
775 379 122 49 —
823 379 146 49 17
872 379 73 49 —

440 444 114 54 Ce
497 444 228 54 chapitre
668 444 114 54 de
725 444 114 54 sa
782 444 133 54 vie
858 444 171 54 ainsi
972 444 171 54 clos,
1086 444 114 54 il
1143 444 190 54 reprit
1257 444 76 54 sa

393 500 225 70 palette
556 500 123 70 et
617 500 123 70 se
678 500 143 70 mit
760 500 102 70 à
801 500 306 70 reproduire,
1046 500 123 70 au
1107 500 204 70 hasard
1230 500 102 70 des

392 564 250 63 voyages,
580 564 271 63 paysages,
789 564 250 63 marines,
976 564 230 63 fleurs,
1122 564 209 63 animaux,

393 636 281 47 portraits,
613 636 200 47 scènes
754 636 120 47 de
814 636 220 47 chasse,
974 636 160 47 tous
1074 636 140 47 les
1135 636 200 47 tableaux

392 684 150 51 qui
477 684 278 51 tombaient
691 684 171 51 dans
798 684 214 51 l’orbe
948 684 128 51 de
1012 684 150 51 son
1098 684 235 51 regard,
1247 684 86 51 le

393 741 156 54 plus
491 741 176 54 clair
608 741 117 54 et
667 741 117 54 le
726 741 176 54 mieux
843 741 234 54 organisé
1018 741 137 54 qui
1097 741 137 54 fut
1155 741 176 54 jamais.

441 796 162 53 Sans
542 796 162 53 fuir
644 796 304 53 précisément
887 796 304 53 l’humanité,
1130 796 122 53 il
1171 796 162 53 consi-

393 861 157 46 déra
491 861 255 46 davantage
688 861 118 46 le
746 861 157 46 ciel
845 861 118 46 et
903 861 118 46 la
962 861 157 46 mer,
1060 861 118 46 la
1119 861 216 46 verdure
1257 861 78 46 et

397 916 115 46 la
454 916 191 46 neige,
588 916 134 46 les
665 916 210 46 animaux
818 916 115 46 et
875 916 134 46 les
952 916 210 46 fleurs.
1105 916 115 46 Il
1162 916 134 46 les
1219 916 115 46 aima

396 972 163 54 d’un
498 972 265 54 sentiment
701 972 408 54 particulièrement
1048 972 224 54 tendre.
1190 972 143 54 Avide

394 1037 125 45 de
457 1037 166 45 voir
561 1037 125 45 et
623 1037 125 45 de
685 1037 250 45 pénétrer
873 1037 125 45 le
935 1037 187 45 monde
1060 1037 208 45 ouvert
1205 1037 104 45 à
1226 1037 104 45 son

393 1091 335 48 observation,
665 1091 125 48 il
728 1091 146 48 eut
811 1091 188 48 dans.
937 1091 146 48 ses
1020 1091 293 48 recherches
1229 1091 105 48 les

394 1149 271 46 surprises
603 1149 271 46 heureuses
811 1149 146 46 des
894 1149 229 46 anciens
1040 1149 292 46 navigateurs:

396 1204 128 55 il
460 1204 277 55 découvrit
673 1204 149 55 des
758 1204 213 55 terres
907 1204 235 55 vierges
1078 1204 128 55 où
1121 1204 213 55 personne

395 1268 215 46 n’avait
552 1268 196 46 encore
689 1268 156 46 posé
787 1268 117 46 le
845 1268 176 46 pied,
962 1268 137 46 des
1041 1268 215 46 aspects
1197 1268 117 46 et
1236 1268 98 46 des

393 1318 219 52 formes
546 1318 131 52 de
612 1318 241 52 paysage
787 1318 175 52 dont
897 1318 131 52 on
963 1318 175 52 peut
1072 1318 175 52 dire
1160 1318 175 52 qu’ils

395 1381 225 50 étaient
558 1381 245 50 inconnus
742 1381 184 50 avant
865 1381 164 50 lui.
967 1381 123 50 Il
1028 1381 204 50 gravit
1171 1381 143 50 sur
1233 1381 102 50 les

397 1437 255 62 hauteurs
588 1437 213 62 libres
737 1437 128 62 où
801 1437 149 62 les
886 1437 234 62 poumons
1056 1437 128 62 se
1099 1437 234 62 dilatent;

396 1500 117 46 il
455 1500 254 46 s’enfonça
650 1500 156 46 dans
748 1500 137 46 les
826 1500 195 46 antres
963 1500 293 46 mystérieux;
1197 1500 117 46 il
1236 1500 98 46 eut

395 1556 120 46 la
455 1556 260 46 curiosité
655 1556 140 46 des
735 1556 180 46 lieux
855 1556 260 46 innommés,
1055 1556 140 46 des
1115 1556 220 46 retraites

397 1612 259 54 ignorées.
596 1612 199 54 Chaque
736 1612 159 54 fois
835 1612 179 54 qu’il
955 1612 119 54 se
1014 1612 259 54 plongeait
1194 1612 139 54 ainsi

382 1682 124 41 au
444 1682 165 41 sein
547 1682 124 41 de
609 1682 124 41 la
671 1682 206 41 nature
815 1682 268 41 profonde,
1022 1682 124 41 il
1084 1682 186 41 était
1187 1682 144 41 comme

395 1732 134 46 un
462 1732 202 46 homme
596 1732 157 46 qui
686 1732 224 46 aurait
843 1732 269 46 traversé
1045 1732 157 46 une
1134 1732 202 46 ruche
1246 1732 90 46 et

397 1803 143 48 qui
478 1803 123 48 en
540 1803 266 48 sortirait
744 1803 225 48 couvert
908 1803 123 48 de
969 1803 184 48 miel;
1092 1803 123 48 il
1133 1803 204 48 revenait

398 1852 196 46 chargé
536 1852 118 46 de
595 1852 236 46 senteurs
771 1852 118 46 et
830 1852 118 46 de
870 1852 196 46 poésies.

442 1900 125 55 Il
505 1900 271 55 descendit
713 1900 166 55 dans
817 1900 146 55 les
900 1900 375 55 anfractuosités
1212 1900 125 55 où
1254 1900 83 55 la

397 1965 192 46 source
531 1965 154 46 naît
627 1965 134 46 des
704 1965 288 46 suintements
934 1965 115 46 du
992 1965 211 46 rocher;
1145 1965 115 46 il
1203 1965 134 46 vit
1260 1965 77 46 se

1128 2028 84 39 2
