2065.748031496063 2930.314960629921
915.3543307086615 447.6377952755906 144.09448818897638 57.874015748031496 —
972.0472440944882 447.6377952755906 172.44094488188978 57.874015748031496 17
1029.9212598425197 447.6377952755906 86.22047244094489 57.874015748031496 —

519.6850393700787 524.4094488188977 134.64566929133858 63.77952755905512 Ce
587.007874015748 524.4094488188977 269.29133858267716 63.77952755905512 chapitre
788.9763779527559 524.4094488188977 134.64566929133858 63.77952755905512 de
856.2992125984252 524.4094488188977 134.64566929133858 63.77952755905512 sa
923.6220472440945 524.4094488188977 157.08661417322836 63.77952755905512 vie
1013.3858267716536 524.4094488188977 201.96850393700788 63.77952755905512 ainsi
1148.0314960629921 524.4094488188977 201.96850393700788 63.77952755905512 clos,
1282.6771653543308 524.4094488188977 134.64566929133858 63.77952755905512 il
1350.0 524.4094488188977 224.40944881889763 63.77952755905512 reprit
1484.6456692913387 524.4094488188977 89.76377952755905 63.77952755905512 sa

464.1732283464567 590.5511811023622 265.748031496063 82.67716535433071 palette
656.6929133858267 590.5511811023622 145.2755905511811 82.67716535433071 et
728.7401574803149 590.5511811023622 145.2755905511811 82.67716535433071 se
800.7874015748032 590.5511811023622 168.89763779527559 82.67716535433071 mit
897.6377952755905 590.5511811023622 120.4724409448819 82.67716535433071 à
946.0629921259842 590.5511811023622 361.4173228346457 82.67716535433071 reproduire,
1235.4330708661416 590.5511811023622 145.2755905511811 82.67716535433071 au
1307.4803149606298 590.5511811023622 240.9448818897638 82.67716535433071 hasard
1452.755905511811 590.5511811023622 120.4724409448819 82.67716535433071 des

462.99212598425197 666.1417322834645 295.2755905511811 74.40944881889764 voyages,
685.0393700787401 666.1417322834645 320.0787401574803 74.40944881889764 paysages,
931.8897637795276 666.1417322834645 295.2755905511811 74.40944881889764 marines,
1152.755905511811 666.1417322834645 271.65354330708664 74.40944881889764 fleurs,
1325.1968503937007 666.1417322834645 246.8503937007874 74.40944881889764 animaux,

464.1732283464567 751.1811023622047 331.8897637795276 55.511811023622045 portraits,
724.0157480314961 751.1811023622047 236.2204724409449 55.511811023622045 scènes
890.5511811023622 751.1811023622047 141.73228346456693 55.511811023622045 de
961.4173228346457 751.1811023622047 259.84251968503935 55.511811023622045 chasse,
1150.3937007874015 751.1811023622047 188.9763779527559 55.511811023622045 tous
1268.5039370078741 751.1811023622047 165.35433070866142 55.511811023622045 les
1340.5511811023623 751.1811023622047 236.2204724409449 55.511811023622045 tableaux

462.99212598425197 807.8740157480315 177.16535433070865 60.23622047244095 qui
563.3858267716536 807.8740157480315 328.34645669291336 60.23622047244095 tombaient
816.1417322834645 807.8740157480315 201.96850393700788 60.23622047244095 dans
942.5196850393701 807.8740157480315 252.75590551181102 60.23622047244095 l’orbe
1119.6850393700788 807.8740157480315 151.1811023622047 60.23622047244095 de
1195.275590551181 807.8740157480315 177.16535433070865 60.23622047244095 son
1296.8503937007874 807.8740157480315 277.5590551181102 60.23622047244095 regard,
1472.8346456692914 807.8740157480315 101.5748031496063 60.23622047244095 le

464.1732283464567 875.1968503937007 184.251968503937 63.77952755905512 plus
579.9212598425197 875.1968503937007 207.8740157480315 63.77952755905512 clair
718.1102362204724 875.1968503937007 138.18897637795277 63.77952755905512 et
787.7952755905512 875.1968503937007 138.18897637795277 63.77952755905512 le
857.4803149606299 875.1968503937007 207.8740157480315 63.77952755905512 mieux
995.6692913385826 875.1968503937007 276.37795275590554 63.77952755905512 organisé
1202.3622047244094 875.1968503937007 161.81102362204723 63.77952755905512 qui
1295.6692913385828 875.1968503937007 161.81102362204723 63.77952755905512 fut
1364.1732283464567 875.1968503937007 207.8740157480315 63.77952755905512 jamais.

520.8661417322835 940.1574803149606 191.33858267716536 62.59842519685039 Sans
640.1574803149606 940.1574803149606 191.33858267716536 62.59842519685039 fuir
760.6299212598425 940.1574803149606 359.0551181102362 62.59842519685039 précisément
1047.6377952755906 940.1574803149606 359.0551181102362 62.59842519685039 l’humanité,
1334.6456692913387 940.1574803149606 144.09448818897638 62.59842519685039 il
1383.0708661417323 940.1574803149606 191.33858267716536 62.59842519685039 consi-

464.1732283464567 1016.9291338582677 185.43307086614172 54.330708661417326 déra
579.9212598425197 1016.9291338582677 301.18110236220474 54.330708661417326 davantage
812.5984251968504 1016.9291338582677 139.37007874015748 54.330708661417326 le
881.1023622047244 1016.9291338582677 185.43307086614172 54.330708661417326 ciel
998.0314960629921 1016.9291338582677 139.37007874015748 54.330708661417326 et
1066.5354330708662 1016.9291338582677 139.37007874015748 54.330708661417326 la
1136.2204724409448 1016.9291338582677 185.43307086614172 54.330708661417326 mer,
1251.9685039370079 1016.9291338582677 139.37007874015748 54.330708661417326 la
1321.6535433070867 1016.9291338582677 255.11811023622047 54.330708661417326 verdure
1484.6456692913387 1016.9291338582677 92.1259842519685 54.330708661417326 et

468.8976377952756 1081.8897637795276 135.82677165354332 54.330708661417326 la
536.2204724409448 1081.8897637795276 225.59055118110237 54.330708661417326 neige,
694.488188976378 1081.8897637795276 158.26771653543307 54.330708661417326 les
785.4330708661417 1081.8897637795276 248.03149606299212 54.330708661417326 animaux
966.1417322834645 1081.8897637795276 135.82677165354332 54.330708661417326 et
1033.4645669291338 1081.8897637795276 158.26771653543307 54.330708661417326 les
1124.4094488188975 1081.8897637795276 248.03149606299212 54.330708661417326 fleurs.
1305.1181102362204 1081.8897637795276 135.82677165354332 54.330708661417326 Il
1372.4409448818897 1081.8897637795276 158.26771653543307 54.330708661417326 les
1439.763779527559 1081.8897637795276 135.82677165354332 54.330708661417326 aima

467.7165354330709 1148.0314960629921 192.51968503937007 63.77952755905512 d’un
588.1889763779527 1148.0314960629921 312.99212598425197 63.77952755905512 sentiment
827.9527559055118 1148.0314960629921 481.8897637795276 63.77952755905512 particulièrement
1237.7952755905512 1148.0314960629921 264.56692913385825 63.77952755905512 tendre.
1405.5118110236222 1148.0314960629921 168.89763779527559 63.77952755905512 Avide

465.3543307086614 1224.8031496062993 147.63779527559055 53.1496062992126 de
539.7637795275591 1224.8031496062993 196.06299212598427 53.1496062992126 voir
662.5984251968504 1224.8031496062993 147.63779527559055 53.1496062992126 et
735.8267716535433 1224.8031496062993 147.63779527559055 53.1496062992126 de
809.0551181102362 1224.8031496062993 295.2755905511811 53.1496062992126 pénétrer
1031.1023622047244 1224.8031496062993 147.63779527559055 53.1496062992126 le
1104.3307086614172 1224.8031496062993 220.86614173228347 53.1496062992126 monde
1251.9685039370079 1224.8031496062993 245.66929133858267 53.1496062992126 ouvert
1423.2283464566929 1224.8031496062993 122.83464566929133 53.1496062992126 à
1448.0314960629921 1224.8031496062993 122.83464566929133 53.1496062992126 son

464.1732283464567 1288.5826771653544 395.6692913385827 56.69291338582677 observation,
785.4330708661417 1288.5826771653544 147.63779527559055 56.69291338582677 il
859.8425196850394 1288.5826771653544 172.44094488188978 56.69291338582677 eut
957.8740157480315 1288.5826771653544 222.04724409448818 56.69291338582677 dans.
1106.6929133858268 1288.5826771653544 172.44094488188978 56.69291338582677 ses
1204.724409448819 1288.5826771653544 346.06299212598424 56.69291338582677 recherches
1451.5748031496064 1288.5826771653544 124.01574803149606 56.69291338582677 les

465.3543307086614 1357.0866141732283 320.0787401574803 54.330708661417326 surprises
712.2047244094488 1357.0866141732283 320.0787401574803 54.330708661417326 heureuses
957.8740157480315 1357.0866141732283 172.44094488188978 54.330708661417326 des
1055.9055118110236 1357.0866141732283 270.4724409448819 54.330708661417326 anciens
1228.3464566929133 1357.0866141732283 344.88188976377955 54.330708661417326 navigateurs:

467.7165354330709 1422.0472440944882 151.1811023622047 64.96062992125984 il
543.3070866141733 1422.0472440944882 327.1653543307087 64.96062992125984 découvrit
794.8818897637796 1422.0472440944882 175.98425196850394 64.96062992125984 des
895.2755905511812 1422.0472440944882 251.5748031496063 64.96062992125984 terres
1071.259842519685 1422.0472440944882 277.5590551181102 64.96062992125984 vierges
1273.2283464566929 1422.0472440944882 151.1811023622047 64.96062992125984 où
1324.015748031496 1422.0472440944882 251.5748031496063 64.96062992125984 personne

466.53543307086613 1497.6377952755906 253.93700787401573 54.330708661417326 n’avait
651.9685039370079 1497.6377952755906 231.49606299212599 54.330708661417326 encore
813.7795275590552 1497.6377952755906 184.251968503937 54.330708661417326 posé
929.5275590551181 1497.6377952755906 138.18897637795277 54.330708661417326 le
998.0314960629921 1497.6377952755906 207.8740157480315 54.330708661417326 pied,
1136.2204724409448 1497.6377952755906 161.81102362204723 54.330708661417326 des
1229.5275590551182 1497.6377952755906 253.93700787401573 54.330708661417326 aspects
1413.7795275590552 1497.6377952755906 138.18897637795277 54.330708661417326 et
1459.8425196850394 1497.6377952755906 115.74803149606299 54.330708661417326 des

464.1732283464567 1556.6929133858268 258.66141732283467 61.41732283464567 formes
644.8818897637796 1556.6929133858268 154.7244094488189 61.41732283464567 de
722.8346456692914 1556.6929133858268 284.6456692913386 61.41732283464567 paysage
929.5275590551181 1556.6929133858268 206.69291338582678 61.41732283464567 dont
1059.4488188976377 1556.6929133858268 154.7244094488189 61.41732283464567 on
1137.4015748031495 1556.6929133858268 206.69291338582678 61.41732283464567 peut
1266.1417322834645 1556.6929133858268 206.69291338582678 61.41732283464567 dire
1370.0787401574803 1556.6929133858268 206.69291338582678 61.41732283464567 qu’ils

466.53543307086613 1631.1023622047244 265.748031496063 59.05511811023622 étaient
659.0551181102362 1631.1023622047244 289.37007874015745 59.05511811023622 inconnus
876.3779527559055 1631.1023622047244 217.3228346456693 59.05511811023622 avant
1021.6535433070866 1631.1023622047244 193.70078740157481 59.05511811023622 lui.
1142.1259842519685 1631.1023622047244 145.2755905511811 59.05511811023622 Il
1214.1732283464567 1631.1023622047244 240.9448818897638 59.05511811023622 gravit
1383.0708661417323 1631.1023622047244 168.89763779527559 59.05511811023622 sur
1456.2992125984251 1631.1023622047244 120.4724409448819 59.05511811023622 les

468.8976377952756 1697.244094488189 301.18110236220474 73.22834645669292 hauteurs
694.488188976378 1697.244094488189 251.5748031496063 73.22834645669292 libres
870.4724409448819 1697.244094488189 151.1811023622047 73.22834645669292 où
946.0629921259842 1697.244094488189 175.98425196850394 73.22834645669292 les
1046.4566929133857 1697.244094488189 276.37795275590554 73.22834645669292 poumons
1247.244094488189 1697.244094488189 151.1811023622047 73.22834645669292 se
1298.0314960629921 1697.244094488189 276.37795275590554 73.22834645669292 dilatent;

467.7165354330709 1771.6535433070867 138.18897637795277 54.330708661417326 il
537.4015748031496 1771.6535433070867 300.0 54.330708661417326 s’enfonça
767.7165354330708 1771.6535433070867 184.251968503937 54.330708661417326 dans
883.4645669291339 1771.6535433070867 161.81102362204723 54.330708661417326 les
975.5905511811023 1771.6535433070867 230.31496062992127 54.330708661417326 antres
1137.4015748031495 1771.6535433070867 346.06299212598424 54.330708661417326 mystérieux;
1413.7795275590552 1771.6535433070867 138.18897637795277 54.330708661417326 il
1459.8425196850394 1771.6535433070867 115.74803149606299 54.330708661417326 eut

466.53543307086613 1837.7952755905512 141.73228346456693 54.330708661417326 la
537.4015748031496 1837.7952755905512 307.0866141732283 54.330708661417326 curiosité
773.6220472440945 1837.7952755905512 165.35433070866142 54.330708661417326 des
868.1102362204724 1837.7952755905512 212.5984251968504 54.330708661417326 lieux
1009.8425196850394 1837.7952755905512 307.0866141732283 54.330708661417326 innommés,
1246.0629921259842 1837.7952755905512 165.35433070866142 54.330708661417326 des
1316.9291338582677 1837.7952755905512 259.84251968503935 54.330708661417326 retraites

468.8976377952756 1903.9370078740158 305.90551181102364 63.77952755905512 ignorées.
703.9370078740158 1903.9370078740158 235.03937007874015 63.77952755905512 Chaque
869.2913385826772 1903.9370078740158 187.79527559055117 63.77952755905512 fois
986.2204724409448 1903.9370078740158 211.41732283464566 63.77952755905512 qu’il
1127.9527559055118 1903.9370078740158 140.5511811023622 63.77952755905512 se
1197.6377952755906 1903.9370078740158 305.90551181102364 63.77952755905512 plongeait
1410.236220472441 1903.9370078740158 164.17322834645668 63.77952755905512 ainsi

451.18110236220474 1986.6141732283465 146.45669291338584 48.425196850393704 au
524.4094488188977 1986.6141732283465 194.88188976377953 48.425196850393704 sein
646.0629921259842 1986.6141732283465 146.45669291338584 48.425196850393704 de
719.2913385826772 1986.6141732283465 146.45669291338584 48.425196850393704 la
792.5196850393701 1986.6141732283465 243.30708661417322 48.425196850393704 nature
962.5984251968504 1986.6141732283465 316.53543307086613 48.425196850393704 profonde,
1207.0866141732283 1986.6141732283465 146.45669291338584 48.425196850393704 il
1280.3149606299212 1986.6141732283465 219.68503937007873 48.425196850393704 était
1401.9685039370079 1986.6141732283465 170.07874015748033 48.425196850393704 comme

466.53543307086613 2045.6692913385828 158.26771653543307 54.330708661417326 un
545.6692913385826 2045.6692913385828 238.58267716535434 54.330708661417326 homme
703.9370078740158 2045.6692913385828 185.43307086614172 54.330708661417326 qui
810.2362204724409 2045.6692913385828 264.56692913385825 54.330708661417326 aurait
995.6692913385826 2045.6692913385828 317.7165354330709 54.330708661417326 traversé
1234.251968503937 2045.6692913385828 185.43307086614172 54.330708661417326 une
1339.3700787401574 2045.6692913385828 238.58267716535434 54.330708661417326 ruche
1471.6535433070867 2045.6692913385828 106.2992125984252 54.330708661417326 et

468.8976377952756 2129.527559055118 168.89763779527559 56.69291338582677 qui
564.5669291338583 2129.527559055118 145.2755905511811 56.69291338582677 en
637.7952755905512 2129.527559055118 314.1732283464567 56.69291338582677 sortirait
878.7401574803149 2129.527559055118 265.748031496063 56.69291338582677 couvert
1072.4409448818897 2129.527559055118 145.2755905511811 56.69291338582677 de
1144.4881889763778 2129.527559055118 217.3228346456693 56.69291338582677 miel;
1289.763779527559 2129.527559055118 145.2755905511811 56.69291338582677 il
1338.1889763779527 2129.527559055118 240.9448818897638 56.69291338582677 revenait

470.0787401574803 2187.4015748031497 231.49606299212599 54.330708661417326 chargé
633.0708661417323 2187.4015748031497 139.37007874015748 54.330708661417326 de
702.7559055118111 2187.4015748031497 278.74015748031496 54.330708661417326 senteurs
910.6299212598425 2187.4015748031497 139.37007874015748 54.330708661417326 et
980.3149606299213 2187.4015748031497 139.37007874015748 54.330708661417326 de
1027.5590551181103 2187.4015748031497 231.49606299212599 54.330708661417326 poésies.

522.0472440944882 2244.0944881889764 147.63779527559055 64.96062992125984 Il
596.4566929133858 2244.0944881889764 320.0787401574803 64.96062992125984 descendit
842.1259842519685 2244.0944881889764 196.06299212598427 64.96062992125984 dans
964.9606299212599 2244.0944881889764 172.44094488188978 64.96062992125984 les
1062.992125984252 2244.0944881889764 442.9133858267717 64.96062992125984 anfractuosités
1431.4960629921259 2244.0944881889764 147.63779527559055 64.96062992125984 où
1481.1023622047244 2244.0944881889764 98.03149606299213 64.96062992125984 la

468.8976377952756 2320.8661417322833 226.77165354330708 54.330708661417326 source
627.1653543307086 2320.8661417322833 181.88976377952756 54.330708661417326 naît
740.5511811023622 2320.8661417322833 158.26771653543307 54.330708661417326 des
831.496062992126 2320.8661417322833 340.15748031496065 54.330708661417326 suintements
1103.1496062992126 2320.8661417322833 135.82677165354332 54.330708661417326 du
1171.6535433070867 2320.8661417322833 249.21259842519686 54.330708661417326 rocher;
1352.3622047244094 2320.8661417322833 135.82677165354332 54.330708661417326 il
1420.8661417322835 2320.8661417322833 158.26771653543307 54.330708661417326 vit
1488.1889763779527 2320.8661417322833 90.94488188976378 54.330708661417326 se

1332.283464566929 2395.2755905511813 99.21259842519684 46.06299212598425 2
