2065.748031496063 2930.314960629921
929.5275590551181 468.8976377952756 144.09448818897638 54.330708661417326 —
986.2204724409448 468.8976377952756 172.44094488188978 54.330708661417326 18
1044.0944881889764 468.8976377952756 86.22047244094489 54.330708661417326 —

480.70866141732284 552.7559055118111 304.7244094488189 74.40944881889764 rassembler
719.2913385826772 552.7559055118111 152.36220472440945 74.40944881889764 les
806.6929133858267 552.7559055118111 238.58267716535434 74.40944881889764 gouttes
980.3149606299213 552.7559055118111 217.3228346456693 74.40944881889764 d’eau,
1132.6771653543308 552.7559055118111 217.3228346456693 74.40944881889764 laissa
1283.8582677165355 552.7559055118111 238.58267716535434 74.40944881889764 glisser
1436.2204724409448 552.7559055118111 152.36220472440945 74.40944881889764 entre

477.1653543307087 638.9763779527559 161.81102362204723 54.330708661417326 ses
570.4724409448819 638.9763779527559 231.49606299212599 54.330708661417326 doigts
732.2834645669292 638.9763779527559 277.5590551181102 54.330708661417326 l’argent
940.1574803149606 638.9763779527559 161.81102362204723 54.330708661417326 des
1032.283464566929 638.9763779527559 369.68503937007875 54.330708661417326 cascatelles,
1333.4645669291338 638.9763779527559 253.93700787401573 54.330708661417326 regarda
1495.275590551181 638.9763779527559 92.1259842519685 54.330708661417326 le

478.34645669291336 695.6692913385826 276.37795275590554 62.59842519685039 ruisseau
686.2204724409448 695.6692913385826 207.8740157480315 62.59842519685039 clair
824.4094488188977 695.6692913385826 184.251968503937 62.59842519685039 fuir
940.1574803149606 695.6692913385826 161.81102362204723 62.59842519685039 sur
1032.283464566929 695.6692913385826 138.18897637795277 62.59842519685039 un
1101.9685039370079 695.6692913385826 184.251968503937 62.59842519685039 fond
1216.5354330708662 695.6692913385826 138.18897637795277 62.59842519685039 de
1286.2204724409448 695.6692913385826 230.31496062992127 62.59842519685039 sable,
1424.4094488188975 695.6692913385826 161.81102362204723 62.59842519685039 entre

474.8031496062992 760.6299212598425 177.16535433070865 55.511811023622045 les
575.1968503937007 760.6299212598425 303.54330708661416 55.511811023622045 cailloux
803.1496062992126 760.6299212598425 152.36220472440945 55.511811023622045 et
878.7401574803149 760.6299212598425 177.16535433070865 55.511811023622045 les
980.3149606299213 760.6299212598425 303.54330708661416 55.511811023622045 mousses.
1208.267716535433 760.6299212598425 177.16535433070865 55.511811023622045 Nul
1308.6614173228347 760.6299212598425 152.36220472440945 55.511811023622045 ne
1359.4488188976377 760.6299212598425 227.95275590551182 55.511811023622045 peignit

475.98425196850394 826.7716535433071 253.93700787401573 74.40944881889764 jamais,
661.4173228346457 826.7716535433071 138.18897637795277 74.40944881889764 en
731.1023622047244 826.7716535433071 231.49606299212599 74.40944881889764 traits
891.7322834645669 826.7716535433071 138.18897637795277 74.40944881889764 si
961.4173228346457 826.7716535433071 231.49606299212599 74.40944881889764 francs
1123.2283464566929 826.7716535433071 138.18897637795277 74.40944881889764 et
1192.9133858267717 826.7716535433071 138.18897637795277 74.40944881889764 si
1261.4173228346456 826.7716535433071 253.93700787401573 74.40944881889764 justes,
1423.2283464566929 826.7716535433071 161.81102362204723 74.40944881889764 cette

475.98425196850394 902.3622047244095 303.54330708661416 59.05511811023622 humidité
702.7559055118111 902.3622047244095 379.13385826771656 59.05511811023622 frémissante
1006.2992125984252 902.3622047244095 151.1811023622047 59.05511811023622 et
1081.8897637795276 902.3622047244095 303.54330708661416 59.05511811023622 vivante.
1309.8425196850394 902.3622047244095 151.1811023622047 59.05511811023622 On
1385.4330708661416 902.3622047244095 151.1811023622047 59.05511811023622 ne
1436.2204724409448 902.3622047244095 151.1811023622047 59.05511811023622 peut

477.1653543307087 968.503937007874 329.5275590551181 64.96062992125984 contempler
737.007874015748 968.503937007874 141.73228346456693 64.96062992125984 le
806.6929133858267 968.503937007874 353.1496062992126 64.96062992125984 Ruisseau
1090.1574803149606 968.503937007874 141.73228346456693 64.96062992125984 du
1161.023622047244 968.503937007874 212.5984251968504 64.96062992125984 Puits
1302.755905511811 968.503937007874 282.2834645669291 64.96062992125984 noir
1490.5511811023623 968.503937007874 94.48818897637796 64.96062992125984 la

479.5275590551181 1039.3700787401574 243.30708661417322 59.05511811023622 Source
667.3228346456693 1039.3700787401574 112.20472440944881 59.05511811023622 de
722.8346456692914 1039.3700787401574 112.20472440944881 59.05511811023622 la
779.5275590551181 1039.3700787401574 243.30708661417322 59.05511811023622 Loue,
966.1417322834645 1039.3700787401574 112.20472440944881 59.05511811023622 le
1022.8346456692914 1039.3700787401574 281.1023622047244 59.05511811023622 Ruisseau
1247.244094488189 1039.3700787401574 300.0 59.05511811023622 couvert,
1471.6535433070867 1039.3700787401574 112.20472440944881 59.05511811023622 tous

475.98425196850394 1100.7874015748032 161.81102362204723 62.59842519685039 ces
569.2913385826772 1100.7874015748032 277.5590551181102 62.59842519685039 paysages
777.1653543307086 1100.7874015748032 207.8740157480315 62.59842519685039 frais
915.3543307086615 1100.7874015748032 138.18897637795277 62.59842519685039 et
985.0393700787401 1100.7874015748032 323.62204724409446 62.59842519685039 éclatants,
1238.976377952756 1100.7874015748032 138.18897637795277 62.59842519685039 où
1307.4803149606298 1100.7874015748032 161.81102362204723 62.59842519685039 les
1377.1653543307086 1100.7874015748032 207.8740157480315 62.59842519685039 rochers

474.8031496062992 1185.8267716535433 204.33070866141733 55.511811023622045 gris,
610.6299212598425 1185.8267716535433 159.4488188976378 55.511811023622045 les
701.5748031496063 1185.8267716535433 318.8976377952756 55.511811023622045 feuillages
951.9685039370079 1185.8267716535433 204.33070866141733 55.511811023622045 verts
1088.976377952756 1185.8267716535433 137.00787401574803 55.511811023622045 et
1156.2992125984251 1185.8267716535433 159.4488188976378 55.511811023622045 les
1247.244094488189 1185.8267716535433 181.88976377952756 55.511811023622045 eaux
1338.1889763779527 1185.8267716535433 250.39370078740157 55.511811023622045 courantes

472.4409448818898 1242.5196850393702 158.26771653543307 63.77952755905512 se
551.5748031496063 1242.5196850393702 343.7007874015748 63.77952755905512 combinent
814.9606299212599 1242.5196850393702 158.26771653543307 63.77952755905512 de
894.0944881889764 1242.5196850393702 211.41732283464566 63.77952755905512 tant
1026.3779527559054 1242.5196850393702 158.26771653543307 63.77952755905512 de
1105.5118110236222 1242.5196850393702 264.56692913385825 63.77952755905512 fâçons
1264.9606299212599 1242.5196850393702 316.53543307086613 63.77952755905512 heureuses,

474.8031496062992 1326.3779527559054 196.06299212598427 56.69291338582677 sans
597.6377952755905 1326.3779527559054 295.2755905511811 56.69291338582677 recevoir
818.503937007874 1326.3779527559054 220.86614173228347 56.69291338582677 comme
966.1417322834645 1326.3779527559054 172.44094488188978 56.69291338582677 une
1064.1732283464567 1326.3779527559054 270.4724409448819 56.69291338582677 bouffée
1261.4173228346456 1326.3779527559054 220.86614173228347 56.69291338582677 d’air
1407.8740157480315 1326.3779527559054 172.44094488188978 56.69291338582677 pur
1482.283464566929 1326.3779527559054 98.03149606299213 56.69291338582677 en

473.62204724409446 1374.8031496062993 212.5984251968504 74.40944881889764 plein
591.7322834645669 1374.8031496062993 212.5984251968504 74.40944881889764 visage.

526.7716535433071 1450.3937007874015 151.1811023622047 55.511811023622045 La
602.3622047244095 1450.3937007874015 225.59055118110237 55.511811023622045 forêt
752.3622047244095 1450.3937007874015 276.37795275590554 55.511811023622045 immense
953.1496062992126 1450.3937007874015 200.78740157480314 55.511811023622045 avec
1079.5275590551182 1450.3937007874015 175.98425196850394 55.511811023622045 ses
1179.9212598425197 1450.3937007874015 251.5748031496063 55.511811023622045 troncs
1329.9212598425197 1450.3937007874015 251.5748031496063 55.511811023622045 d’arbres

474.8031496062992 1534.251968503937 175.98425196850394 54.330708661417326 qui
575.1968503937007 1534.251968503937 376.7716535433071 54.330708661417326 ressemblent
876.3779527559055 1534.251968503937 125.19685039370079 54.330708661417326 à
927.1653543307086 1534.251968503937 175.98425196850394 54.330708661417326 des
1027.5590551181103 1534.251968503937 327.1653543307087 54.330708661417326 colonnes,
1279.1338582677165 1534.251968503937 175.98425196850394 54.330708661417326 son
1379.5275590551182 1534.251968503937 200.78740157480314 54.330708661417326 dôme
1479.9212598425197 1534.251968503937 100.39370078740157 54.330708661417326 de

474.8031496062992 1582.6771653543308 252.75590551181102 68.50393700787401 verdure
657.8740157480315 1582.6771653543308 160.62992125984252 68.50393700787401 que
750.0 1582.6771653543308 252.75590551181102 68.50393700787401 trouent
934.2519685039371 1582.6771653543308 160.62992125984252 68.50393700787401 les
1026.3779527559054 1582.6771653543308 252.75590551181102 68.50393700787401 flèches
1210.6299212598426 1582.6771653543308 184.251968503937 68.50393700787401 d’or
1325.1968503937007 1582.6771653543308 138.18897637795277 68.50393700787401 du
1371.259842519685 1582.6771653543308 206.69291338582678 68.50393700787401 soleil,

474.8031496062992 1664.1732283464567 158.26771653543307 48.425196850393704 ses
564.5669291338583 1664.1732283464567 248.03149606299212 48.425196850393704 fourrés
745.2755905511812 1664.1732283464567 135.82677165354332 48.425196850393704 et
812.5984251968504 1664.1732283464567 158.26771653543307 48.425196850393704 ses
903.5433070866142 1664.1732283464567 338.9763779527559 48.425196850393704 éclaircies,
1174.015748031496 1664.1732283464567 158.26771653543307 48.425196850393704 ses
1264.9606299212599 1664.1732283464567 225.59055118110237 48.425196850393704 bruits
1422.0472440944882 1664.1732283464567 135.82677165354332 48.425196850393704 et
1466.9291338582677 1664.1732283464567 113.38582677165354 48.425196850393704 ses

475.98425196850394 1725.5905511811025 281.1023622047244 53.1496062992126 silences,
692.1259842519685 1725.5905511811025 151.1811023622047 53.1496062992126 eut
778.3464566929134 1725.5905511811025 172.44094488188978 53.1496062992126 pour
885.8267716535433 1725.5905511811025 151.1811023622047 53.1496062992126 lui
973.2283464566929 1725.5905511811025 151.1811023622047 53.1496062992126 des
1059.4488188976377 1725.5905511811025 302.3622047244094 53.1496062992126 attirances
1275.5905511811025 1725.5905511811025 302.3622047244094 53.1496062992126 singulières.

472.4409448818898 1790.5511811023623 302.3622047244094 59.05511811023622 Chasseur
699.2125984251968 1790.5511811023623 251.5748031496063 59.05511811023622 autant
875.1968503937007 1790.5511811023623 175.98425196850394 59.05511811023622 que
976.7716535433071 1790.5511811023623 302.3622047244094 59.05511811023622 peintre,
1203.5433070866143 1790.5511811023623 151.1811023622047 59.05511811023622 il
1253.1496062992126 1790.5511811023623 328.34645669291336 59.05511811023622 interrompit

472.4409448818898 1857.8740157480315 192.51968503937007 73.22834645669292 plus
592.9133858267717 1857.8740157480315 217.3228346456693 73.22834645669292 d’une
737.007874015748 1857.8740157480315 192.51968503937007 73.22834645669292 fois
857.4803149606299 1857.8740157480315 264.56692913385825 73.22834645669292 l’étude
1050.0 1857.8740157480315 312.99212598425197 73.22834645669292 commencée
1290.9448818897638 1857.8740157480315 192.51968503937007 73.22834645669292 pour
1387.7952755905512 1857.8740157480315 192.51968503937007 73.22834645669292 saisir

474.8031496062992 1932.283464566929 144.09448818897638 54.330708661417326 le
546.8503937007874 1932.283464566929 216.14173228346456 54.330708661417326 fusil
689.7637795275591 1932.283464566929 144.09448818897638 54.330708661417326 et
761.8110236220473 1932.283464566929 263.38582677165357 54.330708661417326 abattre
953.1496062992126 1932.283464566929 263.38582677165357 54.330708661417326 quelque
1145.6692913385828 1932.283464566929 216.14173228346456 54.330708661417326 pièce
1289.763779527559 1932.283464566929 144.09448818897638 54.330708661417326 au
1337.007874015748 1932.283464566929 239.76377952755905 54.330708661417326 passage.

472.4409448818898 1998.4251968503936 175.98425196850394 62.59842519685039 Ces
572.8346456692914 1998.4251968503936 301.18110236220474 62.59842519685039 exploits
798.4251968503937 1998.4251968503936 401.5748031496063 62.59842519685039 cynégétiques
1125.5905511811025 1998.4251968503936 200.78740157480314 62.59842519685039 sont
1250.7874015748032 1998.4251968503936 276.37795275590554 62.59842519685039 marqués
1426.7716535433071 1998.4251968503936 151.1811023622047 62.59842519685039 dans

470.0787401574803 2063.3858267716537 173.6220472440945 74.40944881889764 une
569.2913385826772 2063.3858267716537 222.04724409448818 74.40944881889764 série
716.9291338582677 2063.3858267716537 148.8188976377953 74.40944881889764 de
791.3385826771654 2063.3858267716537 420.4724409448819 74.40944881889764 chefs-d’œuvre
1137.4015748031495 2063.3858267716537 173.6220472440945 74.40944881889764 qui
1236.6141732283465 2063.3858267716537 370.86614173228344 74.40944881889764 suffiraient
1508.267716535433 2063.3858267716537 99.21259842519684 74.40944881889764 à.

473.62204724409446 2140.1574803149606 191.33858267716536 66.14173228346456 faire
601.1811023622047 2140.1574803149606 127.55905511811024 66.14173228346456 la
664.9606299212599 2140.1574803149606 212.5984251968504 66.14173228346456 gloire
813.7795275590552 2140.1574803149606 127.55905511811024 66.14173228346456 de
877.5590551181102 2140.1574803149606 276.37795275590554 66.14173228346456 plusieurs
1088.976377952756 2140.1574803149606 276.37795275590554 66.14173228346456 peintres:
1280.3149606299212 2140.1574803149606 297.6377952755906 66.14173228346456 Biche

467.7165354330709 2198.031496062992 211.41732283464566 82.67716535433071 forcée
630.7086614173228 2198.031496062992 81.49606299212599 82.67716535433071 à
663.7795275590552 2198.031496062992 98.03149606299213 82.67716535433071 la
712.2047244094488 2198.031496062992 211.41732283464566 82.67716535433071 neige
875.1968503937007 2198.031496062992 98.03149606299213 82.67716535433071 le
923.6220472440945 2198.031496062992 179.5275590551181 82.67716535433071 Cerf
1054.724409448819 2198.031496062992 81.49606299212599 82.67716535433071 à
1086.6141732283465 2198.031496062992 227.95275590551182 82.67716535433071 l’eau,
1266.1417322834645 2198.031496062992 114.56692913385827 82.67716535433071 les
1314.5669291338584 2198.031496062992 261.0236220472441 82.67716535433071 Bracon

478.34645669291336 2283.0708661417325 320.0787401574803 63.77952755905512 niers,
741.7322834645669 2283.0708661417325 113.38582677165354 63.77952755905512 la
798.4251968503937 2283.0708661417325 301.18110236220474 63.77952755905512 Curée
1042.9133858267717 2283.0708661417325 132.28346456692913 63.77952755905512 que
1118.5039370078741 2283.0708661417325 132.28346456692913 63.77952755905512 les
1192.9133858267717 2283.0708661417325 263.38582677165357 63.77952755905512 Américains
1400.7874015748032 2283.0708661417325 132.28346456692913 63.77952755905512 ont
1457.4803149606298 2283.0708661417325 150.0 63.77952755905512 payée:

472.4409448818898 2348.031496062992 158.26771653543307 61.41732283464567 dix
562.2047244094488 2348.031496062992 203.1496062992126 61.41732283464567 mille
698.0314960629921 2348.031496062992 248.03149606299212 61.41732283464567 dollars
878.7401574803149 2348.031496062992 135.82677165354332 61.41732283464567 et
946.0629921259842 2348.031496062992 225.59055118110237 61.41732283464567 placée
1104.3307086614172 2348.031496062992 135.82677165354332 61.41732283464567 au
1171.6535433070867 2348.031496062992 225.59055118110237 61.41732283464567 cercle
1329.9212598425197 2348.031496062992 135.82677165354332 61.41732283464567 de
1374.8031496062993 2348.031496062992 203.1496062992126 61.41732283464567 Boston,
