2065.748031496063 2930.314960629921
931.8897637795276 466.53543307086613 139.37007874015748 55.511811023622045 —
988.5826771653543 466.53543307086613 167.71653543307087 55.511811023622045 19
1044.0944881889764 466.53543307086613 83.85826771653544 55.511811023622045 —

475.98425196850394 552.7559055118111 370.86614173228344 74.40944881889764 l'Hallali
778.3464566929134 552.7559055118111 231.49606299212599 74.40944881889764 du
940.1574803149606 552.7559055118111 209.0551181102362 74.40944881889764 cerf,
1079.5275590551182 552.7559055118111 255.11811023622047 74.40944881889764 paysage
1264.9606299212599 552.7559055118111 348.4251968503937 74.40944881889764 panoramique
1520.0787401574803 552.7559055118111 93.30708661417323 74.40944881889764 à.

472.4409448818898 624.8031496062993 190.15748031496062 56.69291338582677 fond
590.5511811023622 624.8031496062993 141.73228346456693 56.69291338582677 de
661.4173228346457 624.8031496062993 237.4015748031496 56.69291338582677 neige,
827.9527559055118 624.8031496062993 141.73228346456693 56.69291338582677 où
898.8188976377953 624.8031496062993 141.73228346456693 56.69291338582677 un
969.6850393700787 624.8031496062993 190.15748031496062 56.69291338582677 coup
1088.976377952756 624.8031496062993 141.73228346456693 56.69291338582677 de
1159.8425196850394 624.8031496062993 213.7795275590551 56.69291338582677 fouet
1277.9527559055118 624.8031496062993 308.26771653543307 56.69291338582677 gigantesque

474.8031496062992 687.4015748031496 185.43307086614172 62.59842519685039 fait
590.5511811023622 687.4015748031496 207.8740157480315 62.59842519685039 taire
729.9212598425197 687.4015748031496 139.37007874015748 62.59842519685039 la
799.6062992125984 687.4015748031496 207.8740157480315 62.59842519685039 meute
937.7952755905512 687.4015748031496 277.5590551181102 62.59842519685039 hurlante
1146.8503937007874 687.4015748031496 139.37007874015748 62.59842519685039 et
1215.3543307086613 687.4015748031496 231.49606299212599 62.59842519685039 domine
1378.3464566929133 687.4015748031496 207.8740157480315 62.59842519685039 toute
1494.0944881889764 687.4015748031496 92.1259842519685 62.59842519685039 la

478.34645669291336 761.8110236220473 217.3228346456693 53.1496062992126 scène.
629.5275590551181 761.8110236220473 282.2834645669291 53.1496062992126 C’étaient
846.8503937007874 761.8110236220473 129.92125984251967 53.1496062992126 là
911.8110236220473 761.8110236220473 152.36220472440945 53.1496062992126 les
998.0314960629921 761.8110236220473 194.88188976377953 53.1496062992126 joies
1127.9527559055118 761.8110236220473 129.92125984251967 53.1496062992126 de
1194.0944881889764 761.8110236220473 259.84251968503935 53.1496062992126 l’hiver;
1388.976377952756 761.8110236220473 129.92125984251967 53.1496062992126 au
1431.4960629921259 761.8110236220473 152.36220472440945 53.1496062992126 prin-

474.8031496062992 826.7716535433071 222.04724409448818 54.330708661417326 temps,
630.7086614173228 826.7716535433071 133.46456692913387 54.330708661417326 il
696.8503937007874 826.7716535433071 154.7244094488189 54.330708661417326 vit
785.4330708661417 826.7716535433071 154.7244094488189 54.330708661417326 les
874.0157480314961 826.7716535433071 199.60629921259843 54.330708661417326 cerfs
1006.2992125984252 826.7716535433071 133.46456692913387 54.330708661417326 en
1073.6220472440946 826.7716535433071 154.7244094488189 54.330708661417326 rut
1162.2047244094488 826.7716535433071 133.46456692913387 54.330708661417326 se
1228.3464566929133 826.7716535433071 310.62992125984255 54.330708661417326 précipiter
1449.2125984251968 826.7716535433071 133.46456692913387 54.330708661417326 l’un

471.25984251968504 912.992125984252 248.03149606299212 54.330708661417326 contre
644.8818897637796 912.992125984252 297.6377952755906 54.330708661417326 l’autre,
868.1102362204724 912.992125984252 198.4251968503937 54.330708661417326 tête
992.1259842519685 912.992125984252 297.6377952755906 54.330708661417326 baissée,
1214.1732283464567 912.992125984252 272.8346456692913 54.330708661417326 pendant
1412.5984251968505 912.992125984252 173.6220472440945 54.330708661417326 que
1487.007874015748 912.992125984252 99.21259842519684 54.330708661417326 la

471.25984251968504 968.503937007874 242.1259842519685 55.511811023622045 biche,
640.1574803149606 968.503937007874 217.3228346456693 55.511811023622045 objet
785.4330708661417 968.503937007874 145.2755905511811 55.511811023622045 et
857.4803149606299 968.503937007874 193.70078740157481 55.511811023622045 prix
979.1338582677165 968.503937007874 145.2755905511811 55.511811023622045 de
1051.1811023622047 968.503937007874 145.2755905511811 55.511811023622045 ce
1124.4094488188975 968.503937007874 193.70078740157481 55.511811023622045 duel
1244.8818897637796 968.503937007874 120.4724409448819 55.511811023622045 à
1293.3070866141732 968.503937007874 217.3228346456693 55.511811023622045 mort,
1414.9606299212599 968.503937007874 168.89763779527559 55.511811023622045 s’en-

473.62204724409446 1034.6456692913387 217.3228346456693 55.511811023622045 fuyait
625.9842519685039 1034.6456692913387 261.0236220472441 55.511811023622045 éperdue:
822.0472440944882 1034.6456692913387 131.10236220472441 55.511811023622045 le
887.007874015748 1034.6456692913387 283.46456692913387 55.511811023622045 Combat
1104.3307086614172 1034.6456692913387 131.10236220472441 55.511811023622045 de
1170.4724409448818 1034.6456692913387 304.7244094488189 55.511811023622045 cerfs,
1409.0551181102362 1034.6456692913387 174.8031496062992 55.511811023622045 dont
1496.4566929133857 1034.6456692913387 87.4015748031496 55.511811023622045 le

471.25984251968504 1100.7874015748032 242.1259842519685 64.96062992125984 succès
640.1574803149606 1100.7874015748032 168.89763779527559 64.96062992125984 fut
737.007874015748 1100.7874015748032 145.2755905511811 64.96062992125984 si
809.0551181102362 1100.7874015748032 217.3228346456693 64.96062992125984 grand
954.3307086614174 1100.7874015748032 145.2755905511811 64.96062992125984 au
1027.5590551181103 1100.7874015748032 217.3228346456693 64.96062992125984 salon
1172.8346456692914 1100.7874015748032 145.2755905511811 64.96062992125984 de
1244.8818897637796 1100.7874015748032 217.3228346456693 64.96062992125984 1861,
1366.5354330708662 1100.7874015748032 217.3228346456693 64.96062992125984 traduit

472.4409448818898 1176.3779527559054 199.60629921259843 63.77952755905512 cette
605.9055118110236 1176.3779527559054 265.748031496063 63.77952755905512 émotion.
805.511811023622 1176.3779527559054 133.46456692913387 63.77952755905512 Il
871.6535433070866 1176.3779527559054 222.04724409448818 63.77952755905512 suivit
1026.3779527559054 1176.3779527559054 133.46456692913387 63.77952755905512 la
1092.5196850393702 1176.3779527559054 199.60629921259843 63.77952755905512 piste
1225.984251968504 1176.3779527559054 154.7244094488189 63.77952755905512 des
1292.1259842519685 1176.3779527559054 288.18897637795277 63.77952755905512 chevreuils,

474.8031496062992 1241.3385826771653 148.8188976377953 67.32283464566929 et,
559.8425196850394 1241.3385826771653 106.2992125984252 67.32283464566929 à
602.3622047244095 1241.3385826771653 233.85826771653544 67.32283464566929 travers
772.4409448818898 1241.3385826771653 127.55905511811024 67.32283464566929 la
836.2204724409448 1241.3385826771653 276.37795275590554 67.32283464566929 feuillée,
1050.0 1241.3385826771653 255.11811023622047 67.32283464566929 retenant
1241.3385826771653 1241.3385826771653 148.8188976377953 67.32283464566929 son
1326.3779527559054 1241.3385826771653 255.11811023622047 67.32283464566929 souffle,
1496.4566929133857 1241.3385826771653 85.03937007874016 67.32283464566929 il

470.0787401574803 1308.6614173228347 271.65354330708664 57.874015748031496 aperçut
667.3228346456693 1308.6614173228347 271.65354330708664 57.874015748031496 l’asile
865.7480314960629 1308.6614173228347 246.8503937007874 57.874015748031496 ignoré
1038.1889763779527 1308.6614173228347 147.63779527559055 57.874015748031496 où
1112.5984251968505 1308.6614173228347 172.44094488188978 57.874015748031496 ces
1210.6299212598426 1308.6614173228347 321.25984251968504 57.874015748031496 charmants
1433.8582677165355 1308.6614173228347 147.63779527559055 57.874015748031496 ani-

473.62204724409446 1384.251968503937 177.16535433070865 55.511811023622045 maux
584.6456692913385 1384.251968503937 333.07086614173227 55.511811023622045 établissent
850.3937007874016 1384.251968503937 177.16535433070865 55.511811023622045 leur
961.4173228346457 1384.251968503937 222.04724409448818 55.511811023622045 refuge
1117.3228346456692 1384.251968503937 133.46456692913387 55.511811023622045 et
1183.4645669291338 1384.251968503937 265.748031496063 55.511811023622045 abritent
1383.0708661417323 1384.251968503937 133.46456692913387 55.511811023622045 le
1427.9527559055118 1384.251968503937 154.7244094488189 55.511811023622045 fruit

473.62204724409446 1449.2125984251968 125.19685039370079 55.511811023622045 de
536.2204724409448 1449.2125984251968 187.79527559055117 55.511811023622045 leurs
662.5984251968504 1449.2125984251968 230.31496062992127 55.511811023622045 amours:
829.1338582677165 1449.2125984251968 125.19685039370079 55.511811023622045 ce
891.7322834645669 1449.2125984251968 146.45669291338584 55.511811023622045 fut
975.5905511811023 1449.2125984251968 125.19685039370079 55.511811023622045 le
1038.1889763779527 1449.2125984251968 187.79527559055117 55.511811023622045 sujet
1163.3858267716535 1449.2125984251968 125.19685039370079 55.511811023622045 de
1225.984251968504 1449.2125984251968 125.19685039370079 55.511811023622045 la
1268.5039370078741 1449.2125984251968 312.99212598425197 55.511811023622045 Remise

472.4409448818898 1516.5354330708662 209.0551181102362 64.96062992125984 des
618.8976377952756 1516.5354330708662 398.0314960629921 64.96062992125984 chevreuils,
954.3307086614174 1516.5354330708662 167.71653543307087 64.96062992125984 dont
1059.4488188976377 1516.5354330708662 335.43307086614175 64.96062992125984 l’apparition
1331.1023622047244 1516.5354330708662 125.19685039370079 64.96062992125984 au
1393.7007874015749 1516.5354330708662 188.9763779527559 64.96062992125984 Salon
1498.8188976377953 1516.5354330708662 83.85826771653544 64.96062992125984 de

475.98425196850394 1590.9448818897638 197.24409448818898 56.69291338582677 1866
600.0 1590.9448818897638 246.8503937007874 56.69291338582677 excita
772.4409448818898 1590.9448818897638 172.44094488188978 56.69291338582677 une
871.6535433070866 1590.9448818897638 346.06299212598424 56.69291338582677 admiration
1118.5039370078741 1590.9448818897638 246.8503937007874 56.69291338582677 unanime.

523.2283464566929 1658.267716535433 144.09448818897638 55.511811023622045 La
595.2755905511812 1658.267716535433 168.89763779527559 55.511811023622045 mer
690.9448818897638 1658.267716535433 168.89763779527559 55.511811023622045 lui
787.7952755905512 1658.267716535433 168.89763779527559 55.511811023622045 fut
884.6456692913385 1658.267716535433 217.3228346456693 55.511811023622045 aussi
1028.740157480315 1658.267716535433 337.79527559055117 55.511811023622045 l’occasion
1293.3070866141732 1658.267716535433 144.09448818897638 55.511811023622045 de
1341.732283464567 1658.267716535433 240.9448818897638 55.511811023622045 nombreux

467.7165354330709 1724.4094488188975 354.3307086614173 74.40944881889764 triomphes.
745.2755905511812 1724.4094488188975 252.75590551181102 74.40944881889764 Nageur
922.4409448818898 1724.4094488188975 201.96850393700788 74.40944881889764 plus
1048.8188976377953 1724.4094488188975 252.75590551181102 74.40944881889764 encore
1225.984251968504 1724.4094488188975 177.16535433070865 74.40944881889764 que
1301.5748031496064 1724.4094488188975 278.74015748031496 74.40944881889764 chasseur,

471.25984251968504 1798.8188976377953 141.73228346456693 56.69291338582677 il
542.1259842519685 1798.8188976377953 283.46456692913387 56.69291338582677 l’aimait
754.7244094488188 1798.8188976377953 188.9763779527559 56.69291338582677 pour
872.8346456692914 1798.8188976377953 330.70866141732284 56.69291338582677 elle-même;
1132.6771653543308 1798.8188976377953 188.9763779527559 56.69291338582677 mais
1250.7874015748032 1798.8188976377953 141.73228346456693 56.69291338582677 il
1298.0314960629921 1798.8188976377953 283.46456692913387 56.69291338582677 n’oubliait

470.0787401574803 1866.1417322834645 242.1259842519685 74.40944881889764 jamais
638.9763779527559 1866.1417322834645 168.89763779527559 74.40944881889764 que
735.8267716535433 1866.1417322834645 290.5511811023622 74.40944881889764 l’espace
953.1496062992126 1866.1417322834645 193.70078740157481 74.40944881889764 vide
1073.6220472440946 1866.1417322834645 242.1259842519685 74.40944881889764 occupe
1242.5196850393702 1866.1417322834645 193.70078740157481 74.40944881889764 plus
1364.1732283464567 1866.1417322834645 145.2755905511811 74.40944881889764 de
1412.5984251968505 1866.1417322834645 168.89763779527559 74.40944881889764 place

467.7165354330709 1948.8188976377953 178.3464566929134 56.69291338582677 que
570.4724409448819 1948.8188976377953 305.90551181102364 56.69291338582677 l’espace
799.6062992125984 1948.8188976377953 255.11811023622047 56.69291338582677 plein,
977.9527559055118 1948.8188976377953 153.54330708661416 56.69291338582677 et
1054.724409448819 1948.8188976377953 153.54330708661416 56.69291338582677 du
1131.4960629921259 1948.8188976377953 281.1023622047244 56.69291338582677 premier
1335.8267716535433 1948.8188976377953 229.13385826771653 56.69291338582677 coup,
1463.3858267716535 1948.8188976377953 127.55905511811024 56.69291338582677 il-

470.0787401574803 2000.7874015748032 236.2204724409449 70.86614173228347 trouva
635.4330708661417 2000.7874015748032 141.73228346456693 70.86614173228347 la
706.2992125984252 2000.7874015748032 330.70866141732284 70.86614173228347 proportion
966.1417322834645 2000.7874015748032 212.5984251968504 70.86614173228347 vraie
1109.0551181102362 2000.7874015748032 118.11023622047244 70.86614173228347 à
1156.2992125984251 2000.7874015748032 259.84251968503935 70.86614173228347 établir
1345.275590551181 2000.7874015748032 212.5984251968504 70.86614173228347 entre
1463.3858267716535 2000.7874015748032 141.73228346456693 70.86614173228347 les:

468.8976377952756 2074.015748031496 212.5984251968504 54.330708661417326 trois
610.6299212598425 2074.015748031496 283.46456692913387 54.330708661417326 éléments
823.2283464566929 2074.015748031496 141.73228346456693 54.330708661417326 du
894.0944881889764 2074.015748031496 283.46456692913387 54.330708661417326 tableau,
1106.6929133858268 2074.015748031496 141.73228346456693 54.330708661417326 la
1177.5590551181103 2074.015748031496 236.2204724409449 54.330708661417326 terre,
1342.9133858267717 2074.015748031496 236.2204724409449 54.330708661417326 l’eau,
1484.6456692913387 2074.015748031496 94.48818897637796 54.330708661417326 le

466.53543307086613 2157.8740157480315 232.6771653543307 56.69291338582677 ciel.
621.2598425196851 2157.8740157480315 206.69291338582678 56.69291338582677 Sauf
750.0 2157.8740157480315 206.69291338582678 56.69291338582677 dans
879.9212598425197 2157.8740157480315 309.4488188976378 56.69291338582677 quelques
1111.4173228346456 2157.8740157480315 283.46456692913387 56.69291338582677 marines
1292.1259842519685 2157.8740157480315 309.4488188976378 56.69291338582677 spéciales,

471.25984251968504 2225.196850393701 194.88188976377953 46.06299212598425 comme
601.1811023622047 2225.196850393701 194.88188976377953 46.06299212598425 cette
731.1023622047244 2225.196850393701 282.2834645669291 46.06299212598425 admirable
948.4251968503937 2225.196850393701 217.3228346456693 46.06299212598425 Mer
1099.6062992125985 2225.196850393701 347.244094488189 46.06299212598425 orageuse
1381.8897637795276 2225.196850393701 129.92125984251967 46.06299212598425 du
1424.4094488188975 2225.196850393701 152.36220472440945 46.06299212598425 Salon

466.53543307086613 2281.8897637795276 161.81102362204723 55.511811023622045 de
548.0314960629921 2281.8897637795276 243.30708661417322 55.511811023622045 1870,
709.8425196850394 2281.8897637795276 188.9763779527559 55.511811023622045 qui
818.503937007874 2281.8897637795276 188.9763779527559 55.511811023622045 est
925.9842519685039 2281.8897637795276 406.2992125984252 55.511811023622045 aujourd’hui
1250.7874015748032 2281.8897637795276 161.81102362204723 55.511811023622045 au
1332.283464566929 2281.8897637795276 243.30708661417322 55.511811023622045 musée
1466.9291338582677 2281.8897637795276 108.66141732283465 55.511811023622045 du

470.0787401574803 2348.031496062992 346.06299212598424 63.77952755905512 Luxembourg,
747.6377952755905 2348.031496062992 207.8740157480315 63.77952755905512 c’est
885.8267716535433 2348.031496062992 253.93700787401573 63.77952755905512 presque
1070.0787401574803 2348.031496062992 276.37795275590554 63.77952755905512 toujours
1277.9527559055118 2348.031496062992 138.18897637795277 63.77952755905512 le
1347.6377952755906 2348.031496062992 184.251968503937 63.77952755905512 ciel
1439.763779527559 2348.031496062992 138.18897637795277 63.77952755905512 qui
