1749 2481
779 404 120 40 —
827 404 144 40 20
875 404 72 40 —

394 479 160 60 fait
494 479 120 60 le
554 479 180 60 sujet
674 479 120 60 du
734 479 240 60 tableau.
914 479 160 60 Dans
1014 479 140 60 ces
1094 479 220 60 brumes,
1234 479 100 60 ces

392 540 241 54 pluies,
567 540 153 54 ces
655 540 241 54 rayons,
830 540 175 54 tous
940 540 153 54 ces
1027 540 307 54 mouvements
1246 540 88 54 de

392 596 364 47 l’atmosphère,
691 596 150 47 son
777 596 235 47 couteau
948 596 107 47 à
991 596 235 47 palette
1162 596 128 47 se
1205 596 128 47 joue

395 663 163 52 avec
497 663 143 52 une
578 663 224 52 agilité
741 663 326 52 surprenante:
1007 663 102 52 à
1047 663 286 52 Trouville,
1251 663 82 52 un

395 708 144 49 été,
485 708 108 49 il
539 708 126 49 fit
611 708 180 49 trente
737 708 198 49 marines
881 708 108 49 en
935 708 180 49 trente
1061 708 180 49 jours,
1187 708 108 49 ne
1223 708 108 49 tra-

390 773 263 46 vaillant
587 773 197 46 guère
719 773 219 46 qu’une
873 773 197 46 heure
1004 773 132 46 ou
1070 773 175 46 deux
1158 773 175 46 chaque

371 827 271 64 après

435 884 192 63 Paris
563 884 171 63 est,
669 884 192 63 comme
797 884 256 63 l’Océan,
989 884 128 63 un
1053 884 192 63 grand
1160 884 192 63 fabri

391 940 209 55 cateur
537 940 125 55 de
600 940 230 55 nuages;
767 940 146 55 ses
851 940 230 55 soleils
1018 940 272 55 couchants
1207 940 125 55 sont

391 1004 254 46 célèbres.
587 1004 215 46 Courbet
743 1004 137 46 eut
821 1004 117 46 la
879 1004 195 46 pensée
1016 1004 117 46 de
1074 1004 137 46 les
1133 1004 195 46 peindre.

391 1060 130 54 En
456 1060 196 54 1871,
587 1060 130 54 il
652 1060 304 54 m’écrivait
891 1060 130 54 de
956 1060 391 54 Sainte-Pélagie
1261 1060 65 54 :

389 1122 147 49 «Il
473 1122 189 49 m’est
599 1122 168 49 venu
704 1122 147 49 une
788 1122 189 49 idée,
913 1122 189 49 c’est
1039 1122 126 49 de
1102 1122 189 49 faire
1207 1122 147 49 Paris

384 1180 115 47 à
430 1180 162 47 vol
522 1180 300 47 d’oiseau,
753 1180 185 47 avec
869 1180 162 47 des
961 1180 231 47 ciels,
1122 1180 208 47 comme
1238 1180 92 47 je

382 1236 239 62 faisais
556 1236 152 62 des
643 1236 260 62 marines.
838 1236 304 62 L’occasion
1077 1236 152 62 est
1142 1236 217 62 unique;.

387 1300 126 55 il
450 1300 105 55 y
492 1300 105 55 a
534 1300 147 55 sur
617 1300 126 55 le
680 1300 188 55 faîte
806 1300 126 55 de
868 1300 126 55 la
931 1300 209 55 maison
1078 1300 147 55 une
1141 1300 188 55 galerie

385 1353 154 51 qui
473 1353 132 51 en
539 1353 176 51 fait
649 1353 132 51 le
715 1353 198 51 tour;
847 1353 176 51 elle
956 1353 110 51 a
1000 1353 154 51 été
1066 1353 264 51 construite

385 1404 154 70 par
473 1404 132 70 M.
539 1404 264 70 Ouvrard,
737 1404 198 70 c’est
870 1404 308 70 splendide.
1112 1404 132 70 Ce
1156 1404 176 70 serait

386 1460 188 61 aussi
512 1460 314 61 intéressant
762 1460 146 61 que
846 1460 146 61 mes
930 1460 230 61 marines
1076 1460 251 61 d’Etretat.

385 1531 193 48 Mais,
513 1531 193 48 chose
642 1531 172 48 sans
750 1531 236 48 exemple
922 1531 129 48 et
986 1531 193 48 d’une
1094 1531 236 48 brutalité

386 1595 164 55 sans
489 1595 267 55 pareille,
694 1595 123 55 il
756 1595 123 55 ne
817 1595 185 55 m’est
940 1595 144 55 pas
1022 1595 205 55 permis
1145 1595 185 55 d’avoir

386 1660 144 46 mes
469 1660 308 46 instruments
715 1660 123 46 de
776 1660 308 46 travail...»
1022 1660 123 46 Il
1084 1660 246 46 ajoutait
1248 1660 82 46 en

385 1708 349 54 post-scriptum
673 1708 103 54 :
714 1708 103 54 «
755 1708 370 54 Dépêchez-vous,
1063 1708 144 54 car
1145 1708 123 54 le
1186 1708 144 54 temps

386 1769 147 42 est
470 1769 357 42 magnifique...
764 1769 105 42 »
806 1769 210 42 Hélas!
953 1769 126 42 le
1016 1769 189 42 temps
1142 1769 147 42 eut
1205 1769 126 42 tout

385 1820 205 55 loisir
528 1820 123 55 de
589 1820 246 55 changer,
774 1820 369 55 l’autorisation
1081 1820 123 55 ne
1143 1820 143 55 put
1204 1820 123 55 être

362 1884 221 47 obtenue.

428 1940 230 46 Courbet
595 1940 125 46 ne
658 1940 209 46 serait
804 1940 146 46 pas
888 1940 125 46 le
951 1940 188 46 grand
1076 1940 230 46 peintre
1222 1940 105 46 que

386 1996 160 54 nous
486 1996 260 54 admirons,
686 1996 160 54 s’il
786 1996 220 54 n’avait
947 1996 200 54 abordé
1087 1996 120 54 le
1147 1996 140 54 nu,
1207 1996 120 54 s’il
