2065.748031496063 2930.314960629921
920.0787401574803 477.1653543307087 141.73228346456693 47.24409448818898 —
976.7716535433071 477.1653543307087 170.07874015748033 47.24409448818898 20
1033.4645669291338 477.1653543307087 85.03937007874016 47.24409448818898 —

465.3543307086614 565.7480314960629 188.9763779527559 70.86614173228347 fait
583.4645669291339 565.7480314960629 141.73228346456693 70.86614173228347 le
654.3307086614174 565.7480314960629 212.5984251968504 70.86614173228347 sujet
796.0629921259842 565.7480314960629 141.73228346456693 70.86614173228347 du
866.9291338582677 565.7480314960629 283.46456692913387 70.86614173228347 tableau.
1079.5275590551182 565.7480314960629 188.9763779527559 70.86614173228347 Dans
1197.6377952755906 565.7480314960629 165.35433070866142 70.86614173228347 ces
1292.1259842519685 565.7480314960629 259.84251968503935 70.86614173228347 brumes,
1457.4803149606298 565.7480314960629 118.11023622047244 70.86614173228347 ces

462.99212598425197 637.7952755905512 284.6456692913386 63.77952755905512 pluies,
669.6850393700787 637.7952755905512 180.70866141732284 63.77952755905512 ces
773.6220472440945 637.7952755905512 284.6456692913386 63.77952755905512 rayons,
980.3149606299213 637.7952755905512 206.69291338582678 63.77952755905512 tous
1110.236220472441 637.7952755905512 180.70866141732284 63.77952755905512 ces
1212.992125984252 637.7952755905512 362.59842519685037 63.77952755905512 mouvements
1471.6535433070867 637.7952755905512 103.93700787401575 63.77952755905512 de

462.99212598425197 703.9370078740158 429.9212598425197 55.511811023622045 l’atmosphère,
816.1417322834645 703.9370078740158 177.16535433070865 55.511811023622045 son
917.7165354330708 703.9370078740158 277.5590551181102 55.511811023622045 couteau
1119.6850393700788 703.9370078740158 126.37795275590551 55.511811023622045 à
1170.4724409448818 703.9370078740158 277.5590551181102 55.511811023622045 palette
1372.4409448818897 703.9370078740158 151.1811023622047 55.511811023622045 se
1423.2283464566929 703.9370078740158 151.1811023622047 55.511811023622045 joue

466.53543307086613 783.0708661417323 192.51968503937007 61.41732283464567 avec
587.007874015748 783.0708661417323 168.89763779527559 61.41732283464567 une
682.6771653543307 783.0708661417323 264.56692913385825 61.41732283464567 agilité
875.1968503937007 783.0708661417323 385.03937007874015 61.41732283464567 surprenante:
1189.3700787401574 783.0708661417323 120.4724409448819 61.41732283464567 à
1236.6141732283465 783.0708661417323 337.79527559055117 61.41732283464567 Trouville,
1477.5590551181103 783.0708661417323 96.85039370078741 61.41732283464567 un

466.53543307086613 836.2204724409448 170.07874015748033 57.874015748031496 été,
572.8346456692914 836.2204724409448 127.55905511811024 57.874015748031496 il
636.6141732283464 836.2204724409448 148.8188976377953 57.874015748031496 fit
721.6535433070866 836.2204724409448 212.5984251968504 57.874015748031496 trente
870.4724409448819 836.2204724409448 233.85826771653544 57.874015748031496 marines
1040.5511811023623 836.2204724409448 127.55905511811024 57.874015748031496 en
1104.3307086614172 836.2204724409448 212.5984251968504 57.874015748031496 trente
1253.1496062992126 836.2204724409448 212.5984251968504 57.874015748031496 jours,
1401.9685039370079 836.2204724409448 127.55905511811024 57.874015748031496 ne
1444.4881889763778 836.2204724409448 127.55905511811024 57.874015748031496 tra-

460.62992125984255 912.992125984252 310.62992125984255 54.330708661417326 vaillant
693.3070866141733 912.992125984252 232.6771653543307 54.330708661417326 guère
849.2125984251968 912.992125984252 258.66141732283467 54.330708661417326 qu’une
1031.1023622047244 912.992125984252 232.6771653543307 54.330708661417326 heure
1185.8267716535433 912.992125984252 155.90551181102362 54.330708661417326 ou
1263.7795275590552 912.992125984252 206.69291338582678 54.330708661417326 deux
1367.716535433071 912.992125984252 206.69291338582678 54.330708661417326 chaque

438.18897637795277 976.7716535433071 320.0787401574803 75.59055118110236 après

513.7795275590552 1044.0944881889764 226.77165354330708 74.40944881889764 Paris
664.9606299212599 1044.0944881889764 201.96850393700788 74.40944881889764 est,
790.1574803149606 1044.0944881889764 226.77165354330708 74.40944881889764 comme
941.3385826771654 1044.0944881889764 302.3622047244094 74.40944881889764 l’Océan,
1168.1102362204724 1044.0944881889764 151.1811023622047 74.40944881889764 un
1243.7007874015749 1044.0944881889764 226.77165354330708 74.40944881889764 grand
1370.0787401574803 1044.0944881889764 226.77165354330708 74.40944881889764 fabri

461.81102362204723 1110.236220472441 246.8503937007874 64.96062992125984 cateur
634.2519685039371 1110.236220472441 147.63779527559055 64.96062992125984 de
708.6614173228346 1110.236220472441 271.65354330708664 64.96062992125984 nuages;
905.9055118110236 1110.236220472441 172.44094488188978 64.96062992125984 ses
1005.1181102362204 1110.236220472441 271.65354330708664 64.96062992125984 soleils
1202.3622047244094 1110.236220472441 321.25984251968504 64.96062992125984 couchants
1425.5905511811025 1110.236220472441 147.63779527559055 64.96062992125984 sont

461.81102362204723 1185.8267716535433 300.0 54.330708661417326 célèbres.
693.3070866141733 1185.8267716535433 253.93700787401573 54.330708661417326 Courbet
877.5590551181102 1185.8267716535433 161.81102362204723 54.330708661417326 eut
969.6850393700787 1185.8267716535433 138.18897637795277 54.330708661417326 la
1038.1889763779527 1185.8267716535433 230.31496062992127 54.330708661417326 pensée
1200.0 1185.8267716535433 138.18897637795277 54.330708661417326 de
1268.5039370078741 1185.8267716535433 161.81102362204723 54.330708661417326 les
1338.1889763779527 1185.8267716535433 230.31496062992127 54.330708661417326 peindre.

461.81102362204723 1251.9685039370079 153.54330708661416 63.77952755905512 En
538.5826771653543 1251.9685039370079 231.49606299212599 63.77952755905512 1871,
693.3070866141733 1251.9685039370079 153.54330708661416 63.77952755905512 il
770.0787401574803 1251.9685039370079 359.0551181102362 63.77952755905512 m’écrivait
1052.3622047244094 1251.9685039370079 153.54330708661416 63.77952755905512 de
1129.1338582677165 1251.9685039370079 461.81102362204723 63.77952755905512 Sainte-Pélagie
1489.3700787401574 1251.9685039370079 76.77165354330708 63.77952755905512 :

459.4488188976378 1325.1968503937007 173.6220472440945 57.874015748031496 «Il
558.6614173228346 1325.1968503937007 223.22834645669292 57.874015748031496 m’est
707.4803149606299 1325.1968503937007 198.4251968503937 57.874015748031496 venu
831.496062992126 1325.1968503937007 173.6220472440945 57.874015748031496 une
930.7086614173228 1325.1968503937007 223.22834645669292 57.874015748031496 idée,
1078.3464566929133 1325.1968503937007 223.22834645669292 57.874015748031496 c’est
1227.1653543307086 1325.1968503937007 148.8188976377953 57.874015748031496 de
1301.5748031496064 1325.1968503937007 223.22834645669292 57.874015748031496 faire
1425.5905511811025 1325.1968503937007 173.6220472440945 57.874015748031496 Paris

453.54330708661416 1393.7007874015749 135.82677165354332 55.511811023622045 à
507.87401574803147 1393.7007874015749 191.33858267716536 55.511811023622045 vol
616.5354330708661 1393.7007874015749 354.3307086614173 55.511811023622045 d’oiseau,
889.3700787401575 1393.7007874015749 218.50393700787401 55.511811023622045 avec
1026.3779527559054 1393.7007874015749 191.33858267716536 55.511811023622045 des
1135.0393700787401 1393.7007874015749 272.8346456692913 55.511811023622045 ciels,
1325.1968503937007 1393.7007874015749 245.66929133858267 55.511811023622045 comme
1462.2047244094488 1393.7007874015749 108.66141732283465 55.511811023622045 je

451.18110236220474 1459.8425196850394 282.2834645669291 73.22834645669292 faisais
656.6929133858267 1459.8425196850394 179.5275590551181 73.22834645669292 des
759.4488188976378 1459.8425196850394 307.0866141732283 73.22834645669292 marines.
989.7637795275591 1459.8425196850394 359.0551181102362 73.22834645669292 L’occasion
1272.0472440944882 1459.8425196850394 179.5275590551181 73.22834645669292 est
1348.8188976377953 1459.8425196850394 256.2992125984252 73.22834645669292 unique;.

457.0866141732283 1535.4330708661416 148.8188976377953 64.96062992125984 il
531.496062992126 1535.4330708661416 124.01574803149606 64.96062992125984 y
581.1023622047244 1535.4330708661416 124.01574803149606 64.96062992125984 a
630.7086614173228 1535.4330708661416 173.6220472440945 64.96062992125984 sur
728.7401574803149 1535.4330708661416 148.8188976377953 64.96062992125984 le
803.1496062992126 1535.4330708661416 222.04724409448818 64.96062992125984 faîte
951.9685039370079 1535.4330708661416 148.8188976377953 64.96062992125984 de
1025.1968503937007 1535.4330708661416 148.8188976377953 64.96062992125984 la
1099.6062992125985 1535.4330708661416 246.8503937007874 64.96062992125984 maison
1273.2283464566929 1535.4330708661416 173.6220472440945 64.96062992125984 une
1347.6377952755906 1535.4330708661416 222.04724409448818 64.96062992125984 galerie

454.7244094488189 1598.0314960629921 181.88976377952756 60.23622047244095 qui
558.6614173228346 1598.0314960629921 155.90551181102362 60.23622047244095 en
636.6141732283464 1598.0314960629921 207.8740157480315 60.23622047244095 fait
766.5354330708661 1598.0314960629921 155.90551181102362 60.23622047244095 le
844.488188976378 1598.0314960629921 233.85826771653544 60.23622047244095 tour;
1000.3937007874016 1598.0314960629921 207.8740157480315 60.23622047244095 elle
1129.1338582677165 1598.0314960629921 129.92125984251967 60.23622047244095 a
1181.1023622047244 1598.0314960629921 181.88976377952756 60.23622047244095 été
1259.0551181102362 1598.0314960629921 311.81102362204723 60.23622047244095 construite

454.7244094488189 1658.267716535433 181.88976377952756 82.67716535433071 par
558.6614173228346 1658.267716535433 155.90551181102362 82.67716535433071 M.
636.6141732283464 1658.267716535433 311.81102362204723 82.67716535433071 Ouvrard,
870.4724409448819 1658.267716535433 233.85826771653544 82.67716535433071 c’est
1027.5590551181103 1658.267716535433 363.7795275590551 82.67716535433071 splendide.
1313.3858267716535 1658.267716535433 155.90551181102362 82.67716535433071 Ce
1365.3543307086613 1658.267716535433 207.8740157480315 82.67716535433071 serait

455.90551181102364 1724.4094488188975 222.04724409448818 72.04724409448819 aussi
604.7244094488188 1724.4094488188975 370.86614173228344 72.04724409448819 intéressant
900.0 1724.4094488188975 172.44094488188978 72.04724409448819 que
999.2125984251968 1724.4094488188975 172.44094488188978 72.04724409448819 mes
1098.4251968503936 1724.4094488188975 271.65354330708664 72.04724409448819 marines
1270.8661417322835 1724.4094488188975 296.45669291338584 72.04724409448819 d’Etretat.

454.7244094488189 1808.267716535433 227.95275590551182 56.69291338582677 Mais,
605.9055118110236 1808.267716535433 227.95275590551182 56.69291338582677 chose
758.2677165354331 1808.267716535433 203.1496062992126 56.69291338582677 sans
885.8267716535433 1808.267716535433 278.74015748031496 56.69291338582677 exemple
1088.976377952756 1808.267716535433 152.36220472440945 56.69291338582677 et
1164.5669291338584 1808.267716535433 227.95275590551182 56.69291338582677 d’une
1292.1259842519685 1808.267716535433 278.74015748031496 56.69291338582677 brutalité

455.90551181102364 1883.8582677165355 193.70078740157481 64.96062992125984 sans
577.5590551181102 1883.8582677165355 315.3543307086614 64.96062992125984 pareille,
819.6850393700787 1883.8582677165355 145.2755905511811 64.96062992125984 il
892.9133858267717 1883.8582677165355 145.2755905511811 64.96062992125984 ne
964.9606299212599 1883.8582677165355 218.50393700787401 64.96062992125984 m’est
1110.236220472441 1883.8582677165355 170.07874015748033 64.96062992125984 pas
1207.0866141732283 1883.8582677165355 242.1259842519685 64.96062992125984 permis
1352.3622047244094 1883.8582677165355 218.50393700787401 64.96062992125984 d’avoir

455.90551181102364 1960.6299212598426 170.07874015748033 54.330708661417326 mes
553.9370078740158 1960.6299212598426 363.7795275590551 54.330708661417326 instruments
844.488188976378 1960.6299212598426 145.2755905511811 54.330708661417326 de
916.5354330708661 1960.6299212598426 363.7795275590551 54.330708661417326 travail...»
1207.0866141732283 1960.6299212598426 145.2755905511811 54.330708661417326 Il
1280.3149606299212 1960.6299212598426 290.5511811023622 54.330708661417326 ajoutait
1474.015748031496 1960.6299212598426 96.85039370078741 54.330708661417326 en

454.7244094488189 2017.3228346456692 412.20472440944883 63.77952755905512 post-scriptum
794.8818897637796 2017.3228346456692 121.65354330708661 63.77952755905512 :
843.3070866141733 2017.3228346456692 121.65354330708661 63.77952755905512 «
891.7322834645669 2017.3228346456692 437.00787401574803 63.77952755905512 Dépêchez-vous,
1255.5118110236222 2017.3228346456692 170.07874015748033 63.77952755905512 car
1352.3622047244094 2017.3228346456692 145.2755905511811 63.77952755905512 le
1400.7874015748032 2017.3228346456692 170.07874015748033 63.77952755905512 temps

455.90551181102364 2089.3700787401576 173.6220472440945 49.60629921259842 est
555.1181102362204 2089.3700787401576 421.65354330708664 49.60629921259842 magnifique...
902.3622047244095 2089.3700787401576 124.01574803149606 49.60629921259842 »
951.9685039370079 2089.3700787401576 248.03149606299212 49.60629921259842 Hélas!
1125.5905511811025 2089.3700787401576 148.8188976377953 49.60629921259842 le
1200.0 2089.3700787401576 223.22834645669292 49.60629921259842 temps
1348.8188976377953 2089.3700787401576 173.6220472440945 49.60629921259842 eut
1423.2283464566929 2089.3700787401576 148.8188976377953 49.60629921259842 tout

454.7244094488189 2149.6062992125985 242.1259842519685 64.96062992125984 loisir
623.6220472440945 2149.6062992125985 145.2755905511811 64.96062992125984 de
695.6692913385826 2149.6062992125985 290.5511811023622 64.96062992125984 changer,
914.1732283464567 2149.6062992125985 435.8267716535433 64.96062992125984 l’autorisation
1276.7716535433071 2149.6062992125985 145.2755905511811 64.96062992125984 ne
1350.0 2149.6062992125985 168.89763779527559 64.96062992125984 put
1422.0472440944882 2149.6062992125985 145.2755905511811 64.96062992125984 être

427.5590551181102 2225.196850393701 261.0236220472441 55.511811023622045 obtenue.

505.51181102362204 2291.3385826771655 271.65354330708664 54.330708661417326 Courbet
702.7559055118111 2291.3385826771655 147.63779527559055 54.330708661417326 ne
777.1653543307086 2291.3385826771655 246.8503937007874 54.330708661417326 serait
949.6062992125984 2291.3385826771655 172.44094488188978 54.330708661417326 pas
1048.8188976377953 2291.3385826771655 147.63779527559055 54.330708661417326 le
1123.2283464566929 2291.3385826771655 222.04724409448818 54.330708661417326 grand
1270.8661417322835 2291.3385826771655 271.65354330708664 54.330708661417326 peintre
1443.3070866141732 2291.3385826771655 124.01574803149606 54.330708661417326 que

455.90551181102364 2357.48031496063 188.9763779527559 63.77952755905512 nous
574.0157480314961 2357.48031496063 307.0866141732283 63.77952755905512 admirons,
810.2362204724409 2357.48031496063 188.9763779527559 63.77952755905512 s’il
928.3464566929134 2357.48031496063 259.84251968503935 63.77952755905512 n’avait
1118.5039370078741 2357.48031496063 236.2204724409449 63.77952755905512 abordé
1283.8582677165355 2357.48031496063 141.73228346456693 63.77952755905512 le
1354.724409448819 2357.48031496063 165.35433070866142 63.77952755905512 nu,
1425.5905511811025 2357.48031496063 141.73228346456693 63.77952755905512 s’il
