1749 2481
782 388 145 54 —
840 388 174 54 21
927 388 145 54 —

403 452 210 63 n’était
556 452 153 63 venu
651 452 191 63 lutter
785 452 96 63 à
823 452 134 63 son
900 452 153 63 tour
995 452 191 63 contre
1129 452 134 63 les
1186 452 153 63 diffi-

402 515 196 63 cultés
539 515 117 63 de
598 515 117 63 la
657 515 196 63 chair.
794 515 176 63 «Car,
911 515 176 63 c’est
1028 515 117 63 la
1087 515 196 63 chair,
1204 515 137 63 qu’il

403 588 131 47 est
478 588 244 47 difficile
666 588 113 47 de
722 588 206 47 rendre;
872 588 169 47 c’est
985 588 113 47 ce
1041 588 169 47 blanc
1135 588 206 47 onctueux,

402 636 157 47 égal
500 636 157 47 sans
598 636 157 47 être
696 636 157 47 pâle
794 636 117 47 ni
853 636 157 47 mat;
951 636 176 47 c’est
1068 636 117 47 ce
1127 636 215 47 mélange
1264 636 78 47 de

399 705 184 49 rouge
521 705 123 49 et
583 705 123 49 de
644 705 164 49 bleu
746 705 143 49 qui
828 705 266 49 transpire
1013 705 327 49 imperceptible-

401 755 166 48 ment;
511 755 166 48 c’est
622 755 111 48 le
677 755 166 48 sang,
788 755 111 48 la
843 755 148 48 vie,
935 755 129 48 qui
1009 755 148 48 font
1101 755 111 48 le
1138 755 203 48 désespoir

399 812 123 46 du
460 812 286 46 coloriste.
685 812 184 46 Celui
807 812 143 46 qui
889 812 102 46 a
930 812 204 46 acquis
1073 812 123 46 le
1114 812 225 46 sentiment

401 868 115 48 de
458 868 115 48 la
516 868 191 48 chair,
650 868 96 48 a
688 868 153 48 fait
784 868 115 48 un
841 868 172 48 grand
956 868 153 48 pas;
1052 868 115 48 le
1109 868 172 48 reste
1205 868 134 48 n’est

398 925 160 53 rien
498 925 120 53 en
558 925 320 53 comparaison.
818 925 180 53 Mille
937 925 240 53 peintres
1117 925 160 53 sont
1197 925 140 53 morts

400 997 154 38 sans
496 997 173 38 avoir
611 997 173 38 senti
726 997 115 38 la
784 997 192 38 chair;
918 997 173 38 mille
1033 997 192 38 autres
1148 997 192 38 mourront

398 1059 167 48 sans
503 1059 230 48 l’avoir
670 1059 251 48 sentie.»
858 1059 293 48 (Diderot.)
1088 1059 125 48 Le
1130 1059 209 48 problème

402 1101 139 50 est
482 1101 199 50 encore
621 1101 159 50 plus
721 1101 259 50 compliqué
920 1101 139 50 que
999 1101 119 50 ne
1059 1101 119 50 le
1119 1101 159 50 fait
1199 1101 139 50 Dide-

399 1164 150 49 rot,
493 1164 131 49 qui
568 1164 113 49 ne
625 1164 169 49 tient
737 1164 131 49 pas
812 1164 188 49 compte
944 1164 131 49 des
1019 1164 225 49 reflets.
1169 1164 169 49 Courbet

396 1220 281 62 l’attaqua,
617 1220 221 62 d’abord
777 1220 161 62 avec
878 1220 241 62 vigueur,
1058 1220 100 62 —
1098 1220 140 62 une
1158 1220 181 62 vigueur

398 1292 143 47 qui
479 1292 143 47 fit
561 1292 205 47 crier;
705 1292 102 47 —
745 1292 184 47 puis,
868 1292 164 47 avec
971 1292 143 47 une
1052 1292 184 47 grâce
1155 1292 184 47 adoucie

400 1338 124 48 qui
471 1338 160 48 finit
578 1338 124 48 par
649 1338 213 48 délecter
809 1338 124 48 les
880 1338 231 48 amateurs.
1057 1338 124 48 Des
1110 1338 231 48 <i>Bai

397 1396 327 61 <i>gneuses</i>
669 1396 109 61 de
724 1396 164 61 1853,
833 1396 218 61 accusées
997 1396 182 61 d’être
1124 1396 218 61 épaisses
1269 1396 73 61 et

398 1452 307 46 crasseuses,
643 1452 123 46 il
705 1452 184 46 montà
828 1452 143 46 aux
910 1452 225 46 nudités
1074 1452 266 46 élégantes
1258 1452 82 46 de

396 1507 132 55 la
462 1507 329 55 Parisienne.
725 1507 132 55 Sa
791 1507 263 55 palette,
989 1507 132 55 un
1055 1507 154 55 peu
1142 1507 198 55 noire
1252 1507 88 55 au

398 1577 196 41 début,
536 1577 216 41 s’était
692 1577 274 41 rapidement
908 1577 274 41 éclaircic;
1123 1577 137 41 ses
1182 1577 157 41 ombres

399 1628 249 46 devinrent
591 1628 326 46 transparentes
859 1628 115 46 et
917 1628 230 46 légères.
1090 1628 115 46 La
1147 1628 192 46 chair,
1262 1628 77 46 la

397 1683 244 55 véritable
585 1683 169 55 chair
698 1683 169 55 coula
811 1683 113 55 de
867 1683 132 55 son
942 1683 207 55 couteau
1093 1683 244 55 flexible.
1262 1683 75 55 Il

395 1754 121 47 se
455 1754 261 47 passionna
656 1754 161 47 pour
757 1754 121 47 ce
817 1754 221 47 travail
978 1754 141 47 qui
1058 1754 121 47 le
1099 1754 241 47 maintenait

398 1804 111 54 en
453 1804 166 54 joie.
563 1804 111 54 Il
619 1804 129 54 fit
692 1804 129 54 des
766 1804 184 54 femmes
895 1804 111 54 de
950 1804 184 54 toutes
1079 1804 129 54 les
1134 1804 203 54 couleurs,

396 1861 235 61 rousses,
573 1861 235 61 blondes,
749 1861 216 61 brunes;
906 1861 157 61 dans
1004 1861 196 61 toutes
1141 1861 137 61 les
1200 1861 137 61 posi-

395 1932 196 39 tions,
533 1932 216 39 debout,
690 1932 235 39 assises,
866 1932 255 39 couchées;
1062 1932 157 39 sous
1160 1932 157 39 tous
1239 1932 98 39 les

393 1989 202 46 noms,
527 1989 337 46 baigneuses,
797 1989 315 46 dormeuses,
1022 1989 315 46 paresseuses;
