2065.748031496063 2930.314960629921
923.6220472440945 458.26771653543307 171.25984251968504 63.77952755905512 —
992.1259842519685 458.26771653543307 205.51181102362204 63.77952755905512 21
1094.8818897637796 458.26771653543307 171.25984251968504 63.77952755905512 —

475.98425196850394 533.8582677165355 248.03149606299212 74.40944881889764 n’était
656.6929133858267 533.8582677165355 180.70866141732284 74.40944881889764 venu
768.8976377952756 533.8582677165355 225.59055118110237 74.40944881889764 lutter
927.1653543307086 533.8582677165355 113.38582677165354 74.40944881889764 à
972.0472440944882 533.8582677165355 158.26771653543307 74.40944881889764 son
1062.992125984252 533.8582677165355 180.70866141732284 74.40944881889764 tour
1175.1968503937007 533.8582677165355 225.59055118110237 74.40944881889764 contre
1333.4645669291338 533.8582677165355 158.26771653543307 74.40944881889764 les
1400.7874015748032 533.8582677165355 180.70866141732284 74.40944881889764 diffi-

474.8031496062992 608.2677165354331 231.49606299212599 74.40944881889764 cultés
636.6141732283464 608.2677165354331 138.18897637795277 74.40944881889764 de
706.2992125984252 608.2677165354331 138.18897637795277 74.40944881889764 la
775.9842519685039 608.2677165354331 231.49606299212599 74.40944881889764 chair.
937.7952755905512 608.2677165354331 207.8740157480315 74.40944881889764 «Car,
1075.984251968504 608.2677165354331 207.8740157480315 74.40944881889764 c’est
1214.1732283464567 608.2677165354331 138.18897637795277 74.40944881889764 la
1283.8582677165355 608.2677165354331 231.49606299212599 74.40944881889764 chair,
1422.0472440944882 608.2677165354331 161.81102362204723 74.40944881889764 qu’il

475.98425196850394 694.488188976378 154.7244094488189 55.511811023622045 est
564.5669291338583 694.488188976378 288.18897637795277 55.511811023622045 difficile
786.6141732283464 694.488188976378 133.46456692913387 55.511811023622045 de
852.7559055118111 694.488188976378 243.30708661417322 55.511811023622045 rendre;
1029.9212598425197 694.488188976378 199.60629921259843 55.511811023622045 c’est
1163.3858267716535 694.488188976378 133.46456692913387 55.511811023622045 ce
1229.5275590551182 694.488188976378 199.60629921259843 55.511811023622045 blanc
1340.5511811023623 694.488188976378 243.30708661417322 55.511811023622045 onctueux,

474.8031496062992 751.1811023622047 185.43307086614172 55.511811023622045 égal
590.5511811023622 751.1811023622047 185.43307086614172 55.511811023622045 sans
706.2992125984252 751.1811023622047 185.43307086614172 55.511811023622045 être
822.0472440944882 751.1811023622047 185.43307086614172 55.511811023622045 pâle
937.7952755905512 751.1811023622047 138.18897637795277 55.511811023622045 ni
1007.4803149606299 751.1811023622047 185.43307086614172 55.511811023622045 mat;
1123.2283464566929 751.1811023622047 207.8740157480315 55.511811023622045 c’est
1261.4173228346456 751.1811023622047 138.18897637795277 55.511811023622045 ce
1331.1023622047244 751.1811023622047 253.93700787401573 55.511811023622045 mélange
1492.9133858267717 751.1811023622047 92.1259842519685 55.511811023622045 de

471.25984251968504 832.6771653543307 217.3228346456693 57.874015748031496 rouge
615.3543307086615 832.6771653543307 145.2755905511811 57.874015748031496 et
688.5826771653543 832.6771653543307 145.2755905511811 57.874015748031496 de
760.6299212598425 832.6771653543307 193.70078740157481 57.874015748031496 bleu
881.1023622047244 832.6771653543307 168.89763779527559 57.874015748031496 qui
977.9527559055118 832.6771653543307 314.1732283464567 57.874015748031496 transpire
1196.4566929133857 832.6771653543307 386.2204724409449 57.874015748031496 imperceptible-

473.62204724409446 891.7322834645669 196.06299212598427 56.69291338582677 ment;
603.5433070866142 891.7322834645669 196.06299212598427 56.69291338582677 c’est
734.6456692913385 891.7322834645669 131.10236220472441 56.69291338582677 le
799.6062992125984 891.7322834645669 196.06299212598427 56.69291338582677 sang,
930.7086614173228 891.7322834645669 131.10236220472441 56.69291338582677 la
995.6692913385826 891.7322834645669 174.8031496062992 56.69291338582677 vie,
1104.3307086614172 891.7322834645669 152.36220472440945 56.69291338582677 qui
1191.732283464567 891.7322834645669 174.8031496062992 56.69291338582677 font
1300.3937007874015 891.7322834645669 131.10236220472441 56.69291338582677 le
1344.0944881889764 891.7322834645669 239.76377952755905 56.69291338582677 désespoir

471.25984251968504 959.0551181102362 145.2755905511811 54.330708661417326 du
543.3070866141733 959.0551181102362 337.79527559055117 54.330708661417326 coloriste.
809.0551181102362 959.0551181102362 217.3228346456693 54.330708661417326 Celui
953.1496062992126 959.0551181102362 168.89763779527559 54.330708661417326 qui
1050.0 959.0551181102362 120.4724409448819 54.330708661417326 a
1098.4251968503936 959.0551181102362 240.9448818897638 54.330708661417326 acquis
1267.3228346456692 959.0551181102362 145.2755905511811 54.330708661417326 le
1315.748031496063 959.0551181102362 265.748031496063 54.330708661417326 sentiment

473.62204724409446 1025.1968503937007 135.82677165354332 56.69291338582677 de
540.9448818897638 1025.1968503937007 135.82677165354332 56.69291338582677 la
609.4488188976378 1025.1968503937007 225.59055118110237 56.69291338582677 chair,
767.7165354330708 1025.1968503937007 113.38582677165354 56.69291338582677 a
812.5984251968504 1025.1968503937007 180.70866141732284 56.69291338582677 fait
925.9842519685039 1025.1968503937007 135.82677165354332 56.69291338582677 un
993.3070866141733 1025.1968503937007 203.1496062992126 56.69291338582677 grand
1129.1338582677165 1025.1968503937007 180.70866141732284 56.69291338582677 pas;
1242.5196850393702 1025.1968503937007 135.82677165354332 56.69291338582677 le
1309.8425196850394 1025.1968503937007 203.1496062992126 56.69291338582677 reste
1423.2283464566929 1025.1968503937007 158.26771653543307 56.69291338582677 n’est

470.0787401574803 1092.5196850393702 188.9763779527559 62.59842519685039 rien
588.1889763779527 1092.5196850393702 141.73228346456693 62.59842519685039 en
659.0551181102362 1092.5196850393702 377.9527559055118 62.59842519685039 comparaison.
966.1417322834645 1092.5196850393702 212.5984251968504 62.59842519685039 Mille
1106.6929133858268 1092.5196850393702 283.46456692913387 62.59842519685039 peintres
1319.291338582677 1092.5196850393702 188.9763779527559 62.59842519685039 sont
1413.7795275590552 1092.5196850393702 165.35433070866142 62.59842519685039 morts

472.4409448818898 1177.5590551181103 181.88976377952756 44.881889763779526 sans
585.8267716535433 1177.5590551181103 204.33070866141733 44.881889763779526 avoir
721.6535433070866 1177.5590551181103 204.33070866141733 44.881889763779526 senti
857.4803149606299 1177.5590551181103 135.82677165354332 44.881889763779526 la
925.9842519685039 1177.5590551181103 226.77165354330708 44.881889763779526 chair;
1084.251968503937 1177.5590551181103 204.33070866141733 44.881889763779526 mille
1220.0787401574803 1177.5590551181103 226.77165354330708 44.881889763779526 autres
1355.9055118110236 1177.5590551181103 226.77165354330708 44.881889763779526 mourront

470.0787401574803 1250.7874015748032 197.24409448818898 56.69291338582677 sans
594.0944881889764 1250.7874015748032 271.65354330708664 56.69291338582677 l’avoir
791.3385826771654 1250.7874015748032 296.45669291338584 56.69291338582677 sentie.»
1013.3858267716536 1250.7874015748032 346.06299212598424 56.69291338582677 (Diderot.)
1285.0393700787401 1250.7874015748032 147.63779527559055 56.69291338582677 Le
1334.6456692913387 1250.7874015748032 246.8503937007874 56.69291338582677 problème

474.8031496062992 1300.3937007874015 164.17322834645668 59.05511811023622 est
569.2913385826772 1300.3937007874015 235.03937007874015 59.05511811023622 encore
733.4645669291339 1300.3937007874015 187.79527559055117 59.05511811023622 plus
851.5748031496063 1300.3937007874015 305.90551181102364 59.05511811023622 compliqué
1086.6141732283465 1300.3937007874015 164.17322834645668 59.05511811023622 que
1179.9212598425197 1300.3937007874015 140.5511811023622 59.05511811023622 ne
1250.7874015748032 1300.3937007874015 140.5511811023622 59.05511811023622 le
1321.6535433070867 1300.3937007874015 187.79527559055117 59.05511811023622 fait
1416.1417322834645 1300.3937007874015 164.17322834645668 59.05511811023622 Dide-

471.25984251968504 1374.8031496062993 177.16535433070865 57.874015748031496 rot,
582.2834645669292 1374.8031496062993 154.7244094488189 57.874015748031496 qui
670.8661417322835 1374.8031496062993 133.46456692913387 57.874015748031496 ne
738.1889763779527 1374.8031496062993 199.60629921259843 57.874015748031496 tient
870.4724409448819 1374.8031496062993 154.7244094488189 57.874015748031496 pas
959.0551181102362 1374.8031496062993 222.04724409448818 57.874015748031496 compte
1114.9606299212599 1374.8031496062993 154.7244094488189 57.874015748031496 des
1203.5433070866143 1374.8031496062993 265.748031496063 57.874015748031496 reflets.
1380.708661417323 1374.8031496062993 199.60629921259843 57.874015748031496 Courbet

467.7165354330709 1440.9448818897638 331.8897637795276 73.22834645669292 l’attaqua,
728.7401574803149 1440.9448818897638 261.0236220472441 73.22834645669292 d’abord
917.7165354330708 1440.9448818897638 190.15748031496062 73.22834645669292 avec
1037.007874015748 1440.9448818897638 284.6456692913386 73.22834645669292 vigueur,
1249.6062992125985 1440.9448818897638 118.11023622047244 73.22834645669292 —
1296.8503937007874 1440.9448818897638 165.35433070866142 73.22834645669292 une
1367.716535433071 1440.9448818897638 213.7795275590551 73.22834645669292 vigueur

470.0787401574803 1525.984251968504 168.89763779527559 55.511811023622045 qui
565.7480314960629 1525.984251968504 168.89763779527559 55.511811023622045 fit
662.5984251968504 1525.984251968504 242.1259842519685 55.511811023622045 crier;
832.6771653543307 1525.984251968504 120.4724409448819 55.511811023622045 —
879.9212598425197 1525.984251968504 217.3228346456693 55.511811023622045 puis,
1025.1968503937007 1525.984251968504 193.70078740157481 55.511811023622045 avec
1146.8503937007874 1525.984251968504 168.89763779527559 55.511811023622045 une
1242.5196850393702 1525.984251968504 217.3228346456693 55.511811023622045 grâce
1364.1732283464567 1525.984251968504 217.3228346456693 55.511811023622045 adoucie

472.4409448818898 1580.3149606299212 146.45669291338584 56.69291338582677 qui
556.2992125984252 1580.3149606299212 188.9763779527559 56.69291338582677 finit
682.6771653543307 1580.3149606299212 146.45669291338584 56.69291338582677 par
766.5354330708661 1580.3149606299212 251.5748031496063 56.69291338582677 délecter
955.511811023622 1580.3149606299212 146.45669291338584 56.69291338582677 les
1039.3700787401574 1580.3149606299212 272.8346456692913 56.69291338582677 amateurs.
1248.4251968503936 1580.3149606299212 146.45669291338584 56.69291338582677 Des
1311.023622047244 1580.3149606299212 272.8346456692913 56.69291338582677 Bai

468.8976377952756 1648.8188976377953 386.2204724409449 72.04724409448819 gneuses
790.1574803149606 1648.8188976377953 128.74015748031496 72.04724409448819 de
855.1181102362204 1648.8188976377953 193.70078740157481 72.04724409448819 1853,
983.8582677165355 1648.8188976377953 257.4803149606299 72.04724409448819 accusées
1177.5590551181103 1648.8188976377953 214.96062992125985 72.04724409448819 d’être
1327.5590551181103 1648.8188976377953 257.4803149606299 72.04724409448819 épaisses
1498.8188976377953 1648.8188976377953 86.22047244094489 72.04724409448819 et

470.0787401574803 1714.9606299212599 362.59842519685037 54.330708661417326 crasseuses,
759.4488188976378 1714.9606299212599 145.2755905511811 54.330708661417326 il
832.6771653543307 1714.9606299212599 217.3228346456693 54.330708661417326 montà
977.9527559055118 1714.9606299212599 168.89763779527559 54.330708661417326 aux
1074.8031496062993 1714.9606299212599 265.748031496063 54.330708661417326 nudités
1268.5039370078741 1714.9606299212599 314.1732283464567 54.330708661417326 élégantes
1485.8267716535433 1714.9606299212599 96.85039370078741 54.330708661417326 de

467.7165354330709 1779.9212598425197 155.90551181102362 64.96062992125984 la
545.6692913385826 1779.9212598425197 388.5826771653543 64.96062992125984 Parisienne.
856.2992125984252 1779.9212598425197 155.90551181102362 64.96062992125984 Sa
934.2519685039371 1779.9212598425197 310.62992125984255 64.96062992125984 palette,
1168.1102362204724 1779.9212598425197 155.90551181102362 64.96062992125984 un
1246.0629921259842 1779.9212598425197 181.88976377952756 64.96062992125984 peu
1348.8188976377953 1779.9212598425197 233.85826771653544 64.96062992125984 noire
1478.740157480315 1779.9212598425197 103.93700787401575 64.96062992125984 au

470.0787401574803 1862.5984251968505 231.49606299212599 48.425196850393704 début,
633.0708661417323 1862.5984251968505 255.11811023622047 48.425196850393704 s’était
817.3228346456693 1862.5984251968505 323.62204724409446 48.425196850393704 rapidement
1072.4409448818897 1862.5984251968505 323.62204724409446 48.425196850393704 éclaircic;
1326.3779527559054 1862.5984251968505 161.81102362204723 48.425196850393704 ses
1396.0629921259842 1862.5984251968505 185.43307086614172 48.425196850393704 ombres

471.25984251968504 1922.8346456692914 294.09448818897636 54.330708661417326 devinrent
698.0314960629921 1922.8346456692914 385.03937007874015 54.330708661417326 transparentes
1014.5669291338583 1922.8346456692914 135.82677165354332 54.330708661417326 et
1083.0708661417323 1922.8346456692914 271.65354330708664 54.330708661417326 légères.
1287.4015748031495 1922.8346456692914 135.82677165354332 54.330708661417326 La
1354.724409448819 1922.8346456692914 226.77165354330708 54.330708661417326 chair,
1490.5511811023623 1922.8346456692914 90.94488188976378 54.330708661417326 la

468.8976377952756 1987.7952755905512 288.18897637795277 64.96062992125984 véritable
690.9448818897638 1987.7952755905512 199.60629921259843 64.96062992125984 chair
824.4094488188977 1987.7952755905512 199.60629921259843 64.96062992125984 coula
957.8740157480315 1987.7952755905512 133.46456692913387 64.96062992125984 de
1024.015748031496 1987.7952755905512 155.90551181102362 64.96062992125984 son
1112.5984251968505 1987.7952755905512 244.48818897637796 64.96062992125984 couteau
1290.9448818897638 1987.7952755905512 288.18897637795277 64.96062992125984 flexible.
1490.5511811023623 1987.7952755905512 88.58267716535433 64.96062992125984 Il

466.53543307086613 2071.6535433070867 142.91338582677164 55.511811023622045 se
537.4015748031496 2071.6535433070867 308.26771653543307 55.511811023622045 passionna
774.8031496062993 2071.6535433070867 190.15748031496062 55.511811023622045 pour
894.0944881889764 2071.6535433070867 142.91338582677164 55.511811023622045 ce
964.9606299212599 2071.6535433070867 261.0236220472441 55.511811023622045 travail
1155.1181102362204 2071.6535433070867 166.53543307086613 55.511811023622045 qui
1249.6062992125985 2071.6535433070867 142.91338582677164 55.511811023622045 le
1298.0314960629921 2071.6535433070867 284.6456692913386 55.511811023622045 maintenait

470.0787401574803 2130.7086614173227 131.10236220472441 63.77952755905512 en
535.0393700787401 2130.7086614173227 196.06299212598427 63.77952755905512 joie.
664.9606299212599 2130.7086614173227 131.10236220472441 63.77952755905512 Il
731.1023622047244 2130.7086614173227 152.36220472440945 63.77952755905512 fit
817.3228346456693 2130.7086614173227 152.36220472440945 63.77952755905512 des
904.7244094488188 2130.7086614173227 217.3228346456693 63.77952755905512 femmes
1057.0866141732283 2130.7086614173227 131.10236220472441 63.77952755905512 de
1122.0472440944882 2130.7086614173227 217.3228346456693 63.77952755905512 toutes
1274.4094488188975 2130.7086614173227 152.36220472440945 63.77952755905512 les
1339.3700787401574 2130.7086614173227 239.76377952755905 63.77952755905512 couleurs,

467.7165354330709 2198.031496062992 277.5590551181102 72.04724409448819 rousses,
676.7716535433071 2198.031496062992 277.5590551181102 72.04724409448819 blondes,
884.6456692913385 2198.031496062992 255.11811023622047 72.04724409448819 brunes;
1070.0787401574803 2198.031496062992 185.43307086614172 72.04724409448819 dans
1185.8267716535433 2198.031496062992 231.49606299212599 72.04724409448819 toutes
1347.6377952755906 2198.031496062992 161.81102362204723 72.04724409448819 les
1417.3228346456692 2198.031496062992 161.81102362204723 72.04724409448819 posi-

466.53543307086613 2281.8897637795276 231.49606299212599 46.06299212598425 tions,
629.5275590551181 2281.8897637795276 255.11811023622047 46.06299212598425 debout,
814.9606299212599 2281.8897637795276 277.5590551181102 46.06299212598425 assises,
1022.8346456692914 2281.8897637795276 301.18110236220474 46.06299212598425 couchées;
1254.3307086614172 2281.8897637795276 185.43307086614172 46.06299212598425 sous
1370.0787401574803 2281.8897637795276 185.43307086614172 46.06299212598425 tous
1463.3858267716535 2281.8897637795276 115.74803149606299 46.06299212598425 les

464.1732283464567 2349.212598425197 238.58267716535434 54.330708661417326 noms,
622.4409448818898 2349.212598425197 398.0314960629921 54.330708661417326 baigneuses,
941.3385826771654 2349.212598425197 372.0472440944882 54.330708661417326 dormeuses,
1207.0866141732283 2349.212598425197 372.0472440944882 54.330708661417326 paresseuses;
