1749 2481
790 398 114 36 —
836 398 137 36 22
882 398 69 36 —

400 461 150 61 dans
494 461 187 61 toutes
625 461 131 61 les
700 461 243 61 lumières,
887 461 187 61 soleil
1018 461 131 61 des
1093 461 206 61 plages,
1224 461 112 61 ver-

397 516 171 47 dure
503 516 149 47 des
589 516 192 47 bois,
717 516 256 47 pénombre
909 516 149 47 des
994 516 278 47 boudoirs.
1187 516 149 47 L’ex-

399 580 268 55 position
600 580 268 55 actuelle
801 580 134 55 en
868 580 290 55 rassemble
1091 580 134 55 un
1136 580 201 55 certain

395 636 219 46 nombre
548 636 153 46 qui
636 636 175 46 sont
746 636 153 46 des
833 636 329 46 merveilles.
1096 636 131 46 On
1162 636 153 46 est
1227 636 110 46 ici

401 703 122 59 au
462 703 183 59 point
584 703 265 59 culminant
787 703 122 59 de
848 703 204 59 l’art.
991 703 122 59 Le
1052 703 204 59 modelé
1195 703 122 59 de
1235 703 102 59 ces

397 748 180 54 beaux
517 748 200 54 seins,
656 748 120 54 de
716 748 140 54 ces
796 748 180 54 bras,
916 748 120 54 de
976 748 140 54 ces
1056 748 279 54 poitrines,
1255 748 80 54 la

397 813 249 46 fraïcheur
589 813 115 46 et
646 813 211 46 l’éclat
800 813 115 46 de
857 813 134 46 ces
934 813 249 46 épidermes
1126 813 115 46 ne
1164 813 173 46 lassent

397 868 149 63 pas
482 868 128 63 la
546 868 384 63 contemplation.
866 868 213 63 Faites
1015 868 320 63 intervenir,
1250 868 85 63 si

397 924 164 46 vous
499 924 225 46 voulez,
662 924 143 46 les
744 924 164 46 plus
846 924 204 46 grands
989 924 164 46 noms
1092 924 123 46 de
1153 924 123 46 la
1194 924 143 46 pein-

398 988 176 54 ture;
516 988 117 54 je
575 988 117 54 ne
633 988 176 54 crois
751 988 137 54 pas
829 988 176 54 qu’on
947 988 137 54 ait
1025 988 196 54 jamais
1142 988 196 54 approché

399 1044 117 46 la
458 1044 137 46 vie
536 1044 215 46 d’aussi
692 1044 176 46 près.
809 1044 117 46 Si
868 1044 215 46 Diderot
1024 1044 195 46 voyait
1160 1044 117 46 la
1199 1044 137 46 façon

394 1108 179 55 dont
506 1108 247 55 Courbet
685 1108 112 55 a
730 1108 224 55 traité
887 1108 157 55 «ce
976 1108 202 55 blanc
1088 1108 247 55 onctueux,

395 1164 167 46 égal
500 1164 167 46 sans
604 1164 167 46 être
709 1164 167 46 pâle
813 1164 125 46 ni
876 1164 146 46 mat
960 1164 125 46 »,
1022 1164 146 46 qui
1106 1164 188 46 riait
1211 1164 125 46 dans

395 1221 150 46 son
480 1221 343 46 imagination,
759 1221 129 46 il
823 1221 300 46 pousserait
1059 1221 150 46 des
1123 1221 214 46 exclama-

400 1276 165 63 tions
510 1276 110 63 de
546 1276 184 63 plaisir.

778 1458 138 48 Vi

442 1621 229 46 C’était
609 1621 125 46 un
672 1621 146 46 des
755 1621 271 46 principes
964 1621 125 46 de
1026 1621 229 46 Courbet
1193 1621 146 46 que
1256 1621 83 46 la

399 1676 205 47 beauté
542 1676 143 47 est
624 1676 246 47 répandue
808 1676 164 47 dans
910 1676 143 47 les
992 1676 205 47 choses
1135 1676 123 47 et
1197 1676 143 47 que
1258 1676 82 47 la

399 1737 225 48 nature,
562 1737 164 48 dans
664 1737 123 48 la
726 1737 307 48 combinaison
971 1737 143 48 des
1053 1737 204 48 formes
1196 1737 123 48 et
1237 1737 102 48 des

398 1796 278 47 couleurs,
611 1796 235 47 possède
782 1796 150 47 une
868 1796 299 47 puissance,
1103 1796 150 47 une
1167 1796 171 47 fécon-

399 1853 157 46 dité
497 1853 294 46 d’invention
733 1853 137 46 qui
811 1853 216 46 déffent
968 1853 118 46 la
1026 1853 294 46 concurrence
1242 1853 98 46 hu-

399 1908 202 54 maine.
540 1908 121 54 «.
601 1908 242 54 Pourquoi
782 1908 363 54 chercherais-je
1085 1908 101 54 à
1125 1908 161 54 voir
1206 1908 141 54 dans)

402 1964 106 55 le
455 1964 159 55 monde
561 1964 124 55 ce,
632 1964 124 55 qui
702 1964 124 55 n’y
773 1964 124 55 est
844 1964 141 55 pas,
932 1964 247 55 disait-il,
1126 1964 106 55 et
1161 1964 177 55 irais
