2065.748031496063 2930.314960629921
933.0708661417323 470.0787401574803 134.64566929133858 42.51968503937008 —
987.4015748031496 470.0787401574803 161.81102362204723 42.51968503937008 22
1041.732283464567 470.0787401574803 81.49606299212599 42.51968503937008 —

472.4409448818898 544.488188976378 177.16535433070865 72.04724409448819 dans
583.4645669291339 544.488188976378 220.86614173228347 72.04724409448819 toutes
738.1889763779527 544.488188976378 154.7244094488189 72.04724409448819 les
826.7716535433071 544.488188976378 287.00787401574803 72.04724409448819 lumières,
1047.6377952755906 544.488188976378 220.86614173228347 72.04724409448819 soleil
1202.3622047244094 544.488188976378 154.7244094488189 72.04724409448819 des
1290.9448818897638 544.488188976378 243.30708661417322 72.04724409448819 plages,
1445.6692913385828 544.488188976378 132.28346456692913 72.04724409448819 ver-

468.8976377952756 609.4488188976378 201.96850393700788 55.511811023622045 dure
594.0944881889764 609.4488188976378 175.98425196850394 55.511811023622045 des
695.6692913385826 609.4488188976378 226.77165354330708 55.511811023622045 bois,
846.8503937007874 609.4488188976378 302.3622047244094 55.511811023622045 pénombre
1073.6220472440946 609.4488188976378 175.98425196850394 55.511811023622045 des
1174.015748031496 609.4488188976378 328.34645669291336 55.511811023622045 boudoirs.
1401.9685039370079 609.4488188976378 175.98425196850394 55.511811023622045 L’ex-

471.25984251968504 685.0393700787401 316.53543307086613 64.96062992125984 position
708.6614173228346 685.0393700787401 316.53543307086613 64.96062992125984 actuelle
946.0629921259842 685.0393700787401 158.26771653543307 64.96062992125984 en
1025.1968503937007 685.0393700787401 342.5196850393701 64.96062992125984 rassemble
1288.5826771653544 685.0393700787401 158.26771653543307 64.96062992125984 un
1341.732283464567 685.0393700787401 237.4015748031496 64.96062992125984 certain

466.53543307086613 751.1811023622047 258.66141732283467 54.330708661417326 nombre
647.2440944881889 751.1811023622047 180.70866141732284 54.330708661417326 qui
751.1811023622047 751.1811023622047 206.69291338582678 54.330708661417326 sont
881.1023622047244 751.1811023622047 180.70866141732284 54.330708661417326 des
983.8582677165355 751.1811023622047 388.5826771653543 54.330708661417326 merveilles.
1294.4881889763778 751.1811023622047 154.7244094488189 54.330708661417326 On
1372.4409448818897 751.1811023622047 180.70866141732284 54.330708661417326 est
1449.2125984251968 751.1811023622047 129.92125984251967 54.330708661417326 ici

473.62204724409446 830.3149606299213 144.09448818897638 69.68503937007874 au
545.6692913385826 830.3149606299213 216.14173228346456 69.68503937007874 point
689.7637795275591 830.3149606299213 312.99212598425197 69.68503937007874 culminant
929.5275590551181 830.3149606299213 144.09448818897638 69.68503937007874 de
1001.5748031496063 830.3149606299213 240.9448818897638 69.68503937007874 l’art.
1170.4724409448818 830.3149606299213 144.09448818897638 69.68503937007874 Le
1242.5196850393702 830.3149606299213 240.9448818897638 69.68503937007874 modelé
1411.4173228346456 830.3149606299213 144.09448818897638 69.68503937007874 de
1458.6614173228347 830.3149606299213 120.4724409448819 69.68503937007874 ces

468.8976377952756 883.4645669291339 212.5984251968504 63.77952755905512 beaux
610.6299212598425 883.4645669291339 236.2204724409449 63.77952755905512 seins,
774.8031496062993 883.4645669291339 141.73228346456693 63.77952755905512 de
845.6692913385826 883.4645669291339 165.35433070866142 63.77952755905512 ces
940.1574803149606 883.4645669291339 212.5984251968504 63.77952755905512 bras,
1081.8897637795276 883.4645669291339 141.73228346456693 63.77952755905512 de
1152.755905511811 883.4645669291339 165.35433070866142 63.77952755905512 ces
1247.244094488189 883.4645669291339 329.5275590551181 63.77952755905512 poitrines,
1482.283464566929 883.4645669291339 94.48818897637796 63.77952755905512 la

468.8976377952756 960.2362204724409 294.09448818897636 54.330708661417326 fraïcheur
695.6692913385826 960.2362204724409 135.82677165354332 54.330708661417326 et
762.992125984252 960.2362204724409 249.21259842519686 54.330708661417326 l’éclat
944.8818897637796 960.2362204724409 135.82677165354332 54.330708661417326 de
1012.2047244094488 960.2362204724409 158.26771653543307 54.330708661417326 ces
1103.1496062992126 960.2362204724409 294.09448818897636 54.330708661417326 épidermes
1329.9212598425197 960.2362204724409 135.82677165354332 54.330708661417326 ne
1374.8031496062993 960.2362204724409 204.33070866141733 54.330708661417326 lassent

468.8976377952756 1025.1968503937007 175.98425196850394 74.40944881889764 pas
569.2913385826772 1025.1968503937007 151.1811023622047 74.40944881889764 la
644.8818897637796 1025.1968503937007 453.54330708661416 74.40944881889764 contemplation.
1022.8346456692914 1025.1968503937007 251.5748031496063 74.40944881889764 Faites
1198.8188976377953 1025.1968503937007 377.9527559055118 74.40944881889764 intervenir,
1476.3779527559054 1025.1968503937007 100.39370078740157 74.40944881889764 si

468.8976377952756 1091.3385826771653 193.70078740157481 54.330708661417326 vous
589.3700787401575 1091.3385826771653 265.748031496063 54.330708661417326 voulez,
781.8897637795276 1091.3385826771653 168.89763779527559 54.330708661417326 les
878.7401574803149 1091.3385826771653 193.70078740157481 54.330708661417326 plus
999.2125984251968 1091.3385826771653 240.9448818897638 54.330708661417326 grands
1168.1102362204724 1091.3385826771653 193.70078740157481 54.330708661417326 noms
1289.763779527559 1091.3385826771653 145.2755905511811 54.330708661417326 de
1361.8110236220473 1091.3385826771653 145.2755905511811 54.330708661417326 la
1410.236220472441 1091.3385826771653 168.89763779527559 54.330708661417326 pein-

470.0787401574803 1166.9291338582677 207.8740157480315 63.77952755905512 ture;
609.4488188976378 1166.9291338582677 138.18897637795277 63.77952755905512 je
679.1338582677165 1166.9291338582677 138.18897637795277 63.77952755905512 ne
747.6377952755905 1166.9291338582677 207.8740157480315 63.77952755905512 crois
887.007874015748 1166.9291338582677 161.81102362204723 63.77952755905512 pas
979.1338582677165 1166.9291338582677 207.8740157480315 63.77952755905512 qu’on
1118.5039370078741 1166.9291338582677 161.81102362204723 63.77952755905512 ait
1210.6299212598426 1166.9291338582677 231.49606299212599 63.77952755905512 jamais
1348.8188976377953 1166.9291338582677 231.49606299212599 63.77952755905512 approché

471.25984251968504 1233.0708661417323 138.18897637795277 54.330708661417326 la
540.9448818897638 1233.0708661417323 161.81102362204723 54.330708661417326 vie
633.0708661417323 1233.0708661417323 253.93700787401573 54.330708661417326 d’aussi
817.3228346456693 1233.0708661417323 207.8740157480315 54.330708661417326 près.
955.511811023622 1233.0708661417323 138.18897637795277 54.330708661417326 Si
1025.1968503937007 1233.0708661417323 253.93700787401573 54.330708661417326 Diderot
1209.4488188976377 1233.0708661417323 230.31496062992127 54.330708661417326 voyait
1370.0787401574803 1233.0708661417323 138.18897637795277 54.330708661417326 la
1416.1417322834645 1233.0708661417323 161.81102362204723 54.330708661417326 façon

465.3543307086614 1308.6614173228347 211.41732283464566 64.96062992125984 dont
597.6377952755905 1308.6614173228347 291.73228346456693 64.96062992125984 Courbet
809.0551181102362 1308.6614173228347 132.28346456692913 64.96062992125984 a
862.2047244094488 1308.6614173228347 264.56692913385825 64.96062992125984 traité
1047.6377952755906 1308.6614173228347 185.43307086614172 64.96062992125984 «ce
1152.755905511811 1308.6614173228347 238.58267716535434 64.96062992125984 blanc
1285.0393700787401 1308.6614173228347 291.73228346456693 64.96062992125984 onctueux,

466.53543307086613 1374.8031496062993 197.24409448818898 54.330708661417326 égal
590.5511811023622 1374.8031496062993 197.24409448818898 54.330708661417326 sans
713.3858267716536 1374.8031496062993 197.24409448818898 54.330708661417326 être
837.4015748031496 1374.8031496062993 197.24409448818898 54.330708661417326 pâle
960.2362204724409 1374.8031496062993 147.63779527559055 54.330708661417326 ni
1034.6456692913387 1374.8031496062993 172.44094488188978 54.330708661417326 mat
1133.8582677165355 1374.8031496062993 147.63779527559055 54.330708661417326 »,
1207.0866141732283 1374.8031496062993 172.44094488188978 54.330708661417326 qui
1306.2992125984251 1374.8031496062993 222.04724409448818 54.330708661417326 riait
1430.3149606299212 1374.8031496062993 147.63779527559055 54.330708661417326 dans

466.53543307086613 1442.1259842519685 177.16535433070865 54.330708661417326 son
566.9291338582677 1442.1259842519685 405.11811023622045 54.330708661417326 imagination,
896.4566929133858 1442.1259842519685 152.36220472440945 54.330708661417326 il
972.0472440944882 1442.1259842519685 354.3307086614173 54.330708661417326 pousserait
1250.7874015748032 1442.1259842519685 177.16535433070865 54.330708661417326 des
1326.3779527559054 1442.1259842519685 252.75590551181102 54.330708661417326 exclama-

472.4409448818898 1507.0866141732283 194.88188976377953 74.40944881889764 tions
602.3622047244095 1507.0866141732283 129.92125984251967 74.40944881889764 de
644.8818897637796 1507.0866141732283 217.3228346456693 74.40944881889764 plaisir.

918.8976377952756 1722.0472440944882 162.99212598425197 56.69291338582677 Vi

522.0472440944882 1914.5669291338584 270.4724409448819 54.330708661417326 C’était
719.2913385826772 1914.5669291338584 147.63779527559055 54.330708661417326 un
793.7007874015748 1914.5669291338584 172.44094488188978 54.330708661417326 des
891.7322834645669 1914.5669291338584 320.0787401574803 54.330708661417326 principes
1138.5826771653544 1914.5669291338584 147.63779527559055 54.330708661417326 de
1211.8110236220473 1914.5669291338584 270.4724409448819 54.330708661417326 Courbet
1409.0551181102362 1914.5669291338584 172.44094488188978 54.330708661417326 que
1483.4645669291338 1914.5669291338584 98.03149606299213 54.330708661417326 la

471.25984251968504 1979.5275590551182 242.1259842519685 55.511811023622045 beauté
640.1574803149606 1979.5275590551182 168.89763779527559 55.511811023622045 est
737.007874015748 1979.5275590551182 290.5511811023622 55.511811023622045 répandue
954.3307086614174 1979.5275590551182 193.70078740157481 55.511811023622045 dans
1074.8031496062993 1979.5275590551182 168.89763779527559 55.511811023622045 les
1171.6535433070867 1979.5275590551182 242.1259842519685 55.511811023622045 choses
1340.5511811023623 1979.5275590551182 145.2755905511811 55.511811023622045 et
1413.7795275590552 1979.5275590551182 168.89763779527559 55.511811023622045 que
1485.8267716535433 1979.5275590551182 96.85039370078741 55.511811023622045 la

471.25984251968504 2051.5748031496064 265.748031496063 56.69291338582677 nature,
663.7795275590552 2051.5748031496064 193.70078740157481 56.69291338582677 dans
784.2519685039371 2051.5748031496064 145.2755905511811 56.69291338582677 la
857.4803149606299 2051.5748031496064 362.59842519685037 56.69291338582677 combinaison
1146.8503937007874 2051.5748031496064 168.89763779527559 56.69291338582677 des
1243.7007874015749 2051.5748031496064 240.9448818897638 56.69291338582677 formes
1412.5984251968505 2051.5748031496064 145.2755905511811 56.69291338582677 et
1461.023622047244 2051.5748031496064 120.4724409448819 56.69291338582677 des

470.0787401574803 2121.259842519685 328.34645669291336 55.511811023622045 couleurs,
721.6535433070866 2121.259842519685 277.5590551181102 55.511811023622045 possède
923.6220472440945 2121.259842519685 177.16535433070865 55.511811023622045 une
1025.1968503937007 2121.259842519685 353.1496062992126 55.511811023622045 puissance,
1302.755905511811 2121.259842519685 177.16535433070865 55.511811023622045 une
1378.3464566929133 2121.259842519685 201.96850393700788 55.511811023622045 fécon-

471.25984251968504 2188.582677165354 185.43307086614172 54.330708661417326 dité
587.007874015748 2188.582677165354 347.244094488189 54.330708661417326 d’invention
865.7480314960629 2188.582677165354 161.81102362204723 54.330708661417326 qui
957.8740157480315 2188.582677165354 255.11811023622047 54.330708661417326 déffent
1143.3070866141732 2188.582677165354 139.37007874015748 54.330708661417326 la
1211.8110236220473 2188.582677165354 347.244094488189 54.330708661417326 concurrence
1466.9291338582677 2188.582677165354 115.74803149606299 54.330708661417326 hu-

471.25984251968504 2253.5433070866143 238.58267716535434 63.77952755905512 maine.
637.7952755905512 2253.5433070866143 142.91338582677164 63.77952755905512 «.
709.8425196850394 2253.5433070866143 285.8267716535433 63.77952755905512 Pourquoi
923.6220472440945 2253.5433070866143 428.74015748031496 63.77952755905512 chercherais-je
1281.4960629921259 2253.5433070866143 119.29133858267717 63.77952755905512 à
1328.740157480315 2253.5433070866143 190.15748031496062 63.77952755905512 voir
1424.4094488188975 2253.5433070866143 166.53543307086613 63.77952755905512 dans)

474.8031496062992 2319.685039370079 125.19685039370079 64.96062992125984 le
537.4015748031496 2319.685039370079 187.79527559055117 64.96062992125984 monde
662.5984251968504 2319.685039370079 146.45669291338584 64.96062992125984 ce,
746.4566929133858 2319.685039370079 146.45669291338584 64.96062992125984 qui
829.1338582677165 2319.685039370079 146.45669291338584 64.96062992125984 n’y
912.992125984252 2319.685039370079 146.45669291338584 64.96062992125984 est
996.8503937007874 2319.685039370079 166.53543307086613 64.96062992125984 pas,
1100.7874015748032 2319.685039370079 291.73228346456693 64.96062992125984 disait-il,
1329.9212598425197 2319.685039370079 125.19685039370079 64.96062992125984 et
1371.259842519685 2319.685039370079 209.0551181102362 64.96062992125984 irais
