2065.748031496063 2930.314960629921
925.9842519685039 458.26771653543307 141.73228346456693 55.511811023622045 —
982.6771653543307 458.26771653543307 170.07874015748033 55.511811023622045 23
1039.3700787401574 458.26771653543307 85.03937007874016 55.511811023622045 —

471.25984251968504 549.2125984251968 300.0 59.05511811023622 défigurer
702.7559055118111 549.2125984251968 161.81102362204723 59.05511811023622 par
794.8818897637796 549.2125984251968 161.81102362204723 59.05511811023622 des
887.007874015748 549.2125984251968 253.93700787401573 59.05511811023622 efforts
1071.259842519685 549.2125984251968 392.12598425196853 59.05511811023622 d’imagination
1393.7007874015749 549.2125984251968 184.251968503937 59.05511811023622 tout
1485.8267716535433 549.2125984251968 92.1259842519685 59.05511811023622 ce

468.8976377952756 609.4488188976378 178.3464566929134 74.40944881889764 qui
570.4724409448819 609.4488188976378 178.3464566929134 74.40944881889764 s’y
646.0629921259842 609.4488188976378 253.93700787401573 74.40944881889764 trouve?»

522.0472440944882 685.0393700787401 157.08661417322836 54.330708661417326 Là,
611.8110236220473 685.0393700787401 157.08661417322836 54.330708661417326 fut
701.5748031496063 685.0393700787401 134.64566929133858 54.330708661417326 la
768.8976377952756 685.0393700787401 201.96850393700788 54.330708661417326 règle
903.5433070866142 685.0393700787401 134.64566929133858 54.330708661417326 de
970.8661417322835 685.0393700787401 134.64566929133858 54.330708661417326 sa
1038.1889763779527 685.0393700787401 157.08661417322836 54.330708661417326 vie
1129.1338582677165 685.0393700787401 134.64566929133858 54.330708661417326 et
1196.4566929133857 685.0393700787401 134.64566929133858 54.330708661417326 la
1263.7795275590552 685.0393700787401 291.73228346456693 54.330708661417326 véritable
1465.748031496063 685.0393700787401 112.20472440944881 54.330708661417326 ex-

471.25984251968504 752.3622047244095 287.00787401574803 73.22834645669292 plication
692.1259842519685 752.3622047244095 132.28346456692913 73.22834645669292 de
758.2677165354331 752.3622047244095 154.7244094488189 73.22834645669292 son
846.8503937007874 752.3622047244095 177.16535433070865 73.22834645669292 art.
957.8740157480315 752.3622047244095 132.28346456692913 73.22834645669292 Il
1024.015748031496 752.3622047244095 132.28346456692913 73.22834645669292 ne
1090.1574803149606 752.3622047244095 264.56692913385825 73.22834645669292 peignait
1288.5826771653544 752.3622047244095 154.7244094488189 73.22834645669292 que
1377.1653543307086 752.3622047244095 132.28346456692913 73.22834645669292 ce
1420.8661417322835 752.3622047244095 154.7244094488189 73.22834645669292 qu’il

470.0787401574803 827.9527559055118 258.66141732283467 63.77952755905512 voyait.
659.0551181102362 827.9527559055118 376.7716535433071 63.77952755905512 L’excitation
964.9606299212599 827.9527559055118 187.79527559055117 63.77952755905512 chez
1081.8897637795276 827.9527559055118 165.35433070866142 63.77952755905512 lui
1176.3779527559054 827.9527559055118 141.73228346456693 63.77952755905512 ne
1247.244094488189 827.9527559055118 305.90551181102364 63.77952755905512 provenait
1458.6614173228347 827.9527559055118 118.11023622047244 63.77952755905512 pas

471.25984251968504 891.7322834645669 145.2755905511811 55.511811023622045 du
543.3070866141733 891.7322834645669 314.1732283464567 55.511811023622045 mouvement
784.2519685039371 891.7322834645669 240.9448818897638 55.511811023622045 propre
953.1496062992126 891.7322834645669 145.2755905511811 55.511811023622045 de
1026.3779527559054 891.7322834645669 145.2755905511811 55.511811023622045 la
1098.4251968503936 891.7322834645669 265.748031496063 55.511811023622045 pensée,
1292.1259842519685 891.7322834645669 193.70078740157481 55.511811023622045 elle
1387.7952755905512 891.7322834645669 193.70078740157481 55.511811023622045 venait

468.8976377952756 959.0551181102362 177.16535433070865 54.330708661417326 des
569.2913385826772 959.0551181102362 227.95275590551182 54.330708661417326 sens,
721.6535433070866 959.0551181102362 151.1811023622047 54.330708661417326 du
797.2440944881889 959.0551181102362 328.34645669291336 54.330708661417326 spectacle
1050.0 959.0551181102362 354.3307086614173 54.330708661417326 extérieur.
1327.5590551181103 959.0551181102362 177.16535433070865 54.330708661417326 Une
1403.1496062992126 959.0551181102362 177.16535433070865 54.330708661417326 chose

442.9133858267717 1025.1968503937007 200.78740157480314 73.22834645669292 qu’il
577.5590551181102 1025.1968503937007 200.78740157480314 73.22834645669292 n’eût
711.0236220472441 1025.1968503937007 155.90551181102362 73.22834645669292 pas
800.7874015748032 1025.1968503937007 178.3464566929134 73.22834645669292 vue,
911.8110236220473 1025.1968503937007 134.64566929133858 73.22834645669292 il
979.1338582677165 1025.1968503937007 200.78740157480314 73.22834645669292 n’eût
1113.7795275590552 1025.1968503937007 134.64566929133858 73.22834645669292 pu
1179.9212598425197 1025.1968503937007 134.64566929133858 73.22834645669292 la
1247.244094488189 1025.1968503937007 268.1102362204724 73.22834645669292 peindre.
1426.7716535433071 1025.1968503937007 155.90551181102362 73.22834645669292 C’est

473.62204724409446 1099.6062992125985 184.251968503937 55.511811023622045 ainsi
596.4566929133858 1099.6062992125985 184.251968503937 55.511811023622045 qu’il
719.2913385826772 1099.6062992125985 142.91338582677164 55.511811023622045 n’a
800.7874015748032 1099.6062992125985 204.33070866141733 55.511811023622045 jamais
943.7007874015748 1099.6062992125985 164.17322834645668 55.511811023622045 fait
1046.4566929133857 1099.6062992125985 122.83464566929133 55.511811023622045 de
1107.8740157480315 1099.6062992125985 368.503937007874 55.511811023622045 Nmphes;
1414.9606299212599 1099.6062992125985 164.17322834645668 55.511811023622045 mais
1497.6377952755906 1099.6062992125985 81.49606299212599 55.511811023622045 il

474.8031496062992 1157.4803149606298 106.2992125984252 73.22834645669292 a
517.3228346456693 1157.4803149606298 170.07874015748033 73.22834645669292 fait
623.6220472440945 1157.4803149606298 127.55905511811024 73.22834645669292 et
686.2204724409448 1157.4803149606298 170.07874015748033 73.22834645669292 tout
792.5196850393701 1157.4803149606298 360.23622047244095 73.22834645669292 naturellement
1088.976377952756 1157.4803149606298 148.8188976377953 73.22834645669292 des
1152.755905511811 1157.4803149606298 424.01574803149606 73.22834645669292 Baigneuses,

470.0787401574803 1248.4251968503936 347.244094488189 59.05511811023622 substituant
747.6377952755905 1248.4251968503936 253.93700787401573 59.05511811023622 partout
933.0708661417323 1248.4251968503936 253.93700787401573 59.05511811023622 l’image
1118.5039370078741 1248.4251968503936 277.5590551181102 59.05511811023622 concrète
1326.3779527559054 1248.4251968503936 138.18897637795277 59.05511811023622 et
1372.4409448818897 1248.4251968503936 207.8740157480315 59.05511811023622 vivante

467.7165354330709 1300.3937007874015 132.28346456692913 74.40944881889764 à
519.6850393700787 1300.3937007874015 291.73228346456693 74.40944881889764 l’image
732.2834645669292 1300.3937007874015 158.26771653543307 74.40944881889764 de
811.4173228346457 1300.3937007874015 396.8503937007874 74.40944881889764 convention.
1129.1338582677165 1300.3937007874015 158.26771653543307 74.40944881889764 Un
1208.267716535433 1300.3937007874015 343.7007874015748 74.40944881889764 catalogue
1446.8503937007874 1300.3937007874015 132.28346456692913 74.40944881889764 que

473.62204724409446 1366.5354330708662 158.26771653543307 72.04724409448819 j’ai
572.8346456692914 1366.5354330708662 158.26771653543307 72.04724409448819 sous
672.0472440944882 1366.5354330708662 138.18897637795277 72.04724409448819 les
751.1811023622047 1366.5354330708662 158.26771653543307 72.04724409448819 yeux
849.2125984251968 1366.5354330708662 138.18897637795277 72.04724409448819 lui
928.3464566929134 1366.5354330708662 237.4015748031496 72.04724409448819 attribue
1106.6929133858268 1366.5354330708662 118.11023622047244 72.04724409448819 un
1165.748031496063 1366.5354330708662 237.4015748031496 72.04724409448819 prétendu
1324.015748031496 1366.5354330708662 257.4803149606299 72.04724409448819 Job;

471.25984251968504 1440.9448818897638 213.7795275590551 67.32283464566929 jamais
620.0787401574803 1440.9448818897638 235.03937007874015 67.32283464566929 Courbet
791.3385826771654 1440.9448818897638 148.8188976377953 67.32283464566929 n’a
876.3779527559055 1440.9448818897638 170.07874015748033 67.32283464566929 fait
982.6771653543307 1440.9448818897638 127.55905511811024 67.32283464566929 de
1047.6377952755906 1440.9448818897638 170.07874015748033 67.32283464566929 Job,
1153.9370078740158 1440.9448818897638 127.55905511811024 67.32283464566929 et
1217.716535433071 1440.9448818897638 127.55905511811024 67.32283464566929 il
1281.4960629921259 1440.9448818897638 127.55905511811024 67.32283464566929 ne
1345.275590551181 1440.9448818897638 148.8188976377953 67.32283464566929 lui
1410.236220472441 1440.9448818897638 170.07874015748033 67.32283464566929 serait

470.0787401574803 1512.992125984252 240.9448818897638 66.14173228346456 jamais
638.9763779527559 1512.992125984252 192.51968503937007 66.14173228346456 venu
759.4488188976378 1512.992125984252 120.4724409448819 66.14173228346456 à
806.6929133858267 1512.992125984252 240.9448818897638 66.14173228346456 l’idée
975.5905511811023 1512.992125984252 192.51968503937007 66.14173228346456 d’en
1097.244094488189 1512.992125984252 217.3228346456693 66.14173228346456 faire
1241.3385826771653 1512.992125984252 168.89763779527559 66.14173228346456 un:
1338.1889763779527 1512.992125984252 145.2755905511811 66.14173228346456 le
1410.236220472441 1512.992125984252 168.89763779527559 66.14173228346456 Job
1482.283464566929 1512.992125984252 96.85039370078741 66.14173228346456 en

475.98425196850394 1573.2283464566929 265.748031496063 61.41732283464567 question,
680.3149606299213 1573.2283464566929 184.251968503937 61.41732283464567 peint
803.1496062992126 1573.2283464566929 122.83464566929133 61.41732283464567 en
863.3858267716536 1573.2283464566929 184.251968503937 61.41732283464567 1844,
986.2204724409448 1573.2283464566929 142.91338582677164 61.41732283464567 est
1067.716535433071 1573.2283464566929 122.83464566929133 61.41732283464567 un
1129.1338582677165 1573.2283464566929 265.748031496063 61.41732283464567 Pirate
1333.4645669291338 1573.2283464566929 142.91338582677164 61.41732283464567 qui
1394.8818897637796 1573.2283464566929 184.251968503937 61.41732283464567 fut

462.99212598425197 1647.6377952755906 351.9685039370079 66.14173228346456 prisonnier
753.5433070866142 1647.6377952755906 124.01574803149606 66.14173228346456 du
814.9606299212599 1647.6377952755906 145.2755905511811 66.14173228346456 dey
897.6377952755905 1647.6377952755906 310.62992125984255 66.14173228346456 d’Alger
1145.6692913385828 1647.6377952755906 124.01574803149606 66.14173228346456 et
1208.267716535433 1647.6377952755906 124.01574803149606 66.14173228346456 il
1269.6850393700788 1647.6377952755906 206.69291338582678 66.14173228346456 figure
1414.9606299212599 1647.6377952755906 165.35433070866142 66.14173228346456 sous
1497.6377952755906 1647.6377952755906 82.67716535433071 66.14173228346456 ce

468.8976377952756 1714.9606299212599 226.77165354330708 55.511811023622045 titre
620.0787401574803 1714.9606299212599 201.96850393700788 55.511811023622045 dans
746.4566929133858 1714.9606299212599 151.1811023622047 55.511811023622045 le
822.0472440944882 1714.9606299212599 328.34645669291336 55.511811023622045 catalogue
1074.8031496062993 1714.9606299212599 151.1811023622047 55.511811023622045 de
1150.3937007874015 1714.9606299212599 403.93700787401576 55.511811023622045 l’exposition
1452.755905511811 1714.9606299212599 126.37795275590551 55.511811023622045 que

471.25984251968504 1781.1023622047244 300.0 63.77952755905512 l’artiste
702.7559055118111 1781.1023622047244 161.81102362204723 63.77952755905512 fit
794.8818897637796 1781.1023622047244 138.18897637795277 63.77952755905512 de
864.5669291338583 1781.1023622047244 161.81102362204723 63.77952755905512 ses
956.6929133858267 1781.1023622047244 231.49606299212599 63.77952755905512 œuvres
1118.5039370078741 1781.1023622047244 138.18897637795277 63.77952755905512 en
1188.1889763779527 1781.1023622047244 207.8740157480315 63.77952755905512 1855.
1326.3779527559054 1781.1023622047244 138.18897637795277 63.77952755905512 On
1372.4409448818897 1781.1023622047244 207.8740157480315 63.77952755905512 connaît

471.25984251968504 1857.8740157480315 316.53543307086613 53.1496062992126 d’ailleurs
719.2913385826772 1857.8740157480315 135.82677165354332 53.1496062992126 sa
787.7952755905512 1857.8740157480315 248.03149606299212 53.1496062992126 réponse
968.503937007874 1857.8740157480315 248.03149606299212 53.1496062992126 célèbre
1149.2125984251968 1857.8740157480315 113.38582677165354 53.1496062992126 à
1194.0944881889764 1857.8740157480315 158.26771653543307 53.1496062992126 cet
1283.8582677165355 1857.8740157480315 203.1496062992126 53.1496062992126 élève
1419.6850393700788 1857.8740157480315 158.26771653543307 53.1496062992126 qui
1488.1889763779527 1857.8740157480315 90.94488188976378 53.1496062992126 le

468.8976377952756 1921.6535433070867 353.1496062992126 85.03937007874016 consultait
745.2755905511812 1921.6535433070867 175.98425196850394 85.03937007874016 sur
846.8503937007874 1921.6535433070867 175.98425196850394 85.03937007874016 une
947.2440944881889 1921.6535433070867 251.5748031496063 85.03937007874016 figure
1123.2283464566929 1921.6535433070867 277.5590551181102 85.03937007874016 d’ange?
1299.2125984251968 1921.6535433070867 277.5590551181102 85.03937007874016 «Pourquoi

467.7165354330709 1988.976377952756 377.9527559055118 64.96062992125984 voulez-vous
770.0787401574803 1988.976377952756 226.77165354330708 64.96062992125984 faire
921.2598425196851 1988.976377952756 151.1811023622047 64.96062992125984 un
996.8503937007874 1988.976377952756 226.77165354330708 64.96062992125984 ange?
1146.8503937007874 1988.976377952756 151.1811023622047 64.96062992125984 En
1222.4409448818897 1988.976377952756 327.1653543307087 64.96062992125984 avez-vous
1449.2125984251968 1988.976377952756 126.37795275590551 64.96062992125984 vu?

471.25984251968504 2055.1181102362207 180.70866141732284 63.77952755905512 Non.
583.4645669291339 2055.1181102362207 135.82677165354332 63.77952755905512 Eh
651.9685039370079 2055.1181102362207 203.1496062992126 63.77952755905512 bien!
786.6141732283464 2055.1181102362207 248.03149606299212 63.77952755905512 laissez
967.3228346456693 2055.1181102362207 135.82677165354332 63.77952755905512 là
1035.8267716535433 2055.1181102362207 203.1496062992126 63.77952755905512 cette
1170.4724409448818 2055.1181102362207 248.03149606299212 63.77952755905512 figure,
1351.1811023622047 2055.1181102362207 135.82677165354332 63.77952755905512 et
1396.0629921259842 2055.1181102362207 180.70866141732284 63.77952755905512 faites

467.7165354330709 2130.7086614173227 147.63779527559055 55.511811023622045 le
542.1259842519685 2130.7086614173227 295.2755905511811 55.511811023622045 portrait
762.992125984252 2130.7086614173227 147.63779527559055 55.511811023622045 de
836.2204724409448 2130.7086614173227 295.2755905511811 55.511811023622045 Monsieur
1058.267716535433 2130.7086614173227 220.86614173228347 55.511811023622045 votre
1205.9055118110236 2130.7086614173227 220.86614173228347 55.511811023622045 père,
1353.5433070866143 2130.7086614173227 172.44094488188978 55.511811023622045 que
1426.7716535433071 2130.7086614173227 147.63779527559055 55.511811023622045 vous

466.53543307086613 2196.850393700787 217.3228346456693 74.40944881889764 voyez
610.6299212598425 2196.850393700787 192.51968503937007 74.40944881889764 tous
731.1023622047244 2196.850393700787 168.89763779527559 74.40944881889764 les
803.1496062992126 2196.850393700787 217.3228346456693 74.40944881889764 jours.»

519.6850393700787 2261.8110236220473 225.59055118110237 75.59055118110236 Cette
669.6850393700787 2261.8110236220473 325.98425196850394 75.59055118110236 doctrine,
921.2598425196851 2261.8110236220473 175.98425196850394 75.59055118110236 qui
1021.6535433070866 2261.8110236220473 301.18110236220474 75.59055118110236 excluait
1247.244094488189 2261.8110236220473 150.0 75.59055118110236 du
1322.8346456692914 2261.8110236220473 200.78740157480314 75.59055118110236 même
1423.2283464566929 2261.8110236220473 150.0 75.59055118110236 coup

466.53543307086613 2338.582677165354 141.73228346456693 62.59842519685039 le
537.4015748031496 2338.582677165354 212.5984251968504 62.59842519685039 passé
679.1338582677165 2338.582677165354 141.73228346456693 62.59842519685039 et
750.0 2338.582677165354 141.73228346456693 62.59842519685039 le
820.8661417322835 2338.582677165354 236.2204724409449 62.59842519685039 futur,
986.2204724409448 2338.582677165354 236.2204724409449 62.59842519685039 aurait
1150.3937007874015 2338.582677165354 165.35433070866142 62.59842519685039 été
1244.8818897637796 2338.582677165354 236.2204724409449 62.59842519685039 fatale
1410.236220472441 2338.582677165354 118.11023622047244 62.59842519685039 à
1433.8582677165355 2338.582677165354 141.73228346456693 62.59842519685039 tout
