1749 2481
784 388 120 47 —
832 388 144 47 23
880 388 72 47 —

399 465 254 50 défigurer
595 465 137 50 par
673 465 137 50 des
751 465 215 50 efforts
907 465 332 50 d’imagination
1180 465 156 50 tout
1258 465 78 50 ce

397 516 151 63 qui
483 516 151 63 s’y
547 516 215 63 trouve?»

442 580 133 46 Là,
518 580 133 46 fut
594 580 114 46 la
651 580 171 46 règle
765 580 114 46 de
822 580 114 46 sa
879 580 133 46 vie
956 580 114 46 et
1013 580 114 46 la
1070 580 247 46 véritable
1241 580 95 46 ex-

399 637 243 62 plication
586 637 112 62 de
642 637 131 62 son
717 637 150 62 art.
811 637 112 62 Il
867 637 112 62 ne
923 637 224 62 peignait
1091 637 131 62 que
1166 637 112 62 ce
1203 637 131 62 qu’il

398 701 219 54 voyait.
558 701 319 54 L’excitation
817 701 159 54 chez
916 701 140 54 lui
996 701 120 54 ne
1056 701 259 54 provenait
1235 701 100 54 pas

399 755 123 47 du
460 755 266 47 mouvement
664 755 204 47 propre
807 755 123 47 de
869 755 123 47 la
930 755 225 47 pensée,
1094 755 164 47 elle
1175 755 164 47 venait

397 812 150 46 des
482 812 193 46 sens,
611 812 128 46 du
675 812 278 46 spectacle
889 812 300 46 extérieur.
1124 812 150 46 Une
1188 812 150 46 chose

375 868 170 62 qu’il
489 868 170 62 n’eût
602 868 132 62 pas
678 868 151 62 vue,
772 868 114 62 il
829 868 170 62 n’eût
943 868 114 62 pu
999 868 114 62 la
1056 868 227 62 peindre.
1208 868 132 62 C’est

401 931 156 47 ainsi
505 931 156 47 qu’il
609 931 121 47 n’a
678 931 173 47 jamais
799 931 139 47 fait
886 931 104 47 de
938 931 312 47 <i>Nmphes;</i>
1198 931 139 47 mais
1268 931 69 47 il

402 980 90 62 a
438 980 144 62 fait
528 980 108 62 et
581 980 144 62 tout
671 980 305 62 naturellement
922 980 126 62 des
976 980 359 62 <i>Baigneuses,</i>

398 1057 294 50 substituant
633 1057 215 50 partout
790 1057 215 50 l’image
947 1057 235 50 concrète
1123 1057 117 50 et
1162 1057 176 50 vivante

396 1101 112 63 à
440 1101 247 63 l’image
620 1101 134 63 de
687 1101 336 63 convention.
956 1101 134 63 Un
1023 1101 291 63 catalogue
1225 1101 112 63 que

401 1157 134 61 j’ai
485 1157 134 61 sous
569 1157 117 61 les
636 1157 134 61 yeux
719 1157 117 61 lui
786 1157 201 61 attribue
937 1157 100 61 un
987 1157 201 61 prétendu
1121 1157 218 61 <i>Job;</i>

399 1220 181 57 jamais
525 1220 199 57 Courbet
670 1220 126 57 n’a
742 1220 144 57 fait
832 1220 108 57 de
887 1220 144 57 Job,
977 1220 108 57 et
1031 1220 108 57 il
1085 1220 108 57 ne
1139 1220 126 57 lui
1194 1220 144 57 serait

398 1281 204 56 jamais
541 1281 163 56 venu
643 1281 102 56 à
683 1281 204 56 l’idée
826 1281 163 56 d’en
929 1281 184 56 faire
1051 1281 143 56 un:
1133 1281 123 56 le
1194 1281 143 56 Job
1255 1281 82 56 en

403 1332 225 52 question,
576 1332 156 52 peint
680 1332 104 52 en
731 1332 156 52 1844,
835 1332 121 52 est
904 1332 104 52 un
956 1332 225 52 <i>Pirate
1129 1332 121 52 qui
1181 1332 156 52 fut</i>

392 1395 298 56 <i>prisonnier
638 1395 105 56 du
690 1395 123 56 dey
760 1395 263 56 d’Alger</i>
970 1395 105 56 et
1023 1395 105 56 il
1075 1395 175 56 figure
1198 1395 140 56 sous
1268 1395 70 56 ce

397 1452 192 47 titre
525 1452 171 47 dans
632 1452 128 47 le
696 1452 278 47 catalogue
910 1452 128 47 de
974 1452 342 47 l’exposition
1230 1452 107 47 que

399 1508 254 54 l’artiste
595 1508 137 54 fit
673 1508 117 54 de
732 1508 137 54 ses
810 1508 196 54 œuvres
947 1508 117 54 en
1006 1508 176 54 1855.
1123 1508 117 54 On
1162 1508 176 54 connaît

399 1573 268 45 d’ailleurs
609 1573 115 45 sa
667 1573 210 45 réponse
820 1573 210 45 célèbre
973 1573 96 45 à
1011 1573 134 45 cet
1087 1573 172 45 élève
1202 1573 134 45 qui
1260 1573 77 45 le

397 1627 299 72 consultait
631 1627 149 72 sur
717 1627 149 72 une
802 1627 213 72 figure
951 1627 235 72 d’ange?
1100 1627 235 72 «Pourquoi

396 1684 320 55 voulez-vous
652 1684 192 55 faire
780 1684 128 55 un
844 1684 192 55 ange?
971 1684 128 55 En
1035 1684 277 55 avez-vous
1227 1684 107 55 vu?

399 1740 153 54 Non.
494 1740 115 54 Eh
552 1740 172 54 bien!
666 1740 210 54 laissez
819 1740 115 54 là
877 1740 172 54 cette
991 1740 210 54 figure,
1144 1740 115 54 et
1182 1740 153 54 faites

396 1804 125 47 le
459 1804 250 47 portrait
646 1804 125 47 de
708 1804 250 47 Monsieur
896 1804 187 47 votre
1021 1804 187 47 père,
1146 1804 146 47 que
1208 1804 125 47 vous

395 1860 184 63 voyez
517 1860 163 63 tous
619 1860 143 63 les
680 1860 184 63 jours.»

440 1915 191 64 Cette
567 1915 276 64 doctrine,
780 1915 149 64 qui
865 1915 255 64 excluait
1056 1915 127 64 du
1120 1915 170 64 même
1205 1915 127 64 coup

395 1980 120 53 le
455 1980 180 53 passé
575 1980 120 53 et
635 1980 120 53 le
695 1980 200 53 futur,
835 1980 200 53 aurait
974 1980 140 53 été
1054 1980 200 53 fatale
1194 1980 100 53 à
1214 1980 120 53 tout
