2065.748031496063 2930.314960629921
921.2598425196851 429.9212598425197 139.37007874015748 83.85826771653544 —
976.7716535433071 429.9212598425197 166.53543307086613 83.85826771653544 24
1032.283464566929 429.9212598425197 83.85826771653544 83.85826771653544 —

459.4488188976378 549.2125984251968 236.2204724409449 59.05511811023622 autre;
624.8031496062993 549.2125984251968 188.9763779527559 59.05511811023622 chez
742.9133858267717 549.2125984251968 188.9763779527559 59.05511811023622 lui,
862.2047244094488 549.2125984251968 188.9763779527559 59.05511811023622 elle
980.3149606299213 549.2125984251968 141.73228346456693 59.05511811023622 ne
1051.1811023622047 549.2125984251968 165.35433070866142 59.05511811023622 fit
1145.6692913385828 549.2125984251968 284.6456692913386 59.05511811023622 qu’aider
1359.4488188976377 549.2125984251968 165.35433070866142 59.05511811023622 les
1430.3149606299212 549.2125984251968 141.73228346456693 59.05511811023622 deux

460.62992125984255 600.0 272.8346456692913 63.77952755905512 facultés
664.9606299212599 600.0 158.26771653543307 63.77952755905512 qui
755.9055118110236 600.0 135.82677165354332 63.77952755905512 le
823.2283464566929 600.0 386.2204724409449 63.77952755905512 distinguaient
1140.9448818897638 600.0 431.1023622047244 63.77952755905512 essentiellement
1481.1023622047244 600.0 90.94488188976378 63.77952755905512 et

458.26771653543307 683.8582677165355 201.96850393700788 49.60629921259842 qui,
583.4645669291339 683.8582677165355 151.1811023622047 49.60629921259842 en
660.2362204724409 683.8582677165355 252.75590551181102 49.60629921259842 somme,
836.2204724409448 683.8582677165355 201.96850393700788 49.60629921259842 sont
962.5984251968504 683.8582677165355 201.96850393700788 49.60629921259842 bien
1088.976377952756 683.8582677165355 201.96850393700788 49.60629921259842 près
1215.3543307086613 683.8582677165355 151.1811023622047 49.60629921259842 de
1266.1417322834645 683.8582677165355 302.3622047244094 49.60629921259842 constituer

457.0866141732283 741.7322834645669 203.1496062992126 53.1496062992126 tout
583.4645669291339 741.7322834645669 152.36220472440945 53.1496062992126 le
659.0551181102362 741.7322834645669 304.7244094488189 53.1496062992126 peintre:
888.1889763779527 741.7322834645669 177.16535433070865 53.1496062992126 une
989.7637795275591 741.7322834645669 380.31496062992125 53.1496062992126 sensibilité
1294.4881889763778 741.7322834645669 278.74015748031496 53.1496062992126 exquise
1471.6535433070867 741.7322834645669 101.5748031496063 53.1496062992126 et

455.90551181102364 807.8740157480315 153.54330708661416 73.22834645669292 un
532.6771653543307 807.8740157480315 256.2992125984252 73.22834645669292 métier
687.4015748031496 807.8740157480315 385.03937007874015 73.22834645669292 incomparable.

514.9606299212599 882.2834645669292 211.41732283464566 56.69291338582677 C’est
655.511811023622 882.2834645669292 140.5511811023622 56.69291338582677 là
726.3779527559055 882.2834645669292 140.5511811023622 56.69291338582677 la
797.2440944881889 882.2834645669292 399.21259842519686 56.69291338582677 contre-partie
1125.5905511811025 882.2834645669292 304.7244094488189 56.69291338582677 heureuse,
1359.4488188976377 882.2834645669292 164.17322834645668 56.69291338582677 qui
1430.3149606299212 882.2834645669292 140.5511811023622 56.69291338582677 cor-

459.4488188976378 949.6062992125984 175.98425196850394 55.511811023622045 rige
570.4724409448819 949.6062992125984 132.28346456692913 55.511811023622045 ce
636.6141732283464 949.6062992125984 154.7244094488189 55.511811023622045 que
724.0157480314961 949.6062992125984 132.28346456692913 55.511811023622045 la
790.1574803149606 949.6062992125984 242.1259842519685 55.511811023622045 théorie
967.3228346456693 949.6062992125984 220.86614173228347 55.511811023622045 paraît
1120.8661417322835 949.6062992125984 198.4251968503937 55.511811023622045 avoir
1231.8897637795276 949.6062992125984 242.1259842519685 55.511811023622045 d’étroit.

511.4173228346457 1015.7480314960629 147.63779527559055 74.40944881889764 Si
585.8267716535433 1015.7480314960629 270.4724409448819 74.40944881889764 Courbet
783.0708661417323 1015.7480314960629 147.63779527559055 74.40944881889764 ne
856.2992125984252 1015.7480314960629 270.4724409448819 74.40944881889764 pouvait
1053.5433070866143 1015.7480314960629 270.4724409448819 74.40944881889764 peindre
1250.7874015748032 1015.7480314960629 172.44094488188978 74.40944881889764 que
1348.8188976377953 1015.7480314960629 147.63779527559055 74.40944881889764 ce
1398.4251968503936 1015.7480314960629 172.44094488188978 74.40944881889764 qu’il

455.90551181102364 1099.6062992125985 284.6456692913386 56.69291338582677 voyait,
663.7795275590552 1099.6062992125985 155.90551181102362 56.69291338582677 il
741.7322834645669 1099.6062992125985 259.84251968503935 56.69291338582677 voyait
922.4409448818898 1099.6062992125985 466.53543307086613 56.69291338582677 admirablement,
1311.023622047244 1099.6062992125985 155.90551181102362 56.69291338582677 il
1362.992125984252 1099.6062992125985 207.8740157480315 56.69291338582677 voyait

458.26771653543307 1157.4803149606298 222.04724409448818 55.511811023622045 mieux
605.9055118110236 1157.4803149606298 172.44094488188978 55.511811023622045 que
705.1181102362204 1157.4803149606298 172.44094488188978 55.511811023622045 nul
804.3307086614174 1157.4803149606298 246.8503937007874 55.511811023622045 autre.
976.7716535433071 1157.4803149606298 172.44094488188978 55.511811023622045 Son
1074.8031496062993 1157.4803149606298 172.44094488188978 55.511811023622045 œil
1174.015748031496 1157.4803149606298 222.04724409448818 55.511811023622045 était
1321.6535433070867 1157.4803149606298 147.63779527559055 55.511811023622045 un
1371.259842519685 1157.4803149606298 197.24409448818898 55.511811023622045 miroir

460.62992125984255 1222.4409448818897 179.5275590551181 68.50393700787401 plus
572.8346456692914 1222.4409448818897 157.08661417322836 68.50393700787401 fin
662.5984251968504 1222.4409448818897 134.64566929133858 68.50393700787401 et
729.9212598425197 1222.4409448818897 179.5275590551181 68.50393700787401 plus
842.1259842519685 1222.4409448818897 179.5275590551181 68.50393700787401 sûr,
954.3307086614174 1222.4409448818897 134.64566929133858 68.50393700787401 où
1021.6535433070866 1222.4409448818897 157.08661417322836 68.50393700787401 les
1112.5984251968505 1222.4409448818897 314.1732283464567 68.50393700787401 sensations
1359.4488188976377 1222.4409448818897 157.08661417322836 68.50393700787401 les
1426.7716535433071 1222.4409448818897 179.5275590551181 68.50393700787401 plus.»

458.26771653543307 1289.763779527559 338.9763779527559 64.96062992125984 fugitives,
724.0157480314961 1289.763779527559 168.89763779527559 64.96062992125984 les
820.8661417322835 1289.763779527559 265.748031496063 64.96062992125984 nuances
1013.3858267716536 1289.763779527559 168.89763779527559 64.96062992125984 les
1110.236220472441 1289.763779527559 193.70078740157481 64.96062992125984 plus
1230.708661417323 1289.763779527559 314.1732283464567 64.96062992125984 délicates
1449.2125984251968 1289.763779527559 120.4724409448819 64.96062992125984 ve-

457.0866141732283 1357.0866141732283 252.75590551181102 62.59842519685039 naient
633.0708661417323 1357.0866141732283 151.1811023622047 62.59842519685039 se
708.6614173228346 1357.0866141732283 328.34645669291336 62.59842519685039 préciser.
961.4173228346457 1357.0866141732283 126.37795275590551 62.59842519685039 A
1012.2047244094488 1357.0866141732283 226.77165354330708 62.59842519685039 cette
1163.3858267716535 1357.0866141732283 277.5590551181102 62.59842519685039 faculté
1365.3543307086613 1357.0866141732283 151.1811023622047 62.59842519685039 de
1416.1417322834645 1357.0866141732283 151.1811023622047 62.59842519685039 voir

459.4488188976378 1431.4960629921259 470.0787401574803 55.511811023622045 exceptionnelle,
855.1181102362204 1431.4960629921259 420.4724409448819 55.511811023622045 correspondait
1202.3622047244094 1431.4960629921259 173.6220472440945 55.511811023622045 une
1301.5748031496064 1431.4960629921259 272.8346456692913 55.511811023622045 faculté
1474.015748031496 1431.4960629921259 99.21259842519684 55.511811023622045 de

454.7244094488189 1497.6377952755906 272.8346456692913 64.96062992125984 rendre
646.0629921259842 1497.6377952755906 191.33858267716536 64.96062992125984 non
754.7244094488188 1497.6377952755906 245.66929133858267 64.96062992125984 moins
918.8976377952756 1497.6377952755906 518.503937007874 64.96062992125984 exceptionnelle.
1328.740157480315 1497.6377952755906 245.66929133858267 64.96062992125984 Courbet

457.0866141732283 1573.2283464566929 209.0551181102362 64.96062992125984 peint
596.4566929133858 1573.2283464566929 139.37007874015748 64.96062992125984 en
666.1417322834645 1573.2283464566929 232.6771653543307 64.96062992125984 pleine
829.1338582677165 1573.2283464566929 209.0551181102362 64.96062992125984 pâte,
968.503937007874 1573.2283464566929 185.43307086614172 64.96062992125984 mais
1084.251968503937 1573.2283464566929 185.43307086614172 64.96062992125984 sans
1200.0 1573.2283464566929 255.11811023622047 64.96062992125984 scories
1386.6141732283465 1573.2283464566929 139.37007874015748 64.96062992125984 et
1432.6771653543308 1573.2283464566929 139.37007874015748 64.96062992125984 sans

458.26771653543307 1648.8188976377953 338.9763779527559 46.06299212598425 aspérités:
725.1968503937007 1648.8188976377953 170.07874015748033 46.06299212598425 ses
822.0472440944882 1648.8188976377953 290.5511811023622 46.06299212598425 tableaux
1040.5511811023623 1648.8188976377953 193.70078740157481 46.06299212598425 sont
1161.023622047244 1648.8188976377953 242.1259842519685 46.06299212598425 lisses
1331.1023622047244 1648.8188976377953 218.50393700787401 46.06299212598425 comme
1451.5748031496064 1648.8188976377953 121.65354330708661 46.06299212598425 une

460.62992125984255 1706.6929133858268 204.33070866141733 73.22834645669292 glace
596.4566929133858 1706.6929133858268 135.82677165354332 73.22834645669292 et
664.9606299212599 1706.6929133858268 295.2755905511811 73.22834645669292 brillants
891.7322834645669 1706.6929133858268 204.33070866141733 73.22834645669292 comme
1027.5590551181103 1706.6929133858268 135.82677165354332 73.22834645669292 un
1096.0629921259842 1706.6929133858268 226.77165354330708 73.22834645669292 émail.
1254.3307086614172 1706.6929133858268 135.82677165354332 73.22834645669292 Il
1322.8346456692914 1706.6929133858268 249.21259842519686 73.22834645669292 obtient
1481.1023622047244 1706.6929133858268 90.94488188976378 73.22834645669292 du

457.0866141732283 1774.015748031496 214.96062992125985 72.04724409448819 même
591.7322834645669 1774.015748031496 214.96062992125985 72.04724409448819 coup
726.3779527559055 1774.015748031496 161.81102362204723 72.04724409448819 le
806.6929133858267 1774.015748031496 269.29133858267716 72.04724409448819 modelé
994.488188976378 1774.015748031496 161.81102362204723 72.04724409448819 et
1075.984251968504 1774.015748031496 161.81102362204723 72.04724409448819 le
1156.2992125984251 1774.015748031496 349.6062992125984 72.04724409448819 mouvement
1425.5905511811025 1774.015748031496 187.79527559055117 72.04724409448819 par
1505.9055118110236 1774.015748031496 107.48031496062993 72.04724409448819 la

461.81102362204723 1847.244094488189 199.60629921259843 54.330708661417326 seule
595.2755905511812 1847.244094488189 265.748031496063 54.330708661417326 justesse
793.7007874015748 1847.244094488189 132.28346456692913 54.330708661417326 du
861.0236220472441 1847.244094488189 177.16535433070865 54.330708661417326 ton;
970.8661417322835 1847.244094488189 132.28346456692913 54.330708661417326 et
1038.1889763779527 1847.244094488189 132.28346456692913 54.330708661417326 ce
1104.3307086614172 1847.244094488189 177.16535433070865 54.330708661417326 ton,
1215.3543307086613 1847.244094488189 177.16535433070865 54.330708661417326 posé
1325.1968503937007 1847.244094488189 111.02362204724409 54.330708661417326 à
1370.0787401574803 1847.244094488189 177.16535433070865 54.330708661417326 plat
1458.6614173228347 1847.244094488189 154.7244094488189 54.330708661417326 par..

459.4488188976378 1912.2047244094488 148.8188976377953 56.69291338582677 le
533.8582677165355 1912.2047244094488 272.8346456692913 56.69291338582677 couteau
732.2834645669292 1912.2047244094488 124.01574803149606 56.69291338582677 à
780.7086614173228 1912.2047244094488 296.45669291338584 56.69291338582677 palette,
1003.9370078740158 1912.2047244094488 296.45669291338584 56.69291338582677 acquiert
1202.3622047244094 1912.2047244094488 370.86614173228344 56.69291338582677 une

461.81102362204723 1979.5275590551182 468.8976377952756 55.511811023622045 extraordinaire.
856.2992125984252 1979.5275590551182 147.63779527559055 55.511811023622045 Je
930.7086614173228 1979.5275590551182 147.63779527559055 55.511811023622045 ne
1005.1181102362204 1979.5275590551182 271.65354330708664 55.511811023622045 connais
1202.3622047244094 1979.5275590551182 172.44094488188978 55.511811023622045 pas
1300.3937007874015 1979.5275590551182 147.63779527559055 55.511811023622045 de
1350.0 1979.5275590551182 222.04724409448818 55.511811023622045 colora-

460.62992125984255 2055.1181102362207 188.9763779527559 54.330708661417326 tion
578.7401574803149 2055.1181102362207 188.9763779527559 54.330708661417326 plus
696.8503937007874 2055.1181102362207 236.2204724409449 54.330708661417326 riche,
862.2047244094488 2055.1181102362207 188.9763779527559 54.330708661417326 plus
980.3149606299213 2055.1181102362207 354.3307086614173 54.330708661417326 distinguée,
1264.9606299212599 2055.1181102362207 141.73228346456693 54.330708661417326 ni
1335.8267716535433 2055.1181102362207 165.35433070866142 54.330708661417326 qui
1406.6929133858268 2055.1181102362207 165.35433070866142 54.330708661417326 gagne

464.1732283464567 2125.984251968504 295.2755905511811 68.50393700787401 davantage
690.9448818897638 2125.984251968504 135.82677165354332 68.50393700787401 en
735.8267716535433 2125.984251968504 340.15748031496065 68.50393700787401 vieillissant.

512.5984251968504 2187.4015748031497 201.96850393700788 83.85826771653544 Avec
638.9763779527559 2187.4015748031497 227.95275590551182 83.85826771653544 cette
790.1574803149606 2187.4015748031497 252.75590551181102 83.85826771653544 sûreté
967.3228346456693 2187.4015748031497 151.1811023622047 83.85826771653544 de
1042.9133858267717 2187.4015748031497 201.96850393700788 83.85826771653544 main
1169.291338582677 2187.4015748031497 151.1811023622047 83.85826771653544 et
1246.0629921259842 2187.4015748031497 227.95275590551182 83.85826771653544 cette
1372.4409448818897 2187.4015748031497 201.96850393700788 83.85826771653544 clarté

458.26771653543307 2254.7244094488187 167.71653543307087 73.22834645669292 de
542.1259842519685 2254.7244094488187 307.0866141732283 73.22834645669292 regard,
765.3543307086615 2254.7244094488187 307.0866141732283 73.22834645669292 Courbet
988.5826771653543 2254.7244094488187 251.5748031496063 73.22834645669292 était
1156.2992125984251 2254.7244094488187 223.22834645669292 73.22834645669292 apte
1295.6692913385828 2254.7244094488187 139.37007874015748 73.22834645669292 à
1324.015748031496 2254.7244094488187 278.74015748031496 73.22834645669292 peindre.

461.81102362204723 2330.314960629921 191.33858267716536 54.330708661417326 tout
581.1023622047244 2330.314960629921 142.91338582677164 54.330708661417326 ce
653.1496062992126 2330.314960629921 214.96062992125985 54.330708661417326 qu’il
796.0629921259842 2330.314960629921 263.38582677165357 54.330708661417326 voyait.
987.4015748031496 2330.314960629921 142.91338582677164 54.330708661417326 De
1059.4488188976377 2330.314960629921 142.91338582677164 54.330708661417326 là
1130.3149606299212 2330.314960629921 214.96062992125985 54.330708661417326 cette
1249.6062992125985 2330.314960629921 359.0551181102362 54.330708661417326 universalité:
