1749 2481
780 364 118 71 —
827 364 141 71 24
874 364 71 71 —

389 465 200 50 autre;
529 465 160 50 chez
629 465 160 50 lui,
730 465 160 50 elle
830 465 120 50 ne
890 465 140 50 fit
970 465 241 50 qu’aider
1151 465 140 50 les
1211 465 120 50 deux

390 508 231 54 facultés
563 508 134 54 qui
640 508 115 54 le
697 508 327 54 distinguaient
966 508 365 54 essentiellement
1254 508 77 54 et

388 579 171 42 qui,
494 579 128 42 en
559 579 214 42 somme,
708 579 171 42 sont
815 579 171 42 bien
922 579 171 42 près
1029 579 128 42 de
1072 579 256 42 constituer

387 628 172 45 tout
494 628 129 45 le
558 628 258 45 peintre:
752 628 150 45 une
838 628 322 45 sensibilité
1096 628 236 45 exquise
1246 628 86 45 et

386 684 130 62 un
451 684 217 62 métier
582 684 326 62 incomparable.

436 747 179 48 C’est
555 747 119 48 là
615 747 119 48 la
675 747 338 48 contre-partie
953 747 258 48 heureuse,
1151 747 139 48 qui
1211 747 119 48 cor-

389 804 149 47 rige
483 804 112 47 ce
539 804 131 47 que
613 804 112 47 la
669 804 205 47 théorie
819 804 187 47 paraît
949 804 168 47 avoir
1043 804 205 47 d’étroit.

433 860 125 63 Si
496 860 229 63 Courbet
663 860 125 63 ne
725 860 229 63 pouvait
892 860 229 63 peindre
1059 860 146 63 que
1142 860 125 63 ce
1184 860 146 63 qu’il

386 931 241 48 voyait,
562 931 132 48 il
628 931 220 48 voyait
781 931 395 48 admirablement,
1110 931 132 48 il
1154 931 176 48 voyait

388 980 188 47 mieux
513 980 146 47 que
597 980 146 47 nul
681 980 209 47 autre.
827 980 146 47 Son
910 980 146 47 œil
994 980 188 47 était
1119 980 125 47 un
1161 980 167 47 miroir

390 1035 152 58 plus
485 1035 133 58 fin
561 1035 114 58 et
618 1035 152 58 plus
713 1035 152 58 sûr,
808 1035 114 58 où
865 1035 133 58 les
942 1035 266 58 sensations
1151 1035 133 58 les
1208 1035 152 58 plus.»

388 1092 287 55 fugitives,
613 1092 143 55 les
695 1092 225 55 nuances
858 1092 143 55 les
940 1092 164 55 plus
1042 1092 266 55 délicates
1227 1092 102 55 ve-

387 1149 214 53 naient
536 1149 128 53 se
600 1149 278 53 préciser.
814 1149 107 53 A
857 1149 192 53 cette
985 1149 235 53 faculté
1156 1149 128 53 de
1199 1149 128 53 voir

389 1212 398 47 exceptionnelle,
724 1212 356 47 correspondait
1018 1212 147 47 une
1102 1212 231 47 faculté
1248 1212 84 47 de

385 1268 231 55 rendre
547 1268 162 55 non
639 1268 208 55 moins
778 1268 439 55 exceptionnelle.
1125 1268 208 55 Courbet

387 1332 177 55 peint
505 1332 118 55 en
564 1332 197 55 pleine
702 1332 177 55 pâte,
820 1332 157 55 mais
918 1332 157 55 sans
1016 1332 216 55 scories
1174 1332 118 55 et
1213 1332 118 55 sans

388 1396 287 39 aspérités:
614 1396 144 39 ses
696 1396 246 39 tableaux
881 1396 164 39 sont
983 1396 205 39 lisses
1127 1396 185 39 comme
1229 1396 103 39 une

390 1445 173 62 glace
505 1445 115 62 et
563 1445 250 62 brillants
755 1445 173 62 comme
870 1445 115 62 un
928 1445 192 62 émail.
1062 1445 115 62 Il
1120 1445 211 62 obtient
1254 1445 77 62 du

387 1502 182 61 même
501 1502 182 61 coup
615 1502 137 61 le
683 1502 228 61 modelé
842 1502 137 61 et
911 1502 137 61 le
979 1502 296 61 mouvement
1207 1502 159 61 par
1275 1502 91 61 la

391 1564 169 46 seule
504 1564 225 46 justesse
672 1564 112 46 du
729 1564 150 46 ton;
822 1564 112 46 et
879 1564 112 46 ce
935 1564 150 46 ton,
1029 1564 150 46 posé
1122 1564 94 46 à
1160 1564 150 46 plat
1235 1564 131 46 par..

389 1619 126 48 le
452 1619 231 48 couteau
620 1619 105 48 à
661 1619 251 48 palette,
850 1619 251 48 acquiert
1018 1619 314 48 une

391 1676 397 47 extraordinaire.
725 1676 125 47 Je
788 1676 125 47 ne
851 1676 230 47 connais
1018 1676 146 47 pas
1101 1676 125 47 de
1143 1676 188 47 colora-

390 1740 160 46 tion
490 1740 160 46 plus
590 1740 200 46 riche,
730 1740 160 46 plus
830 1740 300 46 distinguée,
1071 1740 120 46 ni
1131 1740 140 46 qui
1191 1740 140 46 gagne

393 1800 250 58 davantage
585 1800 115 58 en
623 1800 288 58 vieillissant.

434 1852 171 71 Avec
541 1852 193 71 cette
669 1852 214 71 sûreté
819 1852 128 71 de
883 1852 171 71 main
990 1852 128 71 et
1055 1852 193 71 cette
1162 1852 171 71 clarté

388 1909 142 62 de
459 1909 260 62 regard,
648 1909 260 62 Courbet
837 1909 213 62 était
979 1909 189 62 apte
1097 1909 118 62 à
1121 1909 236 62 peindre.

391 1973 162 46 tout
492 1973 121 46 ce
553 1973 182 46 qu’il
674 1973 223 46 voyait.
836 1973 121 46 De
897 1973 121 46 là
957 1973 182 46 cette
1058 1973 304 46 universalité:
