1749 2481
789 392 116 51 —
835 392 139 51 25
882 392 70 51 —

402 477 229 45 facile,
569 477 188 45 qu’il
694 477 229 45 réalisa
861 477 188 45 comme
986 477 125 45 en
1048 477 125 45 se
1090 477 250 45 jouant.

405 526 156 69 l’ai
502 526 195 69 montré
638 526 214 69 peintre
794 526 117 69 de
853 526 234 69 figures,
1028 526 214 69 peintre
1184 526 117 69 de
1223 526 117 69 pay-

403 596 204 55 sages,
545 596 224 55 peintre
708 596 285 55 d’animaux,
932 596 224 55 peintre
1095 596 122 55 de
1135 596 204 55 marines,

406 653 210 54 peintre
559 653 115 54 de
616 653 248 54 neiges;on
807 653 229 54 pourrait
979 653 248 54 continuer
1170 653 115 54 la
1208 653 134 54 série

403 708 120 46 et
463 708 120 46 le
523 708 180 46 faire
643 708 160 46 voir
743 708 220 46 peintre
902 708 120 46 de
962 708 220 46 fleurs,
1122 708 220 46 peintre
1262 708 80 46 de

402 772 215 46 fruits,
559 772 215 46 peintre
715 772 117 46 de
774 772 254 46 poissons,
969 772 254 46 apportant
1165 772 117 46 en
1204 772 137 46 toute

402 829 193 54 chose
530 829 128 54 sa
594 829 235 54 manière
765 829 278 54 originale
979 829 128 54 de
1043 829 300 54 comprendre
1257 829 86 54 et

409 891 89 48 sa
454 891 222 48 prodigieuse
631 891 207 48 exécution.
794 891 104 48 Ses
853 891 267 48 <i>fleurs</i>,
1075 891 104 48 ses
1120 891 222 48 <i>fruits</i>

402 949 160 38 ne;
494 949 344 38 ressemblent
769 949 115 38 à
815 949 183 38 ceux
929 949 252 38 d’aucun
1113 949 229 38 autre.
1250 949 92 38 Du

405 996 224 63 premier
568 996 183 63 coup,
690 996 122 63 le
751 996 245 63 factice,
934 996 326 63 l’artificiel
1179 996 163 63 dispa-

379 1052 105 63 «
421 1052 272 63 raissent;
630 1052 126 63 on
693 1052 126 63 se
756 1052 272 63 rapproche
965 1052 126 63 de
1028 1052 126 63 la
1091 1052 188 63 façon
1195 1052 147 63 fami-

405 1116 188 47 lière
530 1116 146 47 des
614 1116 230 47 choses.
781 1116 188 47 Voyez
906 1116 146 47 ces
989 1116 209 47 fruits
1135 1116 146 47 sur
1198 1116 146 47 cette

406 1172 271 53 assiette:
614 1172 187 53 nulle
739 1172 167 53 idée
843 1172 354 53 d’arrangement
1114 1172 229 53 préconçu;

406 1231 172 45 voyez
521 1231 172 45 cette
636 1231 211 45 brassée
789 1231 115 45 dé
846 1231 191 45 fleurs
980 1231 115 45 au
1038 1231 153 45 pied
1133 1231 153 45 d’un
1210 1231 134 45 arbre

403 1291 150 49 sur
488 1291 128 49 un
552 1291 171 49 fond
659 1291 128 49 de
723 1291 171 49 ciel
830 1291 235 49 sombre,
1001 1291 256 49 n’est-ce
1193 1291 150 49 pas
1258 1291 85 49 de

404 1348 191 55 cette
531 1348 191 55 façon
659 1348 170 55 même
765 1348 149 55 que
850 1348 127 55 la
913 1348 212 55 nature
1041 1348 212 55 compose?

452 1404 194 51 Ainsi,
587 1404 116 51 il
646 1404 252 51 parcourut
840 1404 116 51 le
898 1404 175 51 cycle
1014 1404 116 51 de
1072 1404 194 51 l’art,
1208 1404 136 51 fit
1266 1404 78 51 le

381 1473 175 42 tour
491 1473 154 42 des
578 1473 219 42 choses
732 1473 285 42 visibles,
951 1473 175 42 sans
1061 1473 175 42 hâte
1171 1473 132 42 et
1214 1473 132 42 sans

404 1536 247 47 presse,
583 1536 135 47 au
651 1536 225 47 hasard
808 1536 157 47 des
898 1536 314 47 événements
1145 1536 135 47 et
1190 1536 157 47 comme

408 1580 122 46 le
469 1580 224 46 courant
632 1580 122 46 de
693 1580 122 46 la
754 1580 143 46 vie
836 1580 143 46 les
918 1580 286 46 apportait.
1142 1580 122 46 On
1183 1580 163 46 pourra

407 1635 160 64 dire
507 1635 120 64 de
567 1635 160 64 lui:
666 1635 120 64 il
726 1635 140 64 fut
806 1635 140 64 une
886 1635 319 64 réceptivité;
1145 1635 100 64 —
1185 1635 140 64 eh!
1245 1635 100 64 qui

398 1714 217 41 oserait
556 1714 237 41 affirmer
734 1714 138 41 que
813 1714 119 41 ce
872 1714 119 41 ne
931 1714 158 41 soit
1030 1714 138 41 pas
1109 1714 119 41 là
1149 1714 198 41 précisé-

410 1756 154 63 ment
506 1756 115 63 la
563 1756 211 63 qualité
717 1756 288 63 essentielle
948 1756 115 63 du
986 1756 192 63 peintre?
