2065.748031496063 2930.314960629921
931.8897637795276 462.99212598425197 137.00787401574803 60.23622047244095 —
986.2204724409448 462.99212598425197 164.17322834645668 60.23622047244095 25
1041.732283464567 462.99212598425197 82.67716535433071 60.23622047244095 —

474.8031496062992 563.3858267716536 270.4724409448819 53.1496062992126 facile,
672.0472440944882 563.3858267716536 222.04724409448818 53.1496062992126 qu’il
819.6850393700787 563.3858267716536 270.4724409448819 53.1496062992126 réalisa
1016.9291338582677 563.3858267716536 222.04724409448818 53.1496062992126 comme
1164.5669291338584 563.3858267716536 147.63779527559055 53.1496062992126 en
1237.7952755905512 563.3858267716536 147.63779527559055 53.1496062992126 se
1287.4015748031495 563.3858267716536 295.2755905511811 53.1496062992126 jouant.

478.34645669291336 621.2598425196851 184.251968503937 81.49606299212599 l’ai
592.9133858267717 621.2598425196851 230.31496062992127 81.49606299212599 montré
753.5433070866142 621.2598425196851 252.75590551181102 81.49606299212599 peintre
937.7952755905512 621.2598425196851 138.18897637795277 81.49606299212599 de
1007.4803149606299 621.2598425196851 276.37795275590554 81.49606299212599 figures,
1214.1732283464567 621.2598425196851 252.75590551181102 81.49606299212599 peintre
1398.4251968503936 621.2598425196851 138.18897637795277 81.49606299212599 de
1444.4881889763778 621.2598425196851 138.18897637795277 81.49606299212599 pay-

475.98425196850394 703.9370078740158 240.9448818897638 64.96062992125984 sages,
643.7007874015748 703.9370078740158 264.56692913385825 64.96062992125984 peintre
836.2204724409448 703.9370078740158 336.61417322834643 64.96062992125984 d’animaux,
1100.7874015748032 703.9370078740158 264.56692913385825 64.96062992125984 peintre
1293.3070866141732 703.9370078740158 144.09448818897638 64.96062992125984 de
1340.5511811023623 703.9370078740158 240.9448818897638 64.96062992125984 marines,

479.5275590551181 771.2598425196851 248.03149606299212 63.77952755905512 peintre
660.2362204724409 771.2598425196851 135.82677165354332 63.77952755905512 de
727.5590551181102 771.2598425196851 292.9133858267717 63.77952755905512 neiges;on
953.1496062992126 771.2598425196851 270.4724409448819 63.77952755905512 pourrait
1156.2992125984251 771.2598425196851 292.9133858267717 63.77952755905512 continuer
1381.8897637795276 771.2598425196851 135.82677165354332 63.77952755905512 la
1426.7716535433071 771.2598425196851 158.26771653543307 63.77952755905512 série

475.98425196850394 836.2204724409448 141.73228346456693 54.330708661417326 et
546.8503937007874 836.2204724409448 141.73228346456693 54.330708661417326 le
617.7165354330708 836.2204724409448 212.5984251968504 54.330708661417326 faire
759.4488188976378 836.2204724409448 188.9763779527559 54.330708661417326 voir
877.5590551181102 836.2204724409448 259.84251968503935 54.330708661417326 peintre
1065.3543307086613 836.2204724409448 141.73228346456693 54.330708661417326 de
1136.2204724409448 836.2204724409448 259.84251968503935 54.330708661417326 fleurs,
1325.1968503937007 836.2204724409448 259.84251968503935 54.330708661417326 peintre
1490.5511811023623 836.2204724409448 94.48818897637796 54.330708661417326 de

474.8031496062992 911.8110236220473 253.93700787401573 54.330708661417326 fruits,
660.2362204724409 911.8110236220473 253.93700787401573 54.330708661417326 peintre
844.488188976378 911.8110236220473 138.18897637795277 54.330708661417326 de
914.1732283464567 911.8110236220473 300.0 54.330708661417326 poissons,
1144.4881889763778 911.8110236220473 300.0 54.330708661417326 apportant
1375.984251968504 911.8110236220473 138.18897637795277 54.330708661417326 en
1422.0472440944882 911.8110236220473 161.81102362204723 54.330708661417326 toute

474.8031496062992 979.1338582677165 227.95275590551182 63.77952755905512 chose
625.9842519685039 979.1338582677165 151.1811023622047 63.77952755905512 sa
701.5748031496063 979.1338582677165 277.5590551181102 63.77952755905512 manière
903.5433070866142 979.1338582677165 328.34645669291336 63.77952755905512 originale
1156.2992125984251 979.1338582677165 151.1811023622047 63.77952755905512 de
1231.8897637795276 979.1338582677165 354.3307086614173 63.77952755905512 comprendre
1484.6456692913387 979.1338582677165 101.5748031496063 63.77952755905512 et

483.07086614173227 1052.3622047244094 105.11811023622047 56.69291338582677 sa
536.2204724409448 1052.3622047244094 262.20472440944883 56.69291338582677 prodigieuse
745.2755905511812 1052.3622047244094 244.48818897637796 56.69291338582677 exécution.
937.7952755905512 1052.3622047244094 122.83464566929133 56.69291338582677 Ses
1007.4803149606299 1052.3622047244094 315.3543307086614 56.69291338582677 fleurs,
1269.6850393700788 1052.3622047244094 122.83464566929133 56.69291338582677 ses
1322.8346456692914 1052.3622047244094 262.20472440944883 56.69291338582677 fruits

474.8031496062992 1120.8661417322835 188.9763779527559 44.881889763779526 ne;
583.4645669291339 1120.8661417322835 406.2992125984252 44.881889763779526 ressemblent
908.2677165354331 1120.8661417322835 135.82677165354332 44.881889763779526 à
962.5984251968504 1120.8661417322835 216.14173228346456 44.881889763779526 ceux
1097.244094488189 1120.8661417322835 297.6377952755906 44.881889763779526 d’aucun
1314.5669291338584 1120.8661417322835 270.4724409448819 44.881889763779526 autre.
1476.3779527559054 1120.8661417322835 108.66141732283465 44.881889763779526 Du

478.34645669291336 1176.3779527559054 264.56692913385825 74.40944881889764 premier
670.8661417322835 1176.3779527559054 216.14173228346456 74.40944881889764 coup,
814.9606299212599 1176.3779527559054 144.09448818897638 74.40944881889764 le
887.007874015748 1176.3779527559054 289.37007874015745 74.40944881889764 factice,
1103.1496062992126 1176.3779527559054 385.03937007874015 74.40944881889764 l’artificiel
1392.5196850393702 1176.3779527559054 192.51968503937007 74.40944881889764 dispa-

447.6377952755906 1242.5196850393702 124.01574803149606 74.40944881889764 «
497.244094488189 1242.5196850393702 321.25984251968504 74.40944881889764 raissent;
744.0944881889764 1242.5196850393702 148.8188976377953 74.40944881889764 on
818.503937007874 1242.5196850393702 148.8188976377953 74.40944881889764 se
892.9133858267717 1242.5196850393702 321.25984251968504 74.40944881889764 rapproche
1139.763779527559 1242.5196850393702 148.8188976377953 74.40944881889764 de
1214.1732283464567 1242.5196850393702 148.8188976377953 74.40944881889764 la
1288.5826771653544 1242.5196850393702 222.04724409448818 74.40944881889764 façon
1411.4173228346456 1242.5196850393702 173.6220472440945 74.40944881889764 fami-

478.34645669291336 1318.1102362204724 222.04724409448818 55.511811023622045 lière
625.9842519685039 1318.1102362204724 172.44094488188978 55.511811023622045 des
725.1968503937007 1318.1102362204724 271.65354330708664 55.511811023622045 choses.
922.4409448818898 1318.1102362204724 222.04724409448818 55.511811023622045 Voyez
1070.0787401574803 1318.1102362204724 172.44094488188978 55.511811023622045 ces
1168.1102362204724 1318.1102362204724 246.8503937007874 55.511811023622045 fruits
1340.5511811023623 1318.1102362204724 172.44094488188978 55.511811023622045 sur
1414.9606299212599 1318.1102362204724 172.44094488188978 55.511811023622045 cette

479.5275590551181 1384.251968503937 320.0787401574803 62.59842519685039 assiette:
725.1968503937007 1384.251968503937 220.86614173228347 62.59842519685039 nulle
872.8346456692914 1384.251968503937 197.24409448818898 62.59842519685039 idée
995.6692913385826 1384.251968503937 418.1102362204724 62.59842519685039 d’arrangement
1315.748031496063 1384.251968503937 270.4724409448819 62.59842519685039 préconçu;

479.5275590551181 1453.9370078740158 203.1496062992126 53.1496062992126 voyez
615.3543307086615 1453.9370078740158 203.1496062992126 53.1496062992126 cette
751.1811023622047 1453.9370078740158 249.21259842519686 53.1496062992126 brassée
931.8897637795276 1453.9370078740158 135.82677165354332 53.1496062992126 dé
999.2125984251968 1453.9370078740158 225.59055118110237 53.1496062992126 fleurs
1157.4803149606298 1453.9370078740158 135.82677165354332 53.1496062992126 au
1225.984251968504 1453.9370078740158 180.70866141732284 53.1496062992126 pied
1338.1889763779527 1453.9370078740158 180.70866141732284 53.1496062992126 d’un
1429.1338582677165 1453.9370078740158 158.26771653543307 53.1496062992126 arbre

475.98425196850394 1524.8031496062993 177.16535433070865 57.874015748031496 sur
576.3779527559055 1524.8031496062993 151.1811023622047 57.874015748031496 un
651.9685039370079 1524.8031496062993 201.96850393700788 57.874015748031496 fond
778.3464566929134 1524.8031496062993 151.1811023622047 57.874015748031496 de
853.9370078740158 1524.8031496062993 201.96850393700788 57.874015748031496 ciel
980.3149606299213 1524.8031496062993 277.5590551181102 57.874015748031496 sombre,
1182.283464566929 1524.8031496062993 302.3622047244094 57.874015748031496 n’est-ce
1409.0551181102362 1524.8031496062993 177.16535433070865 57.874015748031496 pas
1485.8267716535433 1524.8031496062993 100.39370078740157 57.874015748031496 de

477.1653543307087 1592.1259842519685 225.59055118110237 64.96062992125984 cette
627.1653543307086 1592.1259842519685 225.59055118110237 64.96062992125984 façon
778.3464566929134 1592.1259842519685 200.78740157480314 64.96062992125984 même
903.5433070866142 1592.1259842519685 175.98425196850394 64.96062992125984 que
1003.9370078740158 1592.1259842519685 150.0 64.96062992125984 la
1078.3464566929133 1592.1259842519685 250.39370078740157 64.96062992125984 nature
1229.5275590551182 1592.1259842519685 250.39370078740157 64.96062992125984 compose?

533.8582677165355 1658.267716535433 229.13385826771653 60.23622047244095 Ainsi,
693.3070866141733 1658.267716535433 137.00787401574803 60.23622047244095 il
762.992125984252 1658.267716535433 297.6377952755906 60.23622047244095 parcourut
992.1259842519685 1658.267716535433 137.00787401574803 60.23622047244095 le
1060.6299212598426 1658.267716535433 206.69291338582678 60.23622047244095 cycle
1197.6377952755906 1658.267716535433 137.00787401574803 60.23622047244095 de
1266.1417322834645 1658.267716535433 229.13385826771653 60.23622047244095 l’art,
1426.7716535433071 1658.267716535433 160.62992125984252 60.23622047244095 fit
1495.275590551181 1658.267716535433 92.1259842519685 60.23622047244095 le

450.0 1739.763779527559 206.69291338582678 49.60629921259842 tour
579.9212598425197 1739.763779527559 181.88976377952756 49.60629921259842 des
682.6771653543307 1739.763779527559 258.66141732283467 49.60629921259842 choses
864.5669291338583 1739.763779527559 336.61417322834643 49.60629921259842 visibles,
1123.2283464566929 1739.763779527559 206.69291338582678 49.60629921259842 sans
1253.1496062992126 1739.763779527559 206.69291338582678 49.60629921259842 hâte
1383.0708661417323 1739.763779527559 155.90551181102362 49.60629921259842 et
1433.8582677165355 1739.763779527559 155.90551181102362 49.60629921259842 sans

477.1653543307087 1814.1732283464567 291.73228346456693 55.511811023622045 presse,
688.5826771653543 1814.1732283464567 159.4488188976378 55.511811023622045 au
768.8976377952756 1814.1732283464567 265.748031496063 55.511811023622045 hasard
954.3307086614174 1814.1732283464567 185.43307086614172 55.511811023622045 des
1060.6299212598426 1814.1732283464567 370.86614173228344 55.511811023622045 événements
1352.3622047244094 1814.1732283464567 159.4488188976378 55.511811023622045 et
1405.5118110236222 1814.1732283464567 185.43307086614172 55.511811023622045 comme

481.8897637795276 1866.1417322834645 144.09448818897638 54.330708661417326 le
553.9370078740158 1866.1417322834645 264.56692913385825 54.330708661417326 courant
746.4566929133858 1866.1417322834645 144.09448818897638 54.330708661417326 de
818.503937007874 1866.1417322834645 144.09448818897638 54.330708661417326 la
890.5511811023622 1866.1417322834645 168.89763779527559 54.330708661417326 vie
987.4015748031496 1866.1417322834645 168.89763779527559 54.330708661417326 les
1084.251968503937 1866.1417322834645 337.79527559055117 54.330708661417326 apportait.
1348.8188976377953 1866.1417322834645 144.09448818897638 54.330708661417326 On
1397.244094488189 1866.1417322834645 192.51968503937007 54.330708661417326 pourra

480.70866141732284 1931.1023622047244 188.9763779527559 75.59055118110236 dire
598.8188976377953 1931.1023622047244 141.73228346456693 75.59055118110236 de
669.6850393700787 1931.1023622047244 188.9763779527559 75.59055118110236 lui:
786.6141732283464 1931.1023622047244 141.73228346456693 75.59055118110236 il
857.4803149606299 1931.1023622047244 165.35433070866142 75.59055118110236 fut
951.9685039370079 1931.1023622047244 165.35433070866142 75.59055118110236 une
1046.4566929133857 1931.1023622047244 376.7716535433071 75.59055118110236 réceptivité;
1352.3622047244094 1931.1023622047244 118.11023622047244 75.59055118110236 —
1399.6062992125985 1931.1023622047244 165.35433070866142 75.59055118110236 eh!
1470.4724409448818 1931.1023622047244 118.11023622047244 75.59055118110236 qui

470.0787401574803 2024.4094488188975 256.2992125984252 48.425196850393704 oserait
656.6929133858267 2024.4094488188975 279.9212598425197 48.425196850393704 affirmer
866.9291338582677 2024.4094488188975 162.99212598425197 48.425196850393704 que
960.2362204724409 2024.4094488188975 140.5511811023622 48.425196850393704 ce
1029.9212598425197 2024.4094488188975 140.5511811023622 48.425196850393704 ne
1099.6062992125985 2024.4094488188975 186.61417322834646 48.425196850393704 soit
1216.5354330708662 2024.4094488188975 162.99212598425197 48.425196850393704 pas
1309.8425196850394 2024.4094488188975 140.5511811023622 48.425196850393704 là
1357.0866141732283 2024.4094488188975 233.85826771653544 48.425196850393704 précisé-

484.251968503937 2074.015748031496 181.88976377952756 74.40944881889764 ment
597.6377952755905 2074.015748031496 135.82677165354332 74.40944881889764 la
664.9606299212599 2074.015748031496 249.21259842519686 74.40944881889764 qualité
846.8503937007874 2074.015748031496 340.15748031496065 74.40944881889764 essentielle
1119.6850393700788 2074.015748031496 135.82677165354332 74.40944881889764 du
1164.5669291338584 2074.015748031496 226.77165354330708 74.40944881889764 peintre?
