2065.748031496063 2930.314960629921
935.4330708661417 477.1653543307087 139.37007874015748 46.06299212598425 —
990.9448818897638 477.1653543307087 166.53543307086613 46.06299212598425 26
1046.4566929133857 477.1653543307087 83.85826771653544 46.06299212598425 —

918.8976377952756 663.7795275590552 177.16535433070865 67.32283464566929 VII

525.5905511811023 844.488188976378 305.90551181102364 55.511811023622045 Pendant
748.8188976377953 844.488188976378 194.88188976377953 55.511811023622045 que
859.8425196850394 844.488188976378 305.90551181102364 55.511811023622045 Courbet
1081.8897637795276 844.488188976378 472.4409448818898 55.511811023622045 accomplissait
1443.3070866141732 844.488188976378 139.37007874015748 55.511811023622045 son

473.62204724409446 929.5275590551181 232.6771653543307 49.60629921259842 œuvre
628.3464566929134 929.5275590551181 154.7244094488189 49.60629921259842 de
706.2992125984252 929.5275590551181 361.4173228346457 49.60629921259842 production
989.7637795275591 929.5275590551181 361.4173228346457 49.60629921259842 incessante
1274.4094488188975 929.5275590551181 154.7244094488189 49.60629921259842 et
1325.1968503937007 929.5275590551181 258.66141732283467 49.60629921259842 toujours

474.8031496062992 994.488188976378 312.99212598425197 48.425196850393704 nouvelle,
715.7480314960629 994.488188976378 145.2755905511811 48.425196850393704 le
787.7952755905512 994.488188976378 217.3228346456693 48.425196850393704 temps
933.0708661417323 994.488188976378 289.37007874015745 48.425196850393704 achevait
1149.2125984251968 994.488188976378 145.2755905511811 48.425196850393704 de
1222.4409448818897 994.488188976378 145.2755905511811 48.425196850393704 le
1270.8661417322835 994.488188976378 312.99212598425197 48.425196850393704 réconcilier

475.98425196850394 1061.8110236220473 180.70866141732284 47.24409448818898 avec
589.3700787401575 1061.8110236220473 316.53543307086613 47.24409448818898 l’opinion.
837.4015748031496 1061.8110236220473 135.82677165354332 47.24409448818898 La
905.9055118110236 1061.8110236220473 294.09448818897636 47.24409448818898 situation
1131.4960629921259 1061.8110236220473 294.09448818897636 47.24409448818898 politique
1358.267716535433 1061.8110236220473 135.82677165354332 47.24409448818898 et
1403.1496062992126 1061.8110236220473 180.70866141732284 47.24409448818898 morale

472.4409448818898 1126.7716535433071 222.04724409448818 48.425196850393704 était
620.0787401574803 1126.7716535433071 344.88188976377955 48.425196850393704 d’ailleurs
891.7322834645669 1126.7716535433071 197.24409448818898 48.425196850393704 bien
1014.5669291338583 1126.7716535433071 295.2755905511811 48.425196850393704 changée.
1236.6141732283465 1126.7716535433071 197.24409448818898 48.425196850393704 Tout
1359.4488188976377 1126.7716535433071 147.63779527559055 48.425196850393704 le
1409.0551181102362 1126.7716535433071 172.44094488188978 48.425196850393704 monde

471.25984251968504 1203.5433070866143 222.04724409448818 56.69291338582677 avait
618.8976377952756 1203.5433070866143 246.8503937007874 56.69291338582677 oublié
792.5196850393701 1203.5433070866143 147.63779527559055 56.69291338582677 le
865.7480314960629 1203.5433070866143 271.65354330708664 56.69291338582677 spectre
1062.992125984252 1203.5433070866143 222.04724409448818 56.69291338582677 rouge
1211.8110236220473 1203.5433070866143 147.63779527559055 56.69291338582677 et
1285.0393700787401 1203.5433070866143 172.44094488188978 56.69291338582677 les
1359.4488188976377 1203.5433070866143 222.04724409448818 56.69291338582677 Jacques

470.0787401574803 1261.4173228346456 369.68503937007875 55.511811023622045 imaginaires
766.5354330708661 1261.4173228346456 147.63779527559055 55.511811023622045 de
839.7637795275591 1261.4173228346456 222.04724409448818 55.511811023622045 1852;
988.5826771653543 1261.4173228346456 197.24409448818898 55.511811023622045 tout
1111.4173228346456 1261.4173228346456 147.63779527559055 55.511811023622045 le
1185.8267716535433 1261.4173228346456 222.04724409448818 55.511811023622045 monde
1333.4645669291338 1261.4173228346456 222.04724409448818 55.511811023622045 avait
1457.4803149606298 1261.4173228346456 122.83464566929133 55.511811023622045 re-

472.4409448818898 1326.3779527559054 211.41732283464566 56.69291338582677 connu
614.1732283464567 1326.3779527559054 211.41732283464566 56.69291338582677 qu’il
754.7244094488188 1326.3779527559054 165.35433070866142 56.69291338582677 n’y
849.2125984251968 1326.3779527559054 235.03937007874015 56.69291338582677 avait,
1014.5669291338583 1326.3779527559054 141.73228346456693 56.69291338582677 en
1084.251968503937 1326.3779527559054 258.66141732283467 56.69291338582677 France,
1273.2283464566929 1326.3779527559054 211.41732283464566 56.69291338582677 qu’un
1391.3385826771653 1326.3779527559054 187.79527559055117 56.69291338582677 ennemi

471.25984251968504 1393.7007874015749 145.2755905511811 63.77952755905512 de
543.3070866141733 1393.7007874015749 145.2755905511811 63.77952755905512 la
615.3543307086615 1393.7007874015749 265.748031496063 63.77952755905512 France:
809.0551181102362 1393.7007874015749 314.1732283464567 63.77952755905512 l’Empire.
1050.0 1393.7007874015749 168.89763779527559 63.77952755905512 Les
1146.8503937007874 1393.7007874015749 265.748031496063 63.77952755905512 vaincus
1340.5511811023623 1393.7007874015749 145.2755905511811 63.77952755905512 de
1387.7952755905512 1393.7007874015749 193.70078740157481 63.77952755905512 décem-

473.62204724409446 1459.8425196850394 146.45669291338584 63.77952755905512 bre
557.4803149606299 1459.8425196850394 229.13385826771653 63.77952755905512 avaient
724.0157480314961 1459.8425196850394 209.0551181102362 63.77952755905512 repris
870.4724409448819 1459.8425196850394 125.19685039370079 63.77952755905512 la
933.0708661417323 1459.8425196850394 229.13385826771653 63.77952755905512 parolé;
1100.7874015748032 1459.8425196850394 146.45669291338584 63.77952755905512 ils
1183.4645669291338 1459.8425196850394 250.39370078740157 63.77952755905512 tenaient
1371.259842519685 1459.8425196850394 103.93700787401575 63.77952755905512 à
1413.7795275590552 1459.8425196850394 125.19685039370079 63.77952755905512 la
1455.1181102362204 1459.8425196850394 125.19685039370079 63.77952755905512 fois

470.0787401574803 1535.4330708661416 147.63779527559055 54.330708661417326 la
544.488188976378 1535.4330708661416 270.4724409448819 54.330708661417326 tribune
740.5511811023622 1535.4330708661416 147.63779527559055 54.330708661417326 et
814.9606299212599 1535.4330708661416 147.63779527559055 54.330708661417326 la
888.1889763779527 1535.4330708661416 270.4724409448819 54.330708661417326 presse.
1085.4330708661416 1535.4330708661416 172.44094488188978 54.330708661417326 Les
1184.6456692913387 1535.4330708661416 222.04724409448818 54.330708661417326 morts
1307.4803149606298 1535.4330708661416 270.4724409448819 54.330708661417326 eux

467.7165354330709 1614.5669291338584 335.43307086614175 42.51968503937008 sortaient
726.3779527559055 1614.5669291338584 154.7244094488189 42.51968503937008 du
804.3307086614174 1614.5669291338584 284.6456692913386 42.51968503937008 tombeau
1011.0236220472441 1614.5669291338584 206.69291338582678 42.51968503937008 pour
1139.763779527559 1614.5669291338584 335.43307086614175 42.51968503937008 protester
1372.4409448818897 1614.5669291338584 206.69291338582678 42.51968503937008 contre

462.99212598425197 1667.716535433071 167.71653543307087 64.96062992125984 un
546.8503937007874 1667.716535433071 278.74015748031496 64.96062992125984 régime
742.9133858267717 1667.716535433071 307.0866141732283 64.96062992125984 exécré.
966.1417322834645 1667.716535433071 167.71653543307087 64.96062992125984 La
1050.0 1667.716535433071 390.9448818897638 64.96062992125984 démocratie
1328.740157480315 1667.716535433071 251.5748031496063 64.96062992125984 montait

466.53543307086613 1752.755905511811 232.6771653543307 55.511811023622045 comme
621.2598425196851 1752.755905511811 180.70866141732284 55.511811023622045 une
725.1968503937007 1752.755905511811 180.70866141732284 55.511811023622045 mer
827.9527559055118 1752.755905511811 387.40157480314963 55.511811023622045 débordante.
1138.5826771653544 1752.755905511811 284.6456692913386 55.511811023622045 L’ordre
1345.275590551181 1752.755905511811 154.7244094488189 55.511811023622045 de
1397.244094488189 1752.755905511811 180.70866141732284 55.511811023622045 faits

467.7165354330709 1818.8976377952756 148.8188976377953 55.511811023622045 et
542.1259842519685 1818.8976377952756 271.65354330708664 55.511811023622045 d’idées
739.3700787401575 1818.8976377952756 296.45669291338584 55.511811023622045 importés
962.5984251968504 1818.8976377952756 321.25984251968504 55.511811023622045 autrefois
1209.4488188976377 1818.8976377952756 197.24409448818898 55.511811023622045 dans
1333.4645669291338 1818.8976377952756 222.04724409448818 55.511811023622045 l’art
1456.2992125984251 1818.8976377952756 124.01574803149606 55.511811023622045 par

465.3543307086614 1875.5905511811025 148.8188976377953 63.77952755905512 le
539.7637795275591 1875.5905511811025 248.03149606299212 63.77952755905512 maître
713.3858267716536 1875.5905511811025 321.25984251968504 63.77952755905512 d’Ornans,
960.2362204724409 1875.5905511811025 296.45669291338584 63.77952755905512 recevait
1183.4645669291338 1875.5905511811025 148.8188976377953 63.77952755905512 de
1257.8740157480315 1875.5905511811025 198.4251968503937 63.77952755905512 jour
1380.708661417323 1875.5905511811025 148.8188976377953 63.77952755905512 en
1430.3149606299212 1875.5905511811025 148.8188976377953 63.77952755905512 jour

466.53543307086613 1941.732283464567 177.16535433070865 64.96062992125984 une
566.9291338582677 1941.732283464567 203.1496062992126 64.96062992125984 plus
694.488188976378 1941.732283464567 329.5275590551181 64.96062992125984 éclatante
948.4251968503937 1941.732283464567 457.0866141732283 64.96062992125984 justification.
1328.740157480315 1941.732283464567 152.36220472440945 64.96062992125984 Un
1379.5275590551182 1941.732283464567 227.95275590551182 64.96062992125984 moment:

467.7165354330709 2007.8740157480315 180.70866141732284 74.40944881889764 vint
579.9212598425197 2007.8740157480315 135.82677165354332 74.40944881889764 où
648.4251968503937 2007.8740157480315 180.70866141732284 74.40944881889764 l’on
760.6299212598425 2007.8740157480315 158.26771653543307 74.40944881889764 put
851.5748031496063 2007.8740157480315 180.70866141732284 74.40944881889764 dire
963.7795275590552 2007.8740157480315 158.26771653543307 74.40944881889764 que
1054.724409448819 2007.8740157480315 292.9133858267717 74.40944881889764 l’entente
1280.3149606299212 2007.8740157480315 203.1496062992126 74.40944881889764 était
1392.5196850393702 2007.8740157480315 180.70866141732284 74.40944881889764 faite,

465.3543307086614 2083.464566929134 387.40157480314963 74.40944881889764 l’évolution
775.9842519685039 2083.464566929134 361.4173228346457 74.40944881889764 accomplie.
1059.4488188976377 2083.464566929134 180.70866141732284 74.40944881889764 Les
1163.3858267716535 2083.464566929134 284.6456692913386 74.40944881889764 fausses
1344.0944881889764 2083.464566929134 232.6771653543307 74.40944881889764 suscep-

467.7165354330709 2149.6062992125985 316.53543307086613 63.77952755905512 tibilités,
716.9291338582677 2149.6062992125985 158.26771653543307 63.77952755905512 les
806.6929133858267 2149.6062992125985 249.21259842519686 63.77952755905512 fausses
988.5826771653543 2149.6062992125985 385.03937007874015 63.77952755905512 délicatesses,
1305.1181102362204 2149.6062992125985 158.26771653543307 63.77952755905512 les
1373.6220472440946 2149.6062992125985 204.33070866141733 63.77952755905512 fausses

466.53543307086613 2215.748031496063 302.3622047244094 63.77952755905512 rancunes
693.3070866141733 2215.748031496063 277.5590551181102 63.77952755905512 étaient
895.2755905511812 2215.748031496063 302.3622047244094 63.77952755905512 tombées.
1122.0472440944882 2215.748031496063 151.1811023622047 63.77952755905512 On
1197.6377952755906 2215.748031496063 226.77165354330708 63.77952755905512 était
1324.015748031496 2215.748031496063 251.5748031496063 63.77952755905512 d’accord

470.0787401574803 2299.6062992125985 160.62992125984252 48.425196850393704 sur
561.0236220472441 2299.6062992125985 137.00787401574803 48.425196850393704 le
629.5275590551181 2299.6062992125985 183.0708661417323 48.425196850393704 rôle
744.0944881889764 2299.6062992125985 137.00787401574803 48.425196850393704 de
812.5984251968504 2299.6062992125985 205.51181102362204 48.425196850393704 l’art
949.6062992125984 2299.6062992125985 137.00787401574803 48.425196850393704 et
1018.1102362204724 2299.6062992125985 137.00787401574803 48.425196850393704 sa
1086.6141732283465 2299.6062992125985 342.5196850393701 48.425196850393704 destination
1338.1889763779527 2299.6062992125985 229.13385826771653 48.425196850393704 sociale.

468.8976377952756 2357.48031496063 276.37795275590554 64.96062992125984 Courbet
669.6850393700787 2357.48031496063 401.5748031496063 64.96062992125984 apparaissait
995.6692913385826 2357.48031496063 225.59055118110237 64.96062992125984 comme
1145.6692913385828 2357.48031496063 150.0 64.96062992125984 le
1221.259842519685 2357.48031496063 250.39370078740157 64.96062992125984 maître
1371.259842519685 2357.48031496063 200.78740157480314 64.96062992125984 incon
