1749 2481
792 404 118 39 —
839 404 141 39 26
886 404 71 39 —

778 562 150 57 VII

445 715 259 47 Pendant
634 715 165 47 que
728 715 259 47 Courbet
916 715 400 47 accomplissait
1222 715 118 47 son

401 787 197 42 œuvre
532 787 131 42 de
598 787 306 42 production
838 787 306 42 incessante
1079 787 131 42 et
1122 787 219 42 toujours

402 842 265 41 nouvelle,
606 842 123 41 le
667 842 184 41 temps
790 842 245 41 achevait
973 842 123 41 de
1035 842 123 41 le
1076 842 265 41 réconcilier

403 899 153 40 avec
499 899 268 40 l’opinion.
709 899 115 40 La
767 899 249 40 situation
958 899 249 40 politique
1150 899 115 40 et
1188 899 153 40 morale

400 954 188 41 était
525 954 292 41 d’ailleurs
755 954 167 41 bien
859 954 250 41 changée.
1047 954 167 41 Tout
1151 954 125 41 le
1193 954 146 41 monde

399 1019 188 48 avait
524 1019 209 48 oublié
671 1019 125 48 le
733 1019 230 48 spectre
900 1019 188 48 rouge
1026 1019 125 48 et
1088 1019 146 48 les
1151 1019 188 48 Jacques

398 1068 313 47 imaginaires
649 1068 125 47 de
711 1068 188 47 1852;
837 1068 167 47 tout
941 1068 125 47 le
1004 1068 188 47 monde
1129 1068 188 47 avait
1234 1068 104 47 re-

400 1123 179 48 connu
520 1123 179 48 qu’il
639 1123 140 48 n’y
719 1123 199 48 avait,
859 1123 120 48 en
918 1123 219 48 France,
1078 1123 179 48 qu’un
1178 1123 159 48 ennemi

399 1180 123 54 de
460 1180 123 54 la
521 1180 225 54 France:
685 1180 266 54 l’Empire.
889 1180 143 54 Les
971 1180 225 54 vaincus
1135 1180 123 54 de
1175 1180 164 54 décem-

401 1236 124 54 bre
472 1236 194 54 avaient
613 1236 177 54 repris
737 1236 106 54 la
790 1236 194 54 parolé;
932 1236 124 54 ils
1002 1236 212 54 tenaient
1161 1236 88 54 à
1197 1236 106 54 la
1232 1236 106 54 fois

398 1300 125 46 la
461 1300 229 46 tribune
627 1300 125 46 et
690 1300 125 46 la
752 1300 229 46 presse.
919 1300 146 46 Les
1003 1300 188 46 morts
1107 1300 229 46 eux

396 1367 284 36 sortaient
615 1367 131 36 du
681 1367 241 36 tombeau
856 1367 175 36 pour
965 1367 284 36 protester
1162 1367 175 36 contre

392 1412 142 55 un
463 1412 236 55 régime
629 1412 260 55 exécré.
818 1412 142 55 La
889 1412 331 55 démocratie
1125 1412 213 55 montait

395 1484 197 47 comme
526 1484 153 47 une
614 1484 153 47 mer
701 1484 328 47 débordante.
964 1484 241 47 L’ordre
1139 1484 131 47 de
1183 1484 153 47 faits

396 1540 126 47 et
459 1540 230 47 d’idées
626 1540 251 47 importés
815 1540 272 47 autrefois
1024 1540 167 47 dans
1129 1540 188 47 l’art
1233 1540 105 47 par

394 1588 126 54 le
457 1588 210 54 maître
604 1588 272 54 d’Ornans,
813 1588 251 54 recevait
1002 1588 126 54 de
1065 1588 168 54 jour
1169 1588 126 54 en
1211 1588 126 54 jour

395 1644 150 55 une
480 1644 172 55 plus
588 1644 279 55 éclatante
803 1644 387 55 justification.
1125 1644 129 55 Un
1168 1644 193 55 moment:

396 1700 153 63 vint
491 1700 115 63 où
549 1700 153 63 l’on
644 1700 134 63 put
721 1700 153 63 dire
816 1700 134 63 que
893 1700 248 63 l’entente
1084 1700 172 63 était
1179 1700 153 63 faite,

394 1764 328 63 l’évolution
657 1764 306 63 accomplie.
897 1764 153 63 Les
985 1764 241 63 fausses
1138 1764 197 63 suscep-

396 1820 268 54 tibilités,
607 1820 134 54 les
683 1820 211 54 fausses
837 1820 326 54 délicatesses,
1105 1820 134 54 les
1163 1820 173 54 fausses

395 1876 256 54 rancunes
587 1876 235 54 étaient
758 1876 256 54 tombées.
950 1876 128 54 On
1014 1876 192 54 était
1121 1876 213 54 d’accord

398 1947 136 41 sur
475 1947 116 41 le
533 1947 155 41 rôle
630 1947 116 41 de
688 1947 174 41 l’art
804 1947 116 41 et
862 1947 116 41 sa
920 1947 290 41 destination
1133 1947 194 41 sociale.

397 1996 234 55 Courbet
567 1996 340 55 apparaissait
843 1996 191 55 comme
970 1996 127 55 le
1034 1996 212 55 maître
1161 1996 170 55 incon
