2065.748031496063 2930.314960629921
922.4409448818898 467.7165354330709 138.18897637795277 54.330708661417326 —
976.7716535433071 467.7165354330709 165.35433070866142 54.330708661417326 27
1032.283464566929 467.7165354330709 82.67716535433071 54.330708661417326 —

466.53543307086613 552.7559055118111 222.04724409448818 55.511811023622045 testé
614.1732283464567 552.7559055118111 172.44094488188978 55.511811023622045 qui
713.3858267716536 552.7559055118111 245.66929133858267 55.511811023622045 allait
884.6456692913385 552.7559055118111 245.66929133858267 55.511811023622045 guider
1057.0866141732283 552.7559055118111 147.63779527559055 55.511811023622045 la
1131.4960629921259 552.7559055118111 295.2755905511811 55.511811023622045 jeunesse
1352.3622047244094 552.7559055118111 197.24409448818898 55.511811023622045 dans
1451.5748031496064 552.7559055118111 122.83464566929133 55.511811023622045 les

467.7165354330709 620.0787401574803 294.09448818897636 63.77952755905512 nouvelles
670.8661417322835 620.0787401574803 226.77165354330708 63.77952755905512 voies...

519.6850393700787 694.488188976378 264.56692913385825 56.69291338582677 Survint
711.0236220472441 694.488188976378 216.14173228346456 56.69291338582677 1870,
856.2992125984252 694.488188976378 360.23622047244095 56.69291338582677 l’invasion,
1144.4881889763778 694.488188976378 144.09448818897638 56.69291338582677 le
1216.5354330708662 694.488188976378 239.76377952755905 56.69291338582677 siège,
1384.251968503937 694.488188976378 144.09448818897638 56.69291338582677 la
1432.6771653543308 694.488188976378 144.09448818897638 56.69291338582677 Com-

462.99212598425197 760.6299212598425 259.84251968503935 74.40944881889764 mune...
651.9685039370079 760.6299212598425 188.9763779527559 74.40944881889764 Mais
770.0787401574803 760.6299212598425 188.9763779527559 74.40944881889764 j’ai
888.1889763779527 760.6299212598425 236.2204724409449 74.40944881889764 promis
1054.724409448819 760.6299212598425 141.73228346456693 74.40944881889764 de
1125.5905511811025 760.6299212598425 141.73228346456693 74.40944881889764 ne
1196.4566929133857 760.6299212598425 165.35433070866142 74.40944881889764 pas
1290.9448818897638 760.6299212598425 212.5984251968504 74.40944881889764 faire
1409.0551181102362 760.6299212598425 165.35433070866142 74.40944881889764 allu-

462.99212598425197 827.9527559055118 181.88976377952756 55.511811023622045 sion
576.3779527559055 827.9527559055118 113.38582677165354 55.511811023622045 à
621.2598425196851 827.9527559055118 135.82677165354332 55.511811023622045 la
689.7637795275591 827.9527559055118 158.26771653543307 55.511811023622045 vie
780.7086614173228 827.9527559055118 135.82677165354332 55.511811023622045 de
848.0314960629921 827.9527559055118 272.8346456692913 55.511811023622045 Courbet,
1052.3622047244094 827.9527559055118 135.82677165354332 55.511811023622045 de
1120.8661417322835 827.9527559055118 135.82677165354332 55.511811023622045 ne
1188.1889763779527 827.9527559055118 181.88976377952756 55.511811023622045 rien
1302.755905511811 827.9527559055118 181.88976377952756 55.511811023622045 dire
1416.1417322834645 827.9527559055118 135.82677165354332 55.511811023622045 de
1461.023622047244 827.9527559055118 113.38582677165354 55.511811023622045 ses

462.99212598425197 910.6299212598425 236.2204724409449 56.69291338582677 actes,
628.3464566929134 910.6299212598425 165.35433070866142 56.69291338582677 pas
722.8346456692914 910.6299212598425 188.9763779527559 56.69291338582677 même
840.9448818897638 910.6299212598425 188.9763779527559 56.69291338582677 que,
959.0551181102362 910.6299212598425 401.5748031496063 56.69291338582677 contrairement
1290.9448818897638 910.6299212598425 118.11023622047244 56.69291338582677 à
1314.5669291338584 910.6299212598425 259.84251968503935 56.69291338582677 l’opinion

462.99212598425197 977.9527559055118 300.0 46.06299212598425 répandue,
694.488188976378 977.9527559055118 138.18897637795277 46.06299212598425 il
764.1732283464567 977.9527559055118 161.81102362204723 46.06299212598425 est
856.2992125984252 977.9527559055118 207.8740157480315 46.06299212598425 resté
995.6692913385826 977.9527559055118 277.5590551181102 46.06299212598425 étranger
1203.5433070866143 977.9527559055118 138.18897637795277 46.06299212598425 au
1249.6062992125985 977.9527559055118 323.62204724409446 46.06299212598425 renversement

464.1732283464567 1034.6456692913387 141.73228346456693 73.22834645669292 de
535.0393700787401 1034.6456692913387 141.73228346456693 73.22834645669292 la
605.9055118110236 1034.6456692913387 259.84251968503935 73.22834645669292 colonne
793.7007874015748 1034.6456692913387 282.2834645669291 73.22834645669292 Vendôme;
1006.2992125984252 1034.6456692913387 212.5984251968504 73.22834645669292 qu’il
1148.0314960629921 1034.6456692913387 165.35433070866142 73.22834645669292 n’a
1242.5196850393702 1034.6456692913387 165.35433070866142 73.22834645669292 été
1335.8267716535433 1034.6456692913387 188.9763779527559 73.22834645669292 pour
1430.3149606299212 1034.6456692913387 141.73228346456693 73.22834645669292 rien

462.99212598425197 1101.9685039370079 138.18897637795277 68.50393700787401 ni
532.6771653543307 1101.9685039370079 184.251968503937 68.50393700787401 dans
648.4251968503937 1101.9685039370079 138.18897637795277 68.50393700787401 la
716.9291338582677 1101.9685039370079 300.0 68.50393700787401 décision,
947.2440944881889 1101.9685039370079 138.18897637795277 68.50393700787401 ni
1016.9291338582677 1101.9685039370079 184.251968503937 68.50393700787401 dans
1131.4960629921259 1101.9685039370079 138.18897637795277 68.50393700787401 la
1201.1811023622047 1101.9685039370079 368.503937007874 68.50393700787401 préparation,
1477.5590551181103 1101.9685039370079 92.1259842519685 68.50393700787401 ni

464.1732283464567 1176.3779527559054 184.251968503937 54.330708661417326 dans
578.7401574803149 1176.3779527559054 344.88188976377955 54.330708661417326 l’exécution
853.9370078740158 1176.3779527559054 138.18897637795277 54.330708661417326 de
923.6220472440945 1176.3779527559054 206.69291338582678 54.330708661417326 cette
1061.8110236220473 1176.3779527559054 344.88188976377955 54.330708661417326 mesure;,que
1337.007874015748 1176.3779527559054 184.251968503937 54.330708661417326 cela
1429.1338582677165 1176.3779527559054 138.18897637795277 54.330708661417326 sera

458.26771653543307 1250.7874015748032 498.4251968503937 59.05511811023622 surabondamment
872.8346456692914 1250.7874015748032 331.8897637795276 59.05511811023622 démontré
1122.0472440944882 1250.7874015748032 166.53543307086613 59.05511811023622 un
1204.724409448819 1250.7874015748032 220.86614173228347 59.05511811023622 jour
1344.0944881889764 1250.7874015748032 193.70078740157481 59.05511811023622 par
1426.7716535433071 1250.7874015748032 138.18897637795277 59.05511811023622 des

460.62992125984255 1307.4803149606298 318.8976377952756 67.32283464566929 documents
706.2992125984252 1307.4803149606298 392.12598425196853 67.32283464566929 authentiques
1025.1968503937007 1307.4803149606298 147.63779527559055 67.32283464566929 et
1098.4251968503936 1307.4803149606298 441.73228346456693 67.32283464566929 d’irrécusables
1442.1259842519685 1307.4803149606298 122.83464566929133 67.32283464566929 té-

460.62992125984255 1374.8031496062993 376.7716535433071 64.96062992125984 moignages...
766.5354330708661 1374.8031496062993 141.73228346456693 64.96062992125984 Le
837.4015748031496 1374.8031496062993 235.03937007874015 64.96062992125984 pauvre
1002.7559055118111 1374.8031496062993 258.66141732283467 64.96062992125984 artiste
1190.5511811023623 1374.8031496062993 235.03937007874015 64.96062992125984 traqué
1355.9055118110236 1374.8031496062993 211.41732283464566 64.96062992125984 passa
1472.8346456692914 1374.8031496062993 94.48818897637796 64.96062992125984 la

460.62992125984255 1450.3937007874015 322.4409448818898 69.68503937007874 frontière,
713.3858267716536 1450.3937007874015 230.31496062992127 69.68503937007874 trouva
874.0157480314961 1450.3937007874015 138.18897637795277 69.68503937007874 un
942.5196850393701 1450.3937007874015 230.31496062992127 69.68503937007874 refuge
1104.3307086614172 1450.3937007874015 114.56692913385827 69.68503937007874 à
1150.3937007874015 1450.3937007874015 138.18897637795277 69.68503937007874 la
1196.4566929133857 1450.3937007874015 367.3228346456693 69.68503937007874 Tour

460.62992125984255 1517.716535433071 140.5511811023622 70.86614173228347 Il
531.496062992126 1517.716535433071 116.92913385826772 70.86614173228347 y
578.7401574803149 1517.716535433071 164.17322834645668 70.86614173228347 put
672.0472440944882 1517.716535433071 211.41732283464566 70.86614173228347 faire
812.5984251968504 1517.716535433071 235.03937007874015 70.86614173228347 encore
977.9527559055118 1517.716535433071 164.17322834645668 70.86614173228347 des
1071.259842519685 1517.716535433071 235.03937007874015 70.86614173228347 œuvres
1212.992125984252 1517.716535433071 351.9685039370079 70.86614173228347 remarquables,

464.1732283464567 1594.4881889763778 168.89763779527559 55.511811023622045 comme
576.3779527559055 1594.4881889763778 112.20472440944881 55.511811023622045 le
633.0708661417323 1594.4881889763778 355.51181102362204 55.511811023622045 Portrait
931.8897637795276 1594.4881889763778 112.20472440944881 55.511811023622045 de
988.5826771653543 1594.4881889763778 131.10236220472441 55.511811023622045 son
1062.992125984252 1594.4881889763778 168.89763779527559 55.511811023622045 père,
1175.1968503937007 1594.4881889763778 112.20472440944881 55.511811023622045 la
1231.8897637795276 1594.4881889763778 336.61417322834643 55.511811023622045 Truite,
1494.0944881889764 1594.4881889763778 74.40944881889764 55.511811023622045 et

461.81102362204723 1657.0866141732283 239.76377952755905 62.59842519685039 divers
629.5275590551181 1657.0866141732283 311.81102362204723 62.59842519685039 paysages.
869.2913385826772 1657.0866141732283 191.33858267716536 62.59842519685039 Mais
988.5826771653543 1657.0866141732283 144.09448818897638 62.59842519685039 le
1060.6299212598426 1657.0866141732283 191.33858267716536 62.59842519685039 cœur
1179.9212598425197 1657.0866141732283 167.71653543307087 62.59842519685039 n’y
1276.7716535433071 1657.0866141732283 216.14173228346456 62.59842519685039 était
1396.0629921259842 1657.0866141732283 167.71653543307087 62.59842519685039 plus.

462.99212598425197 1724.4094488188975 135.82677165354332 54.330708661417326 Il
530.3149606299213 1724.4094488188975 158.26771653543307 54.330708661417326 lui
621.2598425196851 1724.4094488188975 292.9133858267717 54.330708661417326 manquait,
846.8503937007874 1724.4094488188975 180.70866141732284 54.330708661417326 avec
959.0551181102362 1724.4094488188975 135.82677165354332 54.330708661417326 le
1027.5590551181103 1724.4094488188975 203.1496062992126 54.330708661417326 repos
1162.2047244094488 1724.4094488188975 135.82677165354332 54.330708661417326 de
1229.5275590551182 1724.4094488188975 292.9133858267717 54.330708661417326 l’esprit,
1432.6771653543308 1724.4094488188975 135.82677165354332 54.330708661417326 deux

459.4488188976378 1802.3622047244094 225.59055118110237 50.78740157480315 choses
617.7165354330708 1802.3622047244094 180.70866141732284 50.78740157480315 sans
731.1023622047244 1802.3622047244094 316.53543307086613 50.78740157480315 lesquelles
979.1338582677165 1802.3622047244094 135.82677165354332 50.78740157480315 un
1047.6377952755906 1802.3622047244094 249.21259842519686 50.78740157480315 artiste
1228.3464566929133 1802.3622047244094 135.82677165354332 50.78740157480315 ne
1295.6692913385828 1802.3622047244094 135.82677165354332 50.78740157480315 se
1341.732283464567 1802.3622047244094 225.59055118110237 50.78740157480315 conserve

457.0866141732283 1874.4094488188975 175.98425196850394 56.69291338582677 pas
557.4803149606299 1874.4094488188975 353.1496062992126 56.69291338582677 longtemps.
835.0393700787401 1874.4094488188975 175.98425196850394 56.69291338582677 des
935.4330708661417 1874.4094488188975 277.5590551181102 56.69291338582677 modèles
1137.4015748031495 1874.4094488188975 151.1811023622047 56.69291338582677 et
1212.992125984252 1874.4094488188975 175.98425196850394 56.69291338582677 des
1288.5826771653544 1874.4094488188975 277.5590551181102 56.69291338582677 apprécia-

459.4488188976378 1932.283464566929 230.31496062992127 54.330708661417326 teurs.
621.2598425196851 1932.283464566929 138.18897637795277 54.330708661417326 Il
690.9448818897638 1932.283464566929 253.93700787401573 54.330708661417326 déclina
875.1968503937007 1932.283464566929 161.81102362204723 54.330708661417326 peu
967.3228346456693 1932.283464566929 115.74803149606299 54.330708661417326 à
1013.3858267716536 1932.283464566929 184.251968503937 54.330708661417326 peu.
1129.1338582677165 1932.283464566929 138.18897637795277 54.330708661417326 Un
1197.6377952755906 1932.283464566929 207.8740157480315 54.330708661417326 jour,
1337.007874015748 1932.283464566929 161.81102362204723 54.330708661417326 ces
1405.5118110236222 1932.283464566929 161.81102362204723 54.330708661417326 beaux

457.0866141732283 2007.8740157480315 217.3228346456693 64.96062992125984 yeux,
601.1811023622047 2007.8740157480315 168.89763779527559 64.96062992125984 qui
698.0314960629921 2007.8740157480315 362.59842519685037 64.96062992125984 s’ouvraient
987.4015748031496 2007.8740157480315 145.2755905511811 64.96062992125984 si
1060.6299212598426 2007.8740157480315 314.1732283464567 64.96062992125984 largement
1301.5748031496064 2007.8740157480315 265.748031496063 64.96062992125984 devant;
1470.4724409448818 2007.8740157480315 96.85039370078741 64.96062992125984 la

460.62992125984255 2083.464566929134 240.9448818897638 54.330708661417326 nature
628.3464566929134 2083.464566929134 144.09448818897638 54.330708661417326 et
700.3937007874016 2083.464566929134 360.23622047244095 54.330708661417326 analysaient
988.5826771653543 2083.464566929134 192.51968503937007 54.330708661417326 avec
1109.0551181102362 2083.464566929134 192.51968503937007 54.330708661417326 tant
1229.5275590551182 2083.464566929134 144.09448818897638 54.330708661417326 de
1301.5748031496064 2083.464566929134 240.9448818897638 54.330708661417326 sûreté
1445.6692913385828 2083.464566929134 120.4724409448819 54.330708661417326 ses

457.0866141732283 2138.9763779527557 320.0787401574803 63.77952755905512 harmonies
703.9370078740158 2138.9763779527557 320.0787401574803 63.77952755905512 colorées,
949.6062992125984 2138.9763779527557 147.63779527559055 63.77952755905512 se
1024.015748031496 2138.9763779527557 344.88188976377955 63.77952755905512 fermèrent;
1294.4881889763778 2138.9763779527557 222.04724409448818 63.77952755905512 cette
1417.3228346456692 2138.9763779527557 147.63779527559055 63.77952755905512 main

460.62992125984255 2224.015748031496 292.9133858267717 55.511811023622045 puissante
686.2204724409448 2224.015748031496 180.70866141732284 55.511811023622045 qui,
798.4251968503937 2224.015748031496 158.26771653543307 55.511811023622045 par
889.3700787401575 2224.015748031496 135.82677165354332 55.511811023622045 la
956.6929133858267 2224.015748031496 225.59055118110237 55.511811023622045 brosse
1114.9606299212599 2224.015748031496 135.82677165354332 55.511811023622045 et
1182.283464566929 2224.015748031496 135.82677165354332 55.511811023622045 le
1250.7874015748032 2224.015748031496 248.03149606299212 55.511811023622045 couteau
1430.3149606299212 2224.015748031496 113.38582677165354 55.511811023622045 à
1452.755905511811 2224.015748031496 113.38582677165354 55.511811023622045 pa-

455.90551181102364 2272.4409448818897 264.56692913385825 74.40944881889764 letté,
640.1574803149606 2272.4409448818897 211.41732283464566 74.40944881889764 avec
772.4409448818898 2272.4409448818897 185.43307086614172 74.40944881889764 une
878.7401574803149 2272.4409448818897 317.7165354330709 74.40944881889764 justesse
1116.1417322834645 2272.4409448818897 185.43307086614172 74.40944881889764 que
1222.4409448818897 2272.4409448818897 317.7165354330709 74.40944881889764 personne
1433.8582677165355 2272.4409448818897 132.28346456692913 74.40944881889764 n’a

459.4488188976378 2348.031496062992 235.03937007874015 54.330708661417326 encore
623.6220472440945 2348.031496062992 304.7244094488189 54.330708661417326 atteinte,
858.6614173228346 2348.031496062992 375.59055118110234 54.330708661417326 reproduisait
1163.3858267716535 2348.031496062992 140.5511811023622 54.330708661417326 le
1234.251968503937 2348.031496062992 304.7244094488189 54.330708661417326 spectacle
1445.6692913385828 2348.031496062992 116.92913385826772 54.330708661417326 des
