1749 2481
781 396 117 46 —
827 396 140 46 27
874 396 70 46 —

395 468 188 47 testé
520 468 146 47 qui
604 468 208 47 allait
749 468 208 47 guider
895 468 125 47 la
958 468 250 47 jeunesse
1145 468 167 47 dans
1229 468 104 47 les

396 525 249 54 nouvelles
568 525 192 54 voies...

440 588 224 48 Survint
602 588 183 48 1870,
725 588 305 48 l’invasion,
969 588 122 48 le
1030 588 203 48 siège,
1172 588 122 48 la
1213 588 122 48 Com-

392 644 220 63 mune...
552 644 160 63 Mais
652 644 160 63 j’ai
752 644 200 63 promis
893 644 120 63 de
953 644 120 63 ne
1013 644 140 63 pas
1093 644 180 63 faire
1193 644 140 63 allu-

392 701 154 47 sion
488 701 96 47 à
526 701 115 47 la
584 701 134 47 vie
661 701 115 47 de
718 701 231 47 Courbet,
891 701 115 47 de
949 701 115 47 ne
1006 701 154 47 rien
1103 701 154 47 dire
1199 701 115 47 de
1237 701 96 47 ses

392 771 200 48 actes,
532 771 140 48 pas
612 771 160 48 même
712 771 160 48 que,
812 771 340 48 contrairement
1093 771 100 48 à
1113 771 220 48 l’opinion

392 828 254 39 répandue,
588 828 117 39 il
647 828 137 39 est
725 828 176 39 resté
843 828 235 39 étranger
1019 828 117 39 au
1058 828 274 39 renversement

393 876 120 62 de
453 876 120 62 la
513 876 220 62 colonne
672 876 239 62 Vendôme;
852 876 180 62 qu’il
972 876 140 62 n’a
1052 876 140 62 été
1131 876 160 62 pour
1211 876 120 62 rien

392 933 117 58 ni
451 933 156 58 dans
549 933 117 58 la
607 933 254 58 décision,
802 933 117 58 ni
861 933 156 58 dans
958 933 117 58 la
1017 933 312 58 préparation,
1251 933 78 58 ni

393 996 156 46 dans
490 996 292 46 l’exécution
723 996 117 46 de
782 996 175 46 cette
899 996 292 46 mesure;,que
1132 996 156 46 cela
1210 996 117 46 sera

388 1059 422 50 surabondamment
739 1059 281 50 démontré
950 1059 141 50 un
1020 1059 187 50 jour
1138 1059 164 50 par
1208 1059 117 50 des

390 1107 270 57 documents
598 1107 332 57 authentiques
868 1107 125 57 et
930 1107 374 57 d’irrécusables
1221 1107 104 57 té-

390 1164 319 55 moignages...
649 1164 120 55 Le
709 1164 199 55 pauvre
849 1164 219 55 artiste
1008 1164 199 55 traqué
1148 1164 179 55 passa
1247 1164 80 55 la

390 1228 273 59 frontière,
604 1228 195 59 trouva
740 1228 117 59 un
798 1228 195 59 refuge
935 1228 97 59 à
974 1228 117 59 la
1013 1228 311 59 Tour

390 1285 119 60 Il
450 1285 99 60 y
490 1285 139 60 put
569 1285 179 60 faire
688 1285 199 60 encore
828 1285 139 60 des
907 1285 199 60 œuvres
1027 1285 298 60 remarquables,

393 1350 143 47 comme
488 1350 95 47 le
536 1350 301 47 <i>Portrait</i>
789 1350 95 47 de
837 1350 111 47 son
900 1350 143 47 père,
995 1350 95 47 la
1043 1350 285 47 <i>Truite</i>,
1265 1350 63 47 et

391 1403 203 53 divers
533 1403 264 53 paysages.
736 1403 162 53 Mais
837 1403 122 53 le
898 1403 162 53 cœur
999 1403 142 53 n’y
1081 1403 183 53 était
1182 1403 142 53 plus.

392 1460 115 46 Il
449 1460 134 46 lui
526 1460 248 46 manquait,
717 1460 153 46 avec
812 1460 115 46 le
870 1460 172 46 repos
984 1460 115 46 de
1041 1460 248 46 l’esprit,
1213 1460 115 46 deux

389 1526 191 43 choses
523 1526 153 43 sans
619 1526 268 43 lesquelles
829 1526 115 43 un
887 1526 211 43 artiste
1040 1526 115 43 ne
1097 1526 115 43 se
1136 1526 191 43 conserve

387 1587 149 48 pas
472 1587 299 48 longtemps.
707 1587 149 48 des
792 1587 235 48 modèles
963 1587 128 48 et
1027 1587 149 48 des
1091 1587 235 48 apprécia-

389 1636 195 46 teurs.
526 1636 117 46 Il
585 1636 215 46 déclina
741 1636 137 46 peu
819 1636 98 46 à
858 1636 156 46 peu.
956 1636 117 46 Un
1014 1636 176 46 jour,
1132 1636 137 46 ces
1190 1636 137 46 beaux

387 1700 184 55 yeux,
509 1700 143 55 qui
591 1700 307 55 s’ouvraient
836 1700 123 55 si
898 1700 266 55 largement
1102 1700 225 55 devant;
1245 1700 82 55 la

390 1764 204 46 nature
532 1764 122 46 et
593 1764 305 46 analysaient
837 1764 163 46 avec
939 1764 163 46 tant
1041 1764 122 46 de
1102 1764 204 46 sûreté
1224 1764 102 46 ses

387 1811 271 54 harmonies
596 1811 271 54 colorées,
804 1811 125 54 se
867 1811 292 54 fermèrent;
1096 1811 188 54 cette
1200 1811 125 54 main

390 1883 248 47 puissante
581 1883 153 47 qui,
676 1883 134 47 par
753 1883 115 47 la
810 1883 191 47 brosse
944 1883 115 47 et
1001 1883 115 47 le
1059 1883 210 47 couteau
1211 1883 96 47 à
1230 1883 96 47 pa-

386 1924 224 63 letté,
542 1924 179 63 avec
654 1924 157 63 une
744 1924 269 63 justesse
945 1924 157 63 que
1035 1924 269 63 personne
1214 1924 112 63 n’a

389 1988 199 46 encore
528 1988 258 46 atteinte,
727 1988 318 46 reproduisait
985 1988 119 46 le
1045 1988 258 46 spectacle
1224 1988 99 46 des
