2065.748031496063 2930.314960629921
921.2598425196851 496.06299212598424 140.5511811023622 55.511811023622045 —
977.9527559055118 496.06299212598424 168.89763779527559 55.511811023622045 28
1034.6456692913387 496.06299212598424 85.03937007874016 55.511811023622045 —

471.25984251968504 589.3700787401575 233.85826771653544 57.874015748031496 choses
635.4330708661417 589.3700787401575 140.5511811023622 57.874015748031496 et
705.1181102362204 589.3700787401575 257.4803149606299 57.874015748031496 donnait
891.7322834645669 589.3700787401575 140.5511811023622 57.874015748031496 la
962.5984251968504 589.3700787401575 303.54330708661416 57.874015748031496 sensation
1196.4566929133857 589.3700787401575 186.61417322834646 57.874015748031496 même
1313.3858267716535 589.3700787401575 140.5511811023622 57.874015748031496 de
1383.0708661417323 589.3700787401575 140.5511811023622 57.874015748031496 la
1452.755905511811 589.3700787401575 186.61417322834646 57.874015748031496 vie,
1547.244094488189 589.3700787401575 69.68503937007874 57.874015748031496 .

471.25984251968504 656.6929133858267 257.4803149606299 55.511811023622045 retomba
659.0551181102362 656.6929133858267 233.85826771653544 55.511811023622045 inerte
823.2283464566929 656.6929133858267 116.92913385826772 55.511811023622045 :
869.2913385826772 656.6929133858267 257.4803149606299 55.511811023622045 Gustave
1057.0866141732283 656.6929133858267 257.4803149606299 55.511811023622045 Courbet
1243.7007874015749 656.6929133858267 257.4803149606299 55.511811023622045 n’était
1407.8740157480315 656.6929133858267 164.17322834645668 55.511811023622045 plus.

524.4094488188977 722.8346456692914 153.54330708661416 55.511811023622045 La
601.1811023622047 722.8346456692914 204.33070866141733 55.511811023622045 mort
729.9212598425197 722.8346456692914 179.5275590551181 55.511811023622045 est
831.496062992126 722.8346456692914 153.54330708661416 55.511811023622045 la
908.2677165354331 722.8346456692914 434.6456692913386 55.511811023622045 pacificatrice
1267.3228346456692 722.8346456692914 307.0866141732283 55.511811023622045 suprême.
1471.6535433070867 722.8346456692914 102.75590551181102 55.511811023622045 En

475.98425196850394 787.7952755905512 291.73228346456693 67.32283464566929 éloignant
700.3937007874016 787.7952755905512 314.1732283464567 67.32283464566929 l’athlète,
947.2440944881889 787.7952755905512 134.64566929133858 67.32283464566929 en
1014.5669291338583 787.7952755905512 269.29133858267716 67.32283464566929 arrêtant
1217.716535433071 787.7952755905512 134.64566929133858 67.32283464566929 le
1285.0393700787401 787.7952755905512 246.8503937007874 67.32283464566929 combat,
1442.1259842519685 787.7952755905512 134.64566929133858 67.32283464566929 elle

475.98425196850394 865.7480314960629 252.75590551181102 53.1496062992126 désarme
659.0551181102362 865.7480314960629 160.62992125984252 53.1496062992126 les
751.1811023622047 865.7480314960629 275.1968503937008 53.1496062992126 passions
957.8740157480315 865.7480314960629 298.81889763779526 53.1496062992126 irritées.
1187.007874015748 865.7480314960629 138.18897637795277 53.1496062992126 Le
1256.6929133858268 865.7480314960629 206.69291338582678 53.1496062992126 calme
1393.7007874015749 865.7480314960629 138.18897637795277 53.1496062992126 se
1439.763779527559 865.7480314960629 138.18897637795277 53.1496062992126 fait

473.62204724409446 930.7086614173228 250.39370078740157 62.59842519685039 autour
648.4251968503937 930.7086614173228 150.0 62.59842519685039 de
724.0157480314961 930.7086614173228 150.0 62.59842519685039 la
799.6062992125984 930.7086614173228 301.18110236220474 62.59842519685039 mémoire.
1025.1968503937007 930.7086614173228 175.98425196850394 62.59842519685039 Les
1125.5905511811025 930.7086614173228 250.39370078740157 62.59842519685039 haines
1300.3937007874015 930.7086614173228 200.78740157480314 62.59842519685039 s’en
1400.7874015748032 930.7086614173228 175.98425196850394 62.59842519685039 vont,

475.98425196850394 995.6692913385826 160.62992125984252 64.96062992125984 les
566.9291338582677 995.6692913385826 298.81889763779526 64.96062992125984 rivalités
797.2440944881889 995.6692913385826 344.88188976377955 64.96062992125984 s’effacent,
1073.6220472440946 995.6692913385826 138.18897637795277 64.96062992125984 et
1142.1259842519685 995.6692913385826 138.18897637795277 64.96062992125984 la
1211.8110236220473 995.6692913385826 276.37795275590554 64.96062992125984 Justice,
1418.5039370078741 995.6692913385826 160.62992125984252 64.96062992125984 qui
1487.007874015748 995.6692913385826 92.1259842519685 64.96062992125984 se

472.4409448818898 1062.992125984252 295.2755905511811 64.96062992125984 taisait,
694.488188976378 1062.992125984252 147.63779527559055 64.96062992125984 se
767.7165354330708 1062.992125984252 197.24409448818898 64.96062992125984 lève
890.5511811023622 1062.992125984252 197.24409448818898 64.96062992125984 pour
1013.3858267716536 1062.992125984252 295.2755905511811 64.96062992125984 formuler
1210.6299212598426 1062.992125984252 368.503937007874 64.96062992125984 l’inéluctable

442.9133858267717 1139.763779527559 296.45669291338584 73.22834645669292 jugement.

529.1338582677165 1203.5433070866143 158.26771653543307 66.14173228346456 Ce
608.2677165354331 1203.5433070866143 341.33858267716533 66.14173228346456 jugement,
870.4724409448819 1203.5433070866143 210.23622047244095 66.14173228346456 pour
1001.5748031496063 1203.5433070866143 315.3543307086614 66.14173228346456 Courbet,
1238.976377952756 1203.5433070866143 210.23622047244095 66.14173228346456 sera
1370.0787401574803 1203.5433070866143 184.251968503937 66.14173228346456 une
1449.2125984251968 1203.5433070866143 131.10236220472441 66.14173228346456 ré-

475.98425196850394 1270.8661417322835 327.1653543307087 72.04724409448819 paration:
727.5590551181102 1270.8661417322835 200.78740157480314 72.04724409448819 j’en
852.7559055118111 1270.8661417322835 251.5748031496063 72.04724409448819 prends
1028.740157480315 1270.8661417322835 200.78740157480314 72.04724409448819 pour
1155.1181102362204 1270.8661417322835 200.78740157480314 72.04724409448819 gage
1280.3149606299212 1270.8661417322835 175.98425196850394 72.04724409448819 les
1355.9055118110236 1270.8661417322835 226.77165354330708 72.04724409448819 applau-

479.5275590551181 1355.9055118110236 315.3543307086614 55.511811023622045 dissements
726.3779527559055 1355.9055118110236 157.08661417322836 55.511811023622045 qui
817.3228346456693 1355.9055118110236 157.08661417322836 55.511811023622045 ont
907.0866141732283 1355.9055118110236 224.40944881889763 55.511811023622045 éclaté
1064.1732283464567 1355.9055118110236 112.20472440944881 55.511811023622045 à
1109.0551181102362 1355.9055118110236 134.64566929133858 55.511811023622045 la
1176.3779527559054 1355.9055118110236 201.96850393700788 55.511811023622045 salle
1312.2047244094488 1355.9055118110236 157.08661417322836 55.511811023622045 des
1379.5275590551182 1355.9055118110236 201.96850393700788 55.511811023622045 ventes,

464.1732283464567 1411.4173228346456 201.96850393700788 73.22834645669292 quand
598.8188976377953 1411.4173228346456 134.64566929133858 73.22834645669292 on
666.1417322834645 1411.4173228346456 112.20472440944881 73.22834645669292 a
711.0236220472441 1411.4173228346456 246.8503937007874 73.22834645669292 annoncé
890.5511811023622 1411.4173228346456 134.64566929133858 73.22834645669292 au
957.8740157480315 1411.4173228346456 224.40944881889763 73.22834645669292 public
1114.9606299212599 1411.4173228346456 157.08661417322836 73.22834645669292 que
1204.724409448819 1411.4173228346456 134.64566929133858 73.22834645669292 le
1249.6062992125985 1411.4173228346456 336.61417322834643 73.22834645669292 Combat

487.79527559055117 1497.6377952755906 135.82677165354332 55.511811023622045 de
578.7401574803149 1497.6377952755906 210.23622047244095 55.511811023622045 cerfs,
744.0944881889764 1497.6377952755906 315.3543307086614 55.511811023622045 l'Hallali,
1014.5669291338583 1497.6377952755906 194.88188976377953 55.511811023622045 l'Home
1164.5669291338584 1497.6377952755906 225.59055118110237 55.511811023622045 blessé,
1344.0944881889764 1497.6377952755906 89.76377952755905 55.511811023622045 le
1374.8031496062993 1497.6377952755906 210.23622047244095 55.511811023622045 Jeune

479.5275590551181 1544.8818897637796 281.1023622047244 73.22834645669292 homme
690.9448818897638 1544.8818897637796 116.92913385826772 73.22834645669292 à
738.1889763779527 1544.8818897637796 140.5511811023622 73.22834645669292 la
807.8740157480315 1544.8818897637796 281.1023622047244 73.22834645669292 ceinture
1019.2913385826772 1544.8818897637796 140.5511811023622 73.22834645669292 de
1090.1574803149606 1544.8818897637796 281.1023622047244 73.22834645669292 cuir
1301.5748031496064 1544.8818897637796 258.66141732283467 73.22834645669292 avaient
1465.748031496063 1544.8818897637796 116.92913385826772 73.22834645669292 été

479.5275590551181 1609.8425196850394 276.37795275590554 83.85826771653544 achetés
680.3149606299213 1609.8425196850394 151.1811023622047 83.85826771653544 au
755.9055118110236 1609.8425196850394 175.98425196850394 83.85826771653544 nom
856.2992125984252 1609.8425196850394 151.1811023622047 83.85826771653544 de
931.8897637795276 1609.8425196850394 276.37795275590554 83.85826771653544 l’État,
1132.6771653543308 1609.8425196850394 151.1811023622047 83.85826771653544 et
1208.267716535433 1609.8425196850394 175.98425196850394 83.85826771653544 que
1308.6614173228347 1609.8425196850394 175.98425196850394 83.85826771653544 ces
1384.251968503937 1609.8425196850394 200.78740157480314 83.85826771653544 magni-

480.70866141732284 1686.6141732283465 233.85826771653544 63.77952755905512 fiques
644.8818897637796 1686.6141732283465 281.1023622047244 63.77952755905512 tableaux
856.2992125984252 1686.6141732283465 140.5511811023622 63.77952755905512 ne
925.9842519685039 1686.6141732283465 375.59055118110234 63.77952755905512 quitteraient
1230.708661417323 1686.6141732283465 164.17322834645668 63.77952755905512 pas
1325.1968503937007 1686.6141732283465 140.5511811023622 63.77952755905512 la
1371.259842519685 1686.6141732283465 211.41732283464566 63.77952755905512 France.

1012.2047244094488 1857.8740157480315 408.66141732283467 63.77952755905512 CASTAGNARY.
