1749 2481
436 1028 135 46 Nous
520 1028 135 46 nous
605 1028 168 46 sommes
723 1028 185 46 placés,
857 1028 135 46 pour
942 1028 101 46 la
992 1028 219 46 rédaction
1161 1028 101 46 de
1211 1028 101 46 ce
1245 1028 84 46 ca-

403 1092 198 30 talogue,
552 1092 99 30 au
602 1092 149 30 point
701 1092 99 30 de
750 1092 116 30 vue
816 1092 99 30 de
866 1092 99 30 la
915 1092 132 30 plus
998 1092 182 30 stricte
1113 1092 215 30 exactitude.

402 1137 138 50 Nous
488 1137 155 50 avons
591 1137 172 50 relevé
711 1137 120 50 sur
780 1137 172 50 chaque
900 1137 189 50 tableau
1038 1137 120 50 les
1089 1137 241 50 désignations

403 1197 142 55 qu’il
498 1197 205 55 contient,
655 1197 94 55 et
702 1197 126 55 nous
781 1197 110 55 les
844 1197 142 55 avons
938 1197 236 55 reproduites
1127 1197 94 55 en
1159 1197 173 55 indiquant

402 1244 138 47 teur
488 1244 172 47 place.
608 1244 293 47 Quelques-unes
849 1244 241 47 appelaient
1038 1244 120 47 une
1090 1244 241 47 explication,

404 1300 108 46 par
465 1300 185 46 exemple,
604 1300 108 46 les
666 1300 124 46 deux
744 1300 139 46 dates
836 1300 108 46 qui
898 1300 185 46 figurent
1037 1300 108 46 sur
1099 1300 93 46 le
1146 1300 185 46 portrait
1269 1300 62 46 de

403 1356 232 38 Proudhon;
582 1356 143 38 nous
671 1356 196 38 l’avons
814 1356 196 38 donnée,
956 1356 107 38 en
1010 1356 143 38 nous
1099 1356 232 38 réduisant
1260 1356 71 38 au

405 1410 239 41 substantiel
597 1410 112 41 des
660 1410 160 41 faits.
772 1410 128 41 Nous
852 1410 144 41 avons
948 1410 208 41 mentionné
1107 1410 112 41 les
1171 1410 160 41 Salons
1267 1410 64 41 et

405 1460 110 47 les
468 1460 235 47 expositions
656 1460 266 47 particulières
876 1460 94 47 de
923 1460 188 47 l’auteur
1064 1460 110 47 par
1126 1460 94 47 où
1173 1460 172 47 l’œuvre
1283 1460 47 47 a

405 1522 99 41 pu
455 1522 182 41 passer:
587 1522 149 41 c’est
687 1522 99 41 là
736 1522 116 41 une
803 1522 149 41 sorte
902 1522 165 41 d’état
1018 1522 149 41 civil
1117 1522 116 41 que
1183 1522 99 41 le
1216 1522 116 41 temps

405 1572 204 39 constitue
562 1572 79 39 à
594 1572 157 39 chaque
704 1572 188 39 tableau,
845 1572 110 39 qui
908 1572 126 39 fait
986 1572 157 39 partie
1096 1572 94 39 de
1144 1572 94 39 sa
1175 1572 157 39 renommée

406 1628 94 38 et
453 1628 252 38 l’accompagne
658 1628 126 38 dans
736 1628 94 38 sa
784 1628 204 38 carrière.
941 1628 126 38 Mais
1020 1628 142 38 notre
1114 1628 157 38 grande
1208 1628 126 38 préoc-

405 1676 188 39 cupation
547 1676 79 39 a
578 1676 110 39 été
641 1676 94 39 de
688 1676 126 39 bien
767 1676 188 39 marquer,
908 1676 110 39 par
971 1676 110 39 une
1034 1676 236 39 chronologie
1206 1676 126 39 rigou-

408 1732 152 39 reuse,
514 1732 106 39 les
575 1732 273 39 développements
803 1732 213 39 successifs
970 1732 91 39 du
1015 1732 152 39 talent
1121 1732 91 39 de
1152 1732 182 39 l’artiste.

409 1788 87 38 Il
452 1788 72 38 y
481 1788 130 38 avait
568 1788 87 38 là
611 1788 101 38 des
669 1788 159 38 lacunes
785 1788 72 38 à
814 1788 159 38 combler
930 1788 87 38 et
974 1788 101 38 des
1032 1788 159 38 erreurs
1148 1788 72 38 à
1162 1788 174 38 rectifier.

409 1837 194 45 L’intérêt
558 1837 134 45 étant
648 1837 149 45 grand;
753 1837 105 45 une
812 1837 134 45 seule
902 1837 149 45 fausse
1006 1837 134 45 date,
1096 1837 164 45 surtout
1216 1837 119 45 dans
1275 1837 60 45 la

408 1893 173 46 période
534 1893 94 46 de
581 1893 204 46 jeunesse,
738 1893 126 46 peut
817 1893 188 46 dérouter
958 1893 126 46 tous
1037 1893 110 46 les
1084 1893 251 46 raisonnements.

411 1948 147 47 Placez
514 1948 206 47 l'<i>Homme
676 1948 235 47 blessé,</i>,
867 1948 103 47 par
926 1948 176 47 exemple,
1058 1948 73 47 à
1087 1948 88 47 la
1131 1948 118 47 date
1205 1948 88 47 de
1234 1948 103 47 1844,

1160 1997 84 37 3
