2065.748031496063 2930.314960629921
514.9606299212599 1214.1732283464567 159.4488188976378 54.330708661417326 Nous
614.1732283464567 1214.1732283464567 159.4488188976378 54.330708661417326 nous
714.5669291338583 1214.1732283464567 198.4251968503937 54.330708661417326 sommes
853.9370078740158 1214.1732283464567 218.50393700787401 54.330708661417326 placés,
1012.2047244094488 1214.1732283464567 159.4488188976378 54.330708661417326 pour
1112.5984251968505 1214.1732283464567 119.29133858267717 54.330708661417326 la
1171.6535433070867 1214.1732283464567 258.66141732283467 54.330708661417326 rédaction
1371.259842519685 1214.1732283464567 119.29133858267717 54.330708661417326 de
1430.3149606299212 1214.1732283464567 119.29133858267717 54.330708661417326 ce
1470.4724409448818 1214.1732283464567 99.21259842519684 54.330708661417326 ca-

475.98425196850394 1289.763779527559 233.85826771653544 35.43307086614173 talogue,
651.9685039370079 1289.763779527559 116.92913385826772 35.43307086614173 au
711.0236220472441 1289.763779527559 175.98425196850394 35.43307086614173 point
827.9527559055118 1289.763779527559 116.92913385826772 35.43307086614173 de
885.8267716535433 1289.763779527559 137.00787401574803 35.43307086614173 vue
963.7795275590552 1289.763779527559 116.92913385826772 35.43307086614173 de
1022.8346456692914 1289.763779527559 116.92913385826772 35.43307086614173 la
1080.708661417323 1289.763779527559 155.90551181102362 35.43307086614173 plus
1178.740157480315 1289.763779527559 214.96062992125985 35.43307086614173 stricte
1314.5669291338584 1289.763779527559 253.93700787401573 35.43307086614173 exactitude.

474.8031496062992 1342.9133858267717 162.99212598425197 59.05511811023622 Nous
576.3779527559055 1342.9133858267717 183.0708661417323 59.05511811023622 avons
698.0314960629921 1342.9133858267717 203.1496062992126 59.05511811023622 relevé
839.7637795275591 1342.9133858267717 141.73228346456693 59.05511811023622 sur
921.2598425196851 1342.9133858267717 203.1496062992126 59.05511811023622 chaque
1062.992125984252 1342.9133858267717 223.22834645669292 59.05511811023622 tableau
1225.984251968504 1342.9133858267717 141.73228346456693 59.05511811023622 les
1286.2204724409448 1342.9133858267717 284.6456692913386 59.05511811023622 désignations

475.98425196850394 1413.7795275590552 167.71653543307087 64.96062992125984 qu’il
588.1889763779527 1413.7795275590552 242.1259842519685 64.96062992125984 contient,
773.6220472440945 1413.7795275590552 111.02362204724409 64.96062992125984 et
829.1338582677165 1413.7795275590552 148.8188976377953 64.96062992125984 nous
922.4409448818898 1413.7795275590552 129.92125984251967 64.96062992125984 les
996.8503937007874 1413.7795275590552 167.71653543307087 64.96062992125984 avons
1107.8740157480315 1413.7795275590552 278.74015748031496 64.96062992125984 reproduites
1331.1023622047244 1413.7795275590552 111.02362204724409 64.96062992125984 en
1368.8976377952756 1413.7795275590552 204.33070866141733 64.96062992125984 indiquant

474.8031496062992 1469.291338582677 162.99212598425197 55.511811023622045 teur
576.3779527559055 1469.291338582677 203.1496062992126 55.511811023622045 place.
718.1102362204724 1469.291338582677 346.06299212598424 55.511811023622045 Quelques-unes
1002.7559055118111 1469.291338582677 284.6456692913386 55.511811023622045 appelaient
1225.984251968504 1469.291338582677 141.73228346456693 55.511811023622045 une
1287.4015748031495 1469.291338582677 284.6456692913386 55.511811023622045 explication,

477.1653543307087 1535.4330708661416 127.55905511811024 54.330708661417326 par
549.2125984251968 1535.4330708661416 218.50393700787401 54.330708661417326 exemple,
713.3858267716536 1535.4330708661416 127.55905511811024 54.330708661417326 les
786.6141732283464 1535.4330708661416 146.45669291338584 54.330708661417326 deux
878.7401574803149 1535.4330708661416 164.17322834645668 54.330708661417326 dates
987.4015748031496 1535.4330708661416 127.55905511811024 54.330708661417326 qui
1060.6299212598426 1535.4330708661416 218.50393700787401 54.330708661417326 figurent
1224.8031496062993 1535.4330708661416 127.55905511811024 54.330708661417326 sur
1298.0314960629921 1535.4330708661416 109.84251968503936 54.330708661417326 le
1353.5433070866143 1535.4330708661416 218.50393700787401 54.330708661417326 portrait
1498.8188976377953 1535.4330708661416 73.22834645669292 54.330708661417326 de

475.98425196850394 1601.5748031496064 274.01574803149606 44.881889763779526 Proudhon;
687.4015748031496 1601.5748031496064 168.89763779527559 44.881889763779526 nous
792.5196850393701 1601.5748031496064 231.49606299212599 44.881889763779526 l’avons
961.4173228346457 1601.5748031496064 231.49606299212599 44.881889763779526 donnée,
1129.1338582677165 1601.5748031496064 126.37795275590551 44.881889763779526 en
1192.9133858267717 1601.5748031496064 168.89763779527559 44.881889763779526 nous
1298.0314960629921 1601.5748031496064 274.01574803149606 44.881889763779526 réduisant
1488.1889763779527 1601.5748031496064 83.85826771653544 44.881889763779526 au

478.34645669291336 1665.3543307086613 282.2834645669291 48.425196850393704 substantiel
705.1181102362204 1665.3543307086613 132.28346456692913 48.425196850393704 des
779.5275590551181 1665.3543307086613 188.9763779527559 48.425196850393704 faits.
911.8110236220473 1665.3543307086613 151.1811023622047 48.425196850393704 Nous
1006.2992125984252 1665.3543307086613 170.07874015748033 48.425196850393704 avons
1119.6850393700788 1665.3543307086613 245.66929133858267 48.425196850393704 mentionné
1307.4803149606298 1665.3543307086613 132.28346456692913 48.425196850393704 les
1383.0708661417323 1665.3543307086613 188.9763779527559 48.425196850393704 Salons
1496.4566929133857 1665.3543307086613 75.59055118110236 48.425196850393704 et

478.34645669291336 1724.4094488188975 129.92125984251967 55.511811023622045 les
552.7559055118111 1724.4094488188975 277.5590551181102 55.511811023622045 expositions
774.8031496062993 1724.4094488188975 314.1732283464567 55.511811023622045 particulières
1034.6456692913387 1724.4094488188975 111.02362204724409 55.511811023622045 de
1090.1574803149606 1724.4094488188975 222.04724409448818 55.511811023622045 l’auteur
1256.6929133858268 1724.4094488188975 129.92125984251967 55.511811023622045 par
1329.9212598425197 1724.4094488188975 111.02362204724409 55.511811023622045 où
1385.4330708661416 1724.4094488188975 203.1496062992126 55.511811023622045 l’œuvre
1515.3543307086613 1724.4094488188975 55.511811023622045 55.511811023622045 a

478.34645669291336 1797.6377952755906 116.92913385826772 48.425196850393704 pu
537.4015748031496 1797.6377952755906 214.96062992125985 48.425196850393704 passer:
693.3070866141733 1797.6377952755906 175.98425196850394 48.425196850393704 c’est
811.4173228346457 1797.6377952755906 116.92913385826772 48.425196850393704 là
869.2913385826772 1797.6377952755906 137.00787401574803 48.425196850393704 une
948.4251968503937 1797.6377952755906 175.98425196850394 48.425196850393704 sorte
1065.3543307086613 1797.6377952755906 194.88188976377953 48.425196850393704 d’état
1202.3622047244094 1797.6377952755906 175.98425196850394 48.425196850393704 civil
1319.291338582677 1797.6377952755906 137.00787401574803 48.425196850393704 que
1397.244094488189 1797.6377952755906 116.92913385826772 48.425196850393704 le
1436.2204724409448 1797.6377952755906 137.00787401574803 48.425196850393704 temps

478.34645669291336 1856.6929133858268 240.9448818897638 46.06299212598425 constitue
663.7795275590552 1856.6929133858268 93.30708661417323 46.06299212598425 à
701.5748031496063 1856.6929133858268 185.43307086614172 46.06299212598425 chaque
831.496062992126 1856.6929133858268 222.04724409448818 46.06299212598425 tableau,
998.0314960629921 1856.6929133858268 129.92125984251967 46.06299212598425 qui
1072.4409448818897 1856.6929133858268 148.8188976377953 46.06299212598425 fait
1164.5669291338584 1856.6929133858268 185.43307086614172 46.06299212598425 partie
1294.4881889763778 1856.6929133858268 111.02362204724409 46.06299212598425 de
1351.1811023622047 1856.6929133858268 111.02362204724409 46.06299212598425 sa
1387.7952755905512 1856.6929133858268 185.43307086614172 46.06299212598425 renommée

479.5275590551181 1922.8346456692914 111.02362204724409 44.881889763779526 et
535.0393700787401 1922.8346456692914 297.6377952755906 44.881889763779526 l’accompagne
777.1653543307086 1922.8346456692914 148.8188976377953 44.881889763779526 dans
869.2913385826772 1922.8346456692914 111.02362204724409 44.881889763779526 sa
925.9842519685039 1922.8346456692914 240.9448818897638 44.881889763779526 carrière.
1111.4173228346456 1922.8346456692914 148.8188976377953 44.881889763779526 Mais
1204.724409448819 1922.8346456692914 167.71653543307087 44.881889763779526 notre
1315.748031496063 1922.8346456692914 185.43307086614172 44.881889763779526 grande
1426.7716535433071 1922.8346456692914 148.8188976377953 44.881889763779526 préoc-

478.34645669291336 1979.5275590551182 222.04724409448818 46.06299212598425 cupation
646.0629921259842 1979.5275590551182 93.30708661417323 46.06299212598425 a
682.6771653543307 1979.5275590551182 129.92125984251967 46.06299212598425 été
757.0866141732283 1979.5275590551182 111.02362204724409 46.06299212598425 de
812.5984251968504 1979.5275590551182 148.8188976377953 46.06299212598425 bien
905.9055118110236 1979.5275590551182 222.04724409448818 46.06299212598425 marquer,
1072.4409448818897 1979.5275590551182 129.92125984251967 46.06299212598425 par
1146.8503937007874 1979.5275590551182 129.92125984251967 46.06299212598425 une
1221.259842519685 1979.5275590551182 278.74015748031496 46.06299212598425 chronologie
1424.4094488188975 1979.5275590551182 148.8188976377953 46.06299212598425 rigou-

481.8897637795276 2045.6692913385828 179.5275590551181 46.06299212598425 reuse,
607.0866141732283 2045.6692913385828 125.19685039370079 46.06299212598425 les
679.1338582677165 2045.6692913385828 322.4409448818898 46.06299212598425 développements
948.4251968503937 2045.6692913385828 251.5748031496063 46.06299212598425 successifs
1145.6692913385828 2045.6692913385828 107.48031496062993 46.06299212598425 du
1198.8188976377953 2045.6692913385828 179.5275590551181 46.06299212598425 talent
1324.015748031496 2045.6692913385828 107.48031496062993 46.06299212598425 de
1360.6299212598426 2045.6692913385828 214.96062992125985 46.06299212598425 l’artiste.

483.07086614173227 2111.8110236220473 102.75590551181102 44.881889763779526 Il
533.8582677165355 2111.8110236220473 85.03937007874016 44.881889763779526 y
568.1102362204724 2111.8110236220473 153.54330708661416 44.881889763779526 avait
670.8661417322835 2111.8110236220473 102.75590551181102 44.881889763779526 là
721.6535433070866 2111.8110236220473 119.29133858267717 44.881889763779526 des
790.1574803149606 2111.8110236220473 187.79527559055117 44.881889763779526 lacunes
927.1653543307086 2111.8110236220473 85.03937007874016 44.881889763779526 à
961.4173228346457 2111.8110236220473 187.79527559055117 44.881889763779526 combler
1098.4251968503936 2111.8110236220473 102.75590551181102 44.881889763779526 et
1150.3937007874015 2111.8110236220473 119.29133858267717 44.881889763779526 des
1218.8976377952756 2111.8110236220473 187.79527559055117 44.881889763779526 erreurs
1355.9055118110236 2111.8110236220473 85.03937007874016 44.881889763779526 à
1372.4409448818897 2111.8110236220473 205.51181102362204 44.881889763779526 rectifier.

483.07086614173227 2169.685039370079 229.13385826771653 53.1496062992126 L’intérêt
659.0551181102362 2169.685039370079 158.26771653543307 53.1496062992126 étant
765.3543307086615 2169.685039370079 175.98425196850394 53.1496062992126 grand;
889.3700787401575 2169.685039370079 124.01574803149606 53.1496062992126 une
959.0551181102362 2169.685039370079 158.26771653543307 53.1496062992126 seule
1065.3543307086613 2169.685039370079 175.98425196850394 53.1496062992126 fausse
1188.1889763779527 2169.685039370079 158.26771653543307 53.1496062992126 date,
1294.4881889763778 2169.685039370079 193.70078740157481 53.1496062992126 surtout
1436.2204724409448 2169.685039370079 140.5511811023622 53.1496062992126 dans
1505.9055118110236 2169.685039370079 70.86614173228347 53.1496062992126 la

481.8897637795276 2235.8267716535433 204.33070866141733 54.330708661417326 période
630.7086614173228 2235.8267716535433 111.02362204724409 54.330708661417326 de
686.2204724409448 2235.8267716535433 240.9448818897638 54.330708661417326 jeunesse,
871.6535433070866 2235.8267716535433 148.8188976377953 54.330708661417326 peut
964.9606299212599 2235.8267716535433 222.04724409448818 54.330708661417326 dérouter
1131.4960629921259 2235.8267716535433 148.8188976377953 54.330708661417326 tous
1224.8031496062993 2235.8267716535433 129.92125984251967 54.330708661417326 les
1280.3149606299212 2235.8267716535433 296.45669291338584 54.330708661417326 raisonnements.

485.43307086614175 2300.787401574803 173.6220472440945 55.511811023622045 Placez
607.0866141732283 2300.787401574803 243.30708661417322 55.511811023622045 l'Homme
798.4251968503937 2300.787401574803 277.5590551181102 55.511811023622045 blessé,,
1024.015748031496 2300.787401574803 121.65354330708661 55.511811023622045 par
1093.7007874015749 2300.787401574803 207.8740157480315 55.511811023622045 exemple,
1249.6062992125985 2300.787401574803 86.22047244094489 55.511811023622045 à
1283.8582677165355 2300.787401574803 103.93700787401575 55.511811023622045 la
1335.8267716535433 2300.787401574803 139.37007874015748 55.511811023622045 date
1423.2283464566929 2300.787401574803 103.93700787401575 55.511811023622045 de
1457.4803149606298 2300.787401574803 121.65354330708661 55.511811023622045 1844,

1370.0787401574803 2358.6614173228345 99.21259842519684 43.7007874015748 3
