2065.748031496063 2930.314960629921
892.9133858267717 459.4488188976378 135.82677165354332 53.1496062992126 —
947.2440944881889 459.4488188976378 162.99212598425197 53.1496062992126 34
1001.5748031496063 459.4488188976378 81.49606299212599 53.1496062992126 —

497.244094488189 585.8267716535433 135.82677165354332 77.95275590551181 3.
564.5669291338583 585.8267716535433 112.20472440944881 77.95275590551181 —
609.4488188976378 585.8267716535433 292.9133858267717 77.95275590551181 L’Atelier
835.0393700787401 585.8267716535433 135.82677165354332 77.95275590551181 du
903.5433070866142 585.8267716535433 270.4724409448819 77.95275590551181 peintre,
1105.5118110236222 585.8267716535433 292.9133858267717 77.95275590551181 allégorie
1308.6614173228347 585.8267716535433 203.1496062992126 77.95275590551181 réelle.

681.496062992126 705.1181102362204 168.89763779527559 44.881889763779526 Signé
794.8818897637796 705.1181102362204 94.48818897637796 44.881889763779526 à
832.6771653543307 705.1181102362204 187.79527559055117 44.881889763779526 gauche
963.7795275590552 705.1181102362204 94.48818897637796 44.881889763779526 :
1001.5748031496063 705.1181102362204 168.89763779527559 44.881889763779526 ..55.
1114.9606299212599 705.1181102362204 113.38582677165354 44.881889763779526 G.
1152.755905511811 705.1181102362204 187.79527559055117 44.881889763779526 Courbet.

683.8582677165355 751.1811023622047 258.66141732283467 44.881889763779526 Exposition
888.1889763779527 751.1811023622047 296.45669291338584 44.881889763779526 particulière
1127.9527559055118 751.1811023622047 111.02362204724409 44.881889763779526 de
1164.5669291338584 751.1811023622047 129.92125984251967 44.881889763779526 1855.

683.8582677165355 799.6062992125984 125.19685039370079 43.7007874015748 Sur
754.7244094488188 799.6062992125984 107.48031496062993 43.7007874015748 le
809.0551181102362 799.6062992125984 232.6771653543307 43.7007874015748 catalogue
987.4015748031496 799.6062992125984 107.48031496062993 43.7007874015748 de
1040.5511811023623 799.6062992125984 160.62992125984252 43.7007874015748 cette
1148.0314960629921 799.6062992125984 250.39370078740157 43.7007874015748 exposition
1345.275590551181 799.6062992125984 107.48031496062993 43.7007874015748 le
1380.708661417323 799.6062992125984 160.62992125984252 43.7007874015748 tableau

651.9685039370079 849.2125984251968 172.44094488188978 51.968503937007874 portait
777.1653543307086 849.2125984251968 94.48818897637796 51.968503937007874 la
824.4094488188977 849.2125984251968 172.44094488188978 51.968503937007874 mention
949.6062992125984 849.2125984251968 187.79527559055117 51.968503937007874 suivante
1090.1574803149606 849.2125984251968 77.95275590551181 51.968503937007874 :
1120.8661417322835 849.2125984251968 265.748031496063 51.968503937007874 «L'Atelier
1340.5511811023623 849.2125984251968 94.48818897637796 51.968503937007874 du
1371.259842519685 849.2125984251968 172.44094488188978 51.968503937007874 pein

647.2440944881889 902.3622047244095 244.48818897637796 44.881889763779526 tre,
843.3070866141733 902.3622047244095 211.41732283464566 44.881889763779526 allégorie
1005.1181102362204 902.3622047244095 179.5275590551181 44.881889763779526 réelle,
1136.2204724409448 902.3622047244095 244.48818897637796 44.881889763779526 déterminant
1331.1023622047244 902.3622047244095 113.38582677165354 44.881889763779526 une
1396.0629921259842 902.3622047244095 146.45669291338584 44.881889763779526 phase
1477.5590551181103 902.3622047244095 64.96062992125984 44.881889763779526 de

647.2440944881889 941.3385826771654 140.5511811023622 44.881889763779526 sept
735.8267716535433 941.3385826771654 175.98425196850394 44.881889763779526 années
858.6614173228346 941.3385826771654 105.11811023622047 44.881889763779526 de
910.6299212598425 941.3385826771654 105.11811023622047 44.881889763779526 ma
963.7795275590552 941.3385826771654 122.83464566929133 44.881889763779526 vie
1033.4645669291338 941.3385826771654 263.38582677165357 44.881889763779526 artistique.
1244.8818897637796 941.3385826771654 87.4015748031496 44.881889763779526 »
1280.3149606299212 941.3385826771654 263.38582677165357 44.881889763779526 L’intention
1472.8346456692914 941.3385826771654 70.86614173228347 44.881889763779526 de

648.4251968503937 988.5826771653543 214.96062992125985 43.7007874015748 l’artiste
813.7795275590552 988.5826771653543 148.8188976377953 43.7007874015748 avait
912.992125984252 988.5826771653543 115.74803149606299 43.7007874015748 été
979.1338582677165 988.5826771653543 99.21259842519684 43.7007874015748 de
1028.740157480315 988.5826771653543 181.88976377952756 43.7007874015748 résumer
1162.2047244094488 988.5826771653543 99.21259842519684 43.7007874015748 et
1211.8110236220473 988.5826771653543 99.21259842519684 43.7007874015748 de
1261.4173228346456 988.5826771653543 181.88976377952756 43.7007874015748 grouper
1393.7007874015749 988.5826771653543 115.74803149606299 43.7007874015748 les
1443.3070866141732 988.5826771653543 99.21259842519684 43.7007874015748 élé-

647.2440944881889 1045.275590551181 167.71653543307087 34.25196850393701 ments
759.4488188976378 1045.275590551181 112.20472440944881 34.25196850393701 de
816.1417322834645 1045.275590551181 131.10236220472441 34.25196850393701 son
890.5511811023622 1045.275590551181 262.20472440944883 34.25196850393701 éducation,
1096.0629921259842 1045.275590551181 298.81889763779526 34.25196850393701 c’est-à-dire
1339.3700787401574 1045.275590551181 112.20472440944881 34.25196850393701 de
1377.1653543307086 1045.275590551181 167.71653543307087 34.25196850393701 rassem-

649.6062992125984 1084.251968503937 145.2755905511811 42.51968503937008 bler
740.5511811023622 1084.251968503937 145.2755905511811 42.51968503937008 dans
831.496062992126 1084.251968503937 109.84251968503936 42.51968503937008 un
885.8267716535433 1084.251968503937 145.2755905511811 42.51968503937008 même
976.7716535433071 1084.251968503937 164.17322834645668 42.51968503937008 cadre
1086.6141732283465 1084.251968503937 145.2755905511811 42.51968503937008 tous
1177.5590551181103 1084.251968503937 127.55905511811024 42.51968503937008 les
1249.6062992125985 1084.251968503937 164.17322834645668 42.51968503937008 types
1359.4488188976377 1084.251968503937 109.84251968503936 42.51968503937008 et
1396.0629921259842 1084.251968503937 145.2755905511811 42.51968503937008 toutes

648.4251968503937 1139.763779527559 133.46456692913387 44.881889763779526 les
724.0157480314961 1139.763779527559 171.25984251968504 44.881889763779526 idées
838.5826771653543 1139.763779527559 133.46456692913387 44.881889763779526 qui
915.3543307086615 1139.763779527559 209.0551181102362 44.881889763779526 avaient
1067.716535433071 1139.763779527559 190.15748031496062 44.881889763779526 rempli
1201.1811023622047 1139.763779527559 133.46456692913387 44.881889763779526 son
1276.7716535433071 1139.763779527559 248.03149606299212 44.881889763779526 existence
1448.0314960629921 1139.763779527559 95.66929133858268 44.881889763779526 de-

647.2440944881889 1187.007874015748 152.36220472440945 44.881889763779526 puis
742.9133858267717 1187.007874015748 171.25984251968504 44.881889763779526 1848.
857.4803149606299 1187.007874015748 95.66929133858268 44.881889763779526 A
895.2755905511812 1187.007874015748 210.23622047244095 44.881889763779526 gauche,
1047.6377952755906 1187.007874015748 114.56692913385827 44.881889763779526 on
1105.5118110236222 1187.007874015748 152.36220472440945 44.881889763779526 voit
1200.0 1187.007874015748 133.46456692913387 44.881889763779526 les
1257.8740157480315 1187.007874015748 285.8267716535433 44.881889763779526 représentants

648.4251968503937 1223.6220472440946 120.4724409448819 53.1496062992126 des
718.1102362204724 1223.6220472440946 206.69291338582678 53.1496062992126 diverses
872.8346456692914 1223.6220472440946 240.9448818897638 53.1496062992126 catégories
1062.992125984252 1223.6220472440946 224.40944881889763 53.1496062992126 sociales,
1234.251968503937 1223.6220472440946 103.93700787401575 53.1496062992126 le
1286.2204724409448 1223.6220472440946 258.66141732283467 53.1496062992126 prolétaire,
1476.3779527559054 1223.6220472440946 68.50393700787401 53.1496062992126 le

646.0629921259842 1280.3149606299212 210.23622047244095 48.425196850393704 pauvre,
798.4251968503937 1280.3149606299212 114.56692913385827 48.425196850393704 le
856.2992125984252 1280.3149606299212 248.03149606299212 48.425196850393704 marchand,
1046.4566929133857 1280.3149606299212 114.56692913385827 48.425196850393704 le
1104.3307086614172 1280.3149606299212 210.23622047244095 48.425196850393704 prêtre,
1256.6929133858268 1280.3149606299212 114.56692913385827 48.425196850393704 le
1295.6692913385828 1280.3149606299212 248.03149606299212 48.425196850393704 braconnier,

651.9685039370079 1319.291338582677 109.84251968503936 53.1496062992126 le
706.2992125984252 1319.291338582677 291.73228346456693 53.1496062992126 croque-mort.
943.7007874015748 1319.291338582677 109.84251968503936 53.1496062992126 La
998.0314960629921 1319.291338582677 181.88976377952756 53.1496062992126 partie
1125.5905511811025 1319.291338582677 109.84251968503936 53.1496062992126 de
1179.9212598425197 1319.291338582677 181.88976377952756 53.1496062992126 gauche
1307.4803149606298 1319.291338582677 127.55905511811024 53.1496062992126 est
1362.992125984252 1319.291338582677 181.88976377952756 53.1496062992126 réservée

647.2440944881889 1366.5354330708662 93.30708661417323 53.1496062992126 à
685.0393700787401 1366.5354330708662 224.40944881889763 53.1496062992126 l’amitié
852.7559055118111 1366.5354330708662 112.20472440944881 53.1496062992126 et
909.4488188976378 1366.5354330708662 93.30708661417323 53.1496062992126 à
946.0629921259842 1366.5354330708662 112.20472440944881 53.1496062992126 la
1002.7559055118111 1366.5354330708662 317.7165354330709 53.1496062992126 manifestation
1264.9606299212599 1366.5354330708662 131.10236220472441 53.1496062992126 des
1320.4724409448818 1366.5354330708662 224.40944881889763 53.1496062992126 sentiments

648.4251968503937 1429.1338582677165 114.56692913385827 37.79527559055118 du
705.1181102362204 1429.1338582677165 172.44094488188978 37.79527559055118 jcune
820.8661417322835 1429.1338582677165 153.54330708661416 37.79527559055118 âge.
916.5354330708661 1429.1338582677165 172.44094488188978 37.79527559055118 Parmi
1031.1023622047244 1429.1338582677165 133.46456692913387 37.79527559055118 les
1107.8740157480315 1429.1338582677165 305.90551181102364 37.79527559055118 personnages,
1355.9055118110236 1429.1338582677165 114.56692913385827 37.79527559055118 on
1393.7007874015749 1429.1338582677165 153.54330708661416 37.79527559055118 recon-

649.6062992125984 1469.291338582677 166.53543307086613 53.1496062992126 naît
753.5433070866142 1469.291338582677 249.21259842519686 53.1496062992126 aisément
941.3385826771654 1469.291338582677 145.2755905511811 53.1496062992126 les
1024.015748031496 1469.291338582677 270.4724409448819 53.1496062992126 portraits
1231.8897637795276 1469.291338582677 125.19685039370079 53.1496062992126 de
1273.2283464566929 1469.291338582677 270.4724409448819 53.1496062992126 Baudelaire,

650.7874015748032 1516.5354330708662 323.62204724409446 44.881889763779526 Champfleury,
914.1732283464567 1516.5354330708662 263.38582677165357 44.881889763779526 Proudhon,
1116.1417322834645 1516.5354330708662 263.38582677165357 44.881889763779526 Promayet,
1299.2125984251968 1516.5354330708662 181.88976377952756 44.881889763779526 Bruyas.

1014.5669291338583 1600.3937007874015 119.29133858267717 55.511811023622045 T.
1074.8031496062993 1600.3937007874015 99.21259842519684 55.511811023622045 —
1113.7795275590552 1600.3937007874015 119.29133858267717 55.511811023622045 H.
1174.015748031496 1600.3937007874015 178.3464566929134 55.511811023622045 3.59.
1293.3070866141732 1600.3937007874015 119.29133858267717 55.511811023622045 L.
1332.283464566929 1600.3937007874015 139.37007874015748 55.511811023622045 5.96.

685.0393700787401 1686.6141732283465 277.5590551181102 46.06299212598425 Appartient
903.5433070866142 1686.6141732283465 99.21259842519684 46.06299212598425 à
943.7007874015748 1686.6141732283465 119.29133858267717 46.06299212598425 M.
982.6771653543307 1686.6141732283465 139.37007874015748 46.06299212598425 Haro.

497.244094488189 1942.9133858267717 148.8188976377953 74.40944881889764 4.
571.6535433070866 1942.9133858267717 124.01574803149606 74.40944881889764 —
621.2598425196851 1942.9133858267717 173.6220472440945 74.40944881889764 Les
720.4724409448819 1942.9133858267717 297.6377952755906 74.40944881889764 Casseurs
943.7007874015748 1942.9133858267717 148.8188976377953 74.40944881889764 de
993.3070866141733 1942.9133858267717 248.03149606299212 74.40944881889764 pierres.

689.7637795275591 2055.1181102362207 173.6220472440945 63.77952755905512 Signé
804.3307086614174 2055.1181102362207 95.66929133858268 63.77952755905512 à
843.3070866141733 2055.1181102362207 192.51968503937007 63.77952755905512 gauche
977.9527559055118 2055.1181102362207 95.66929133858268 63.77952755905512 :
1016.9291338582677 2055.1181102362207 115.74803149606299 63.77952755905512 G.
1054.724409448819 2055.1181102362207 192.51968503937007 63.77952755905512 Courbet.

694.488188976378 2112.9921259842517 154.7244094488189 43.7007874015748 Sans
771.2598425196851 2112.9921259842517 135.82677165354332 43.7007874015748 date.

692.1259842519685 2159.0551181102364 178.3464566929134 44.881889763779526 Salon
811.4173228346457 2159.0551181102364 119.29133858267717 44.881889763779526 de
851.5748031496063 2159.0551181102364 139.37007874015748 44.881889763779526 1850.

649.6062992125984 2198.031496062992 92.1259842519685 62.59842519685039 .
687.4015748031496 2198.031496062992 258.66141732283467 62.59842519685039 Exposition
890.5511811023622 2198.031496062992 296.45669291338584 62.59842519685039 particulière
1131.4960629921259 2198.031496062992 111.02362204724409 62.59842519685039 de
1168.1102362204724 2198.031496062992 129.92125984251967 62.59842519685039 1867.

1016.9291338582677 2273.6220472440946 118.11023622047244 54.330708661417326 T.
1075.984251968504 2273.6220472440946 99.21259842519684 54.330708661417326 —
1116.1417322834645 2273.6220472440946 118.11023622047244 54.330708661417326 H.
1175.1968503937007 2273.6220472440946 178.3464566929134 54.330708661417326 1.65.
1293.3070866141732 2273.6220472440946 118.11023622047244 54.330708661417326 L.
1333.4645669291338 2273.6220472440946 138.18897637795277 54.330708661417326 2.38.

690.9448818897638 2349.212598425197 262.20472440944883 53.1496062992126 Appartient
896.4566929133858 2349.212598425197 93.30708661417323 53.1496062992126 à
934.2519685039371 2349.212598425197 112.20472440944881 53.1496062992126 M.
990.9448818897638 2349.212598425197 205.51181102362204 53.1496062992126 Georges
1120.8661417322835 2349.212598425197 150.0 53.1496062992126 Petit.
