1749 2481
756 389 115 45 —
802 389 138 45 34
848 389 69 45 —

421 496 115 66 3.
478 496 95 66 —
516 496 248 66 L’Atelier
707 496 115 66 du
765 496 229 66 peintre,
936 496 248 66 allégorie
1108 496 172 66 réelle.

577 597 143 38 Signé
673 597 80 38 à
705 597 159 38 gauche
816 597 80 38 :
848 597 143 38 ..55.
944 597 96 38 G.
976 597 159 38 Courbet.

579 636 219 38 Exposition
752 636 251 38 particulière
955 636 94 38 de
986 636 110 38 1855.

579 677 106 37 Sur
639 677 91 37 le
685 677 197 37 catalogue
836 677 91 37 de
881 677 136 37 cette
972 677 212 37 exposition
1139 677 91 37 le
1169 677 136 37 tableau

552 719 146 44 portait
658 719 80 44 la
698 719 146 44 mention
804 719 159 44 suivante
923 719 66 44 :
949 719 225 44 «L'<i>Atelier
1135 719 80 44 du
1161 719 146 44 pein

548 764 207 38 <i>tre</i>,
714 764 179 38 allégorie
851 764 152 38 réelle,
962 764 207 38 déterminant
1127 764 96 38 une
1182 764 124 38 phase
1251 764 55 38 de

548 797 119 38 sept
623 797 149 38 années
727 797 89 38 de
771 797 89 38 ma
816 797 104 38 vie
875 797 223 38 artistique.
1054 797 74 38 »
1084 797 223 38 L’intention
1247 797 60 38 de

549 837 182 37 l’artiste
689 837 126 37 avait
773 837 98 37 été
829 837 84 37 de
871 837 154 37 résumer
984 837 84 37 et
1026 837 84 37 de
1068 837 154 37 grouper
1180 837 98 37 les
1222 837 84 37 élé-

548 885 142 29 ments
643 885 95 29 de
691 885 111 29 son
754 885 222 29 éducation,
928 885 253 29 c’est-à-dire
1134 885 95 29 de
1166 885 142 29 rassem-

550 918 123 36 bler
627 918 123 36 dans
704 918 93 36 un
750 918 123 36 même
827 918 139 36 cadre
920 918 123 36 tous
997 918 108 36 les
1058 918 139 36 types
1151 918 93 36 et
1182 918 123 36 toutes

549 965 113 38 les
613 965 145 38 idées
710 965 113 38 qui
775 965 177 38 avaient
904 965 161 38 rempli
1017 965 113 38 son
1081 965 210 38 existence
1226 965 81 38 de-

548 1005 129 38 puis
629 1005 145 38 1848.
726 1005 81 38 A
758 1005 178 38 gauche,
887 1005 97 38 on
936 1005 129 38 voit
1016 1005 113 38 les
1065 1005 242 38 représentants

549 1036 102 45 des
608 1036 175 45 diverses
739 1036 204 45 catégories
900 1036 190 45 sociales,
1045 1036 88 45 le
1089 1036 219 45 prolétaire,
1250 1036 58 45 le

547 1084 178 41 pauvre,
676 1084 97 41 le
725 1084 210 41 marchand,
886 1084 97 41 le
935 1084 178 41 prêtre,
1064 1084 97 41 le
1097 1084 210 41 braconnier,

552 1117 93 45 le
598 1117 247 45 croque-mort.
799 1117 93 45 La
845 1117 154 45 partie
953 1117 93 45 de
999 1117 154 45 gauche
1107 1117 108 45 est
1154 1117 154 45 réservée

548 1157 79 45 à
580 1157 190 45 l’amitié
722 1157 95 45 et
770 1157 79 45 à
801 1157 95 45 la
849 1157 269 45 manifestation
1071 1157 111 45 des
1118 1157 190 45 sentiments

549 1210 97 32 du
597 1210 146 32 jcune
695 1210 130 32 âge.
776 1210 146 32 Parmi
873 1210 113 32 les
938 1210 259 32 personnages,
1148 1210 97 32 on
1180 1210 130 32 recon-

550 1244 141 45 naît
638 1244 211 45 aisément
797 1244 123 45 les
867 1244 229 45 portraits
1043 1244 106 45 de
1078 1244 229 45 Baudelaire,

551 1284 274 38 Champfleury,
774 1284 223 38 Proudhon,
945 1284 223 38 Promayet,
1100 1284 154 38 Bruyas.

859 1355 101 47 T.
910 1355 84 47 —
943 1355 101 47 H.
994 1355 151 47 3.59.
1095 1355 101 47 L.
1128 1355 118 47 5.96.

580 1428 235 39 Appartient
765 1428 84 39 à
799 1428 101 39 M.
832 1428 118 39 Haro.

421 1645 126 63 4.
484 1645 105 63 —
526 1645 147 63 Les
610 1645 252 63 Casseurs
799 1645 126 63 de
841 1645 210 63 pierres.

584 1740 147 54 Signé
681 1740 81 54 à
714 1740 163 54 gauche
828 1740 81 54 :
861 1740 98 54 G.
893 1740 163 54 Courbet.

588 1789 131 37 Sans
653 1789 115 37 date.

586 1828 151 38 Salon
687 1828 101 38 de
721 1828 118 38 1850.

550 1861 78 53 .
582 1861 219 53 Exposition
754 1861 251 53 particulière
958 1861 94 53 de
989 1861 110 53 1867.

861 1925 100 46 T.
911 1925 84 46 —
945 1925 100 46 H.
995 1925 151 46 1.65.
1095 1925 100 46 L.
1129 1925 117 46 2.38.

585 1989 222 45 Appartient
759 1989 79 45 à
791 1989 95 45 M.
839 1989 174 45 Georges
949 1989 127 45 Petit.
