2065.748031496063 2930.314960629921
943.7007874015748 448.81889763779526 162.99212598425197 46.06299212598425 35
998.0314960629921 448.81889763779526 81.49606299212599 46.06299212598425 —

494.88188976377955 552.7559055118111 157.08661417322836 66.14173228346456 5.
572.8346456692914 552.7559055118111 131.10236220472441 66.14173228346456 —
625.9842519685039 552.7559055118111 183.0708661417323 66.14173228346456 Les
729.9212598425197 552.7559055118111 287.00787401574803 66.14173228346456 Paysans
938.9763779527559 552.7559055118111 157.08661417322836 66.14173228346456 de
1016.9291338582677 552.7559055118111 287.00787401574803 66.14173228346456 Flagey,
1225.984251968504 552.7559055118111 314.1732283464567 66.14173228346456 revenant
1435.0393700787401 552.7559055118111 105.11811023622047 66.14173228346456 de

708.6614173228346 620.0787401574803 122.83464566929133 53.1496062992126 la
748.8188976377953 620.0787401574803 164.17322834645668 53.1496062992126 foire.

681.496062992126 722.8346456692914 150.0 55.511811023622045 Sans
775.9842519685039 722.8346456692914 244.48818897637796 55.511811023622045 signature
963.7795275590552 722.8346456692914 112.20472440944881 55.511811023622045 ni
1001.5748031496063 722.8346456692914 131.10236220472441 55.511811023622045 date.

682.6771653543307 770.0787401574803 177.16535433070865 46.06299212598425 Salon
800.7874015748032 770.0787401574803 118.11023622047244 46.06299212598425 de
840.9448818897638 770.0787401574803 138.18897637795277 46.06299212598425 1850.

683.8582677165355 826.7716535433071 249.21259842519686 44.881889763779526 Exposition
878.7401574803149 826.7716535433071 284.6456692913386 44.881889763779526 particulière
1110.236220472441 826.7716535433071 106.2992125984252 44.881889763779526 de
1163.3858267716535 826.7716535433071 159.4488188976378 44.881889763779526 1855,
1269.6850393700788 826.7716535433071 141.73228346456693 44.881889763779526 avec
1359.4488188976377 826.7716535433071 106.2992125984252 44.881889763779526 ce
1394.8818897637796 826.7716535433071 141.73228346456693 44.881889763779526 titre:

650.7874015748032 874.0157480314961 185.43307086614172 55.511811023622045 Retour
793.7007874015748 874.0157480314961 86.22047244094489 55.511811023622045 de
836.2204724409448 874.0157480314961 86.22047244094489 55.511811023622045 la
878.7401574803149 874.0157480314961 142.91338582677164 55.511811023622045 foire,
964.9606299212599 874.0157480314961 157.08661417322836 55.511811023622045 Jura.

683.8582677165355 941.3385826771654 255.11811023622047 44.881889763779526 Exposition
883.4645669291339 941.3385826771654 291.73228346456693 44.881889763779526 particulière
1120.8661417322835 941.3385826771654 108.66141732283465 44.881889763779526 de
1175.1968503937007 941.3385826771654 164.17322834645668 44.881889763779526 1867,
1283.8582677165355 941.3385826771654 145.2755905511811 44.881889763779526 avec
1374.8031496062993 941.3385826771654 108.66141732283465 44.881889763779526 le
1411.4173228346456 941.3385826771654 127.55905511811024 44.881889763779526 titre

651.9685039370079 988.5826771653543 128.74015748031496 44.881889763779526 que
726.3779527559055 988.5826771653543 147.63779527559055 44.881889763779526 nous
818.503937007874 988.5826771653543 295.2755905511811 44.881889763779526 reproduisons
1058.267716535433 988.5826771653543 258.66141732283467 44.881889763779526 ci-dessus,
1261.4173228346456 988.5826771653543 111.02362204724409 44.881889763779526 et
1316.9291338582677 988.5826771653543 111.02362204724409 44.881889763779526 la
1353.5433070866143 988.5826771653543 184.251968503937 44.881889763779526 mention:

650.7874015748032 1034.6456692913387 98.03149606299213 55.511811023622045 «
690.9448818897638 1034.6456692913387 214.96062992125985 55.511811023622045 Ornans,
846.8503937007874 1034.6456692913387 155.90551181102362 55.511811023622045 1850
924.8031496062993 1034.6456692913387 77.95275590551181 55.511811023622045 p.

996.8503937007874 1099.6062992125985 121.65354330708661 47.24409448818898 T.
1057.0866141732283 1099.6062992125985 101.5748031496063 47.24409448818898 —
1098.4251968503936 1099.6062992125985 121.65354330708661 47.24409448818898 H.
1158.6614173228347 1099.6062992125985 181.88976377952756 47.24409448818898 2.06.
1280.3149606299212 1099.6062992125985 121.65354330708661 47.24409448818898 L.
1320.4724409448818 1099.6062992125985 141.73228346456693 47.24409448818898 2.75.

687.4015748031496 1187.007874015748 272.8346456692913 54.330708661417326 Appartient
901.1811023622047 1187.007874015748 98.03149606299213 54.330708661417326 à
940.1574803149606 1187.007874015748 116.92913385826772 54.330708661417326 M.
979.1338582677165 1187.007874015748 194.88188976377953 54.330708661417326 Dreyfus.

492.5196850393701 1401.9685039370079 157.08661417322836 55.511811023622045 6.
570.4724409448819 1401.9685039370079 131.10236220472441 55.511811023622045 —
623.6220472440945 1401.9685039370079 183.0708661417323 55.511811023622045 Les
701.5748031496063 1401.9685039370079 288.18897637795277 55.511811023622045 Lutteurs.

685.0393700787401 1497.6377952755906 177.16535433070865 44.881889763779526 Signé
803.1496062992126 1497.6377952755906 98.03149606299213 44.881889763779526 à
842.1259842519685 1497.6377952755906 196.06299212598427 44.881889763779526 gauche
980.3149606299213 1497.6377952755906 98.03149606299213 44.881889763779526 :
1019.2913385826772 1497.6377952755906 177.16535433070865 44.881889763779526 ..53.
1137.4015748031495 1497.6377952755906 216.14173228346456 44.881889763779526 Gustave
1274.4094488188975 1497.6377952755906 196.06299212598427 44.881889763779526 Courbet.

682.6771653543307 1546.0629921259842 180.70866141732284 43.7007874015748 Salon
803.1496062992126 1546.0629921259842 120.4724409448819 43.7007874015748 de
843.3070866141733 1546.0629921259842 140.5511811023622 43.7007874015748 1853.

688.5826771653543 1592.1259842519685 274.01574803149606 44.881889763779526 Expositions
907.0866141732283 1592.1259842519685 310.62992125984255 44.881889763779526 particulières
1162.2047244094488 1592.1259842519685 109.84251968503936 44.881889763779526 de
1217.716535433071 1592.1259842519685 146.45669291338584 44.881889763779526 1855
1308.6614173228347 1592.1259842519685 109.84251968503936 44.881889763779526 et
1345.275590551181 1592.1259842519685 127.55905511811024 44.881889763779526 1867.

685.0393700787401 1639.3700787401574 109.84251968503936 55.511811023622045 Le
740.5511811023622 1639.3700787401574 238.58267716535434 55.511811023622045 catalogue
923.6220472440945 1639.3700787401574 109.84251968503936 55.511811023622045 de
979.1338582677165 1639.3700787401574 165.35433070866142 55.511811023622045 cette
1088.976377952756 1639.3700787401574 219.68503937007873 55.511811023622045 dernière
1254.3307086614172 1639.3700787401574 256.2992125984252 55.511811023622045 exposition
1437.4015748031495 1639.3700787401574 109.84251968503936 55.511811023622045 con-

655.511811023622 1687.7952755905512 142.91338582677164 44.881889763779526 tient
750.0 1687.7952755905512 95.66929133858268 44.881889763779526 la
798.4251968503937 1687.7952755905512 127.55905511811024 44.881889763779526 note
877.5590551181102 1687.7952755905512 191.33858267716536 44.881889763779526 suivante
1020.4724409448819 1687.7952755905512 79.13385826771653 44.881889763779526 :
1052.3622047244094 1687.7952755905512 79.13385826771653 44.881889763779526 «
1084.251968503937 1687.7952755905512 127.55905511811024 44.881889763779526 Sous
1164.5669291338584 1687.7952755905512 111.02362204724409 44.881889763779526 les
1228.3464566929133 1687.7952755905512 317.7165354330709 44.881889763779526 Lutteurs,
1482.283464566929 1687.7952755905512 63.77952755905512 44.881889763779526 on

648.4251968503937 1735.0393700787401 277.5590551181102 56.69291338582677 retrouverait,
876.3779527559055 1735.0393700787401 98.03149606299213 56.69291338582677 en
925.9842519685039 1735.0393700787401 211.41732283464566 56.69291338582677 grattant,
1088.976377952756 1735.0393700787401 98.03149606299213 56.69291338582677 la
1137.4015748031495 1735.0393700787401 179.5275590551181 56.69291338582677 Nuit
1267.3228346456692 1735.0393700787401 98.03149606299213 56.69291338582677 du
1300.3937007874015 1735.0393700787401 244.48818897637796 56.69291338582677 Walpurgis

653.1496062992126 1781.1023622047244 179.5275590551181 54.330708661417326 tableau
783.0708661417323 1781.1023622047244 244.48818897637796 54.330708661417326 allégorique
979.1338582677165 1781.1023622047244 194.88188976377953 54.330708661417326 résumant
1125.5905511811025 1781.1023622047244 98.03149606299213 54.330708661417326 le
1174.015748031496 1781.1023622047244 259.84251968503935 54.330708661417326 Faust
1385.4330708661416 1781.1023622047244 98.03149606299213 54.330708661417326 de
1418.5039370078741 1781.1023622047244 129.92125984251967 54.330708661417326 Gœthe,

653.1496062992126 1828.3464566929133 108.66141732283465 46.06299212598425 un
707.4803149606299 1828.3464566929133 127.55905511811024 46.06299212598425 des
779.5275590551181 1828.3464566929133 218.50393700787401 46.06299212598425 premiers
943.7007874015748 1828.3464566929133 181.88976377952756 46.06299212598425 essais
1071.259842519685 1828.3464566929133 108.66141732283465 46.06299212598425 de
1107.8740157480315 1828.3464566929133 236.2204724409449 46.06299212598425 l’artiste.»

996.8503937007874 1903.9370078740158 124.01574803149606 54.330708661417326 T.
1059.4488188976377 1903.9370078740158 103.93700787401575 54.330708661417326 —
1100.7874015748032 1903.9370078740158 124.01574803149606 54.330708661417326 H.
1163.3858267716535 1903.9370078740158 186.61417322834646 54.330708661417326 2.60.
1287.4015748031495 1903.9370078740158 124.01574803149606 54.330708661417326 L.
1328.740157480315 1903.9370078740158 145.2755905511811 54.330708661417326 1.95.

497.244094488189 2098.818897637795 157.08661417322836 57.874015748031496 7.
575.1968503937007 2098.818897637795 131.10236220472441 57.874015748031496 —
628.3464566929134 2098.818897637795 315.3543307086614 57.874015748031496 Portrait
864.5669291338583 2098.818897637795 157.08661417322836 57.874015748031496 de
943.7007874015748 2098.818897637795 446.45669291338584 57.874015748031496 Pierre-Joseph
1285.0393700787401 2098.818897637795 262.20472440944883 57.874015748031496 Proudhon

707.4803149606299 2160.236220472441 158.26771653543307 54.330708661417326 en
759.4488188976378 2160.236220472441 184.251968503937 54.330708661417326 1853.

689.7637795275591 2253.5433070866143 171.25984251968504 46.06299212598425 Signé
804.3307086614174 2253.5433070866143 95.66929133858268 46.06299212598425 à
842.1259842519685 2253.5433070866143 190.15748031496062 46.06299212598425 gauche
975.5905511811023 2253.5433070866143 95.66929133858268 46.06299212598425 :
1013.3858267716536 2253.5433070866143 209.0551181102362 46.06299212598425 Gustave
1165.748031496063 2253.5433070866143 229.13385826771653 46.06299212598425 Courbet,
1318.1102362204724 2253.5433070866143 133.46456692913387 46.06299212598425 1865.

688.5826771653543 2300.787401574803 249.21259842519686 44.881889763779526 Au-dessus
879.9212598425197 2300.787401574803 114.56692913385827 44.881889763779526 de
937.7952755905512 2300.787401574803 114.56692913385827 44.881889763779526 la
994.488188976378 2300.787401574803 249.21259842519686 44.881889763779526 signature
1187.007874015748 2300.787401574803 114.56692913385827 44.881889763779526 du
1243.7007874015749 2300.787401574803 230.31496062992127 44.881889763779526 peintre,
1416.1417322834645 2300.787401574803 114.56692913385827 44.881889763779526 on
1455.1181102362204 2300.787401574803 95.66929133858268 44.881889763779526 lit

656.6929133858267 2348.031496062992 122.83464566929133 47.24409448818898 les
726.3779527559055 2348.031496062992 226.77165354330708 47.24409448818898 initiales
901.1811023622047 2348.031496062992 105.11811023622047 47.24409448818898 P.
954.3307086614174 2348.031496062992 105.11811023622047 47.24409448818898 J.
1006.2992125984252 2348.031496062992 105.11811023622047 47.24409448818898 P.
1059.4488188976377 2348.031496062992 105.11811023622047 47.24409448818898 et
1111.4173228346456 2348.031496062992 105.11811023622047 47.24409448818898 la
1163.3858267716535 2348.031496062992 139.37007874015748 47.24409448818898 date
1250.7874015748032 2348.031496062992 157.08661417322836 47.24409448818898 1853.
1355.9055118110236 2348.031496062992 157.08661417322836 47.24409448818898 Cette
1443.3070866141732 2348.031496062992 105.11811023622047 47.24409448818898 date
