2065.748031496063 2930.314960629921
895.2755905511812 458.26771653543307 135.82677165354332 46.06299212598425 —
949.6062992125984 458.26771653543307 162.99212598425197 46.06299212598425 36
1003.9370078740158 458.26771653543307 81.49606299212599 46.06299212598425 —

649.6062992125984 553.9370078740158 127.55905511811024 53.1496062992126 est
721.6535433070866 553.9370078740158 164.17322834645668 53.1496062992126 celle
831.496062992126 553.9370078740158 90.94488188976378 53.1496062992126 à
868.1102362204724 553.9370078740158 218.50393700787401 53.1496062992126 laquelle
1031.1023622047244 553.9370078740158 164.17322834645668 53.1496062992126 s’est
1140.9448818897638 553.9370078740158 218.50393700787401 53.1496062992126 reportée
1305.1181102362204 553.9370078740158 109.84251968503936 53.1496062992126 la
1359.4488188976377 553.9370078740158 181.88976377952756 53.1496062992126 pensée
1468.1102362204724 553.9370078740158 73.22834645669292 53.1496062992126 de

648.4251968503937 601.1811023622047 246.8503937007874 47.24409448818898 l’artiste
838.5826771653543 601.1811023622047 132.28346456692913 47.24409448818898 qui
914.1732283464567 601.1811023622047 94.48818897637796 47.24409448818898 a
951.9685039370079 601.1811023622047 171.25984251968504 47.24409448818898 voulu
1065.3543307086613 601.1811023622047 284.6456692913386 47.24409448818898 représenter
1293.3070866141732 601.1811023622047 227.95275590551182 47.24409448818898 Proudhon
1445.6692913385828 601.1811023622047 94.48818897637796 47.24409448818898 tel

647.2440944881889 648.4251968503937 167.71653543307087 57.874015748031496 qu’il
759.4488188976378 648.4251968503937 204.33070866141733 57.874015748031496 l’avait
908.2677165354331 648.4251968503937 129.92125984251967 57.874015748031496 vu,
982.6771653543307 648.4251968503937 167.71653543307087 57.874015748031496 douze
1094.8818897637796 648.4251968503937 129.92125984251967 57.874015748031496 ans
1169.291338582677 648.4251968503937 278.74015748031496 57.874015748031496 auparavant,
1392.5196850393702 648.4251968503937 129.92125984251967 57.874015748031496 sur
1448.0314960629921 648.4251968503937 93.30708661417323 57.874015748031496 les

647.2440944881889 695.6692913385826 217.3228346456693 53.1496062992126 marches
805.511811023622 695.6692913385826 119.29133858267717 53.1496062992126 de
865.7480314960629 695.6692913385826 138.18897637795277 53.1496062992126 son
944.8818897637796 695.6692913385826 277.5590551181102 53.1496062992126 habitation
1162.2047244094488 695.6692913385826 119.29133858267717 53.1496062992126 de
1221.259842519685 695.6692913385826 119.29133858267717 53.1496062992126 la
1280.3149606299212 695.6692913385826 138.18897637795277 53.1496062992126 rue
1340.5511811023623 695.6692913385826 198.4251968503937 53.1496062992126 d’Enfer;

649.6062992125984 751.1811023622047 148.8188976377953 44.881889763779526 mais
742.9133858267717 751.1811023622047 111.02362204724409 44.881889763779526 le
798.4251968503937 751.1811023622047 204.33070866141733 44.881889763779526 tableau
947.2440944881889 751.1811023622047 129.92125984251967 44.881889763779526 n’a
1021.6535433070866 751.1811023622047 129.92125984251967 44.881889763779526 été
1096.0629921259842 751.1811023622047 167.71653543307087 44.881889763779526 peint
1208.267716535433 751.1811023622047 167.71653543307087 44.881889763779526 qu’en
1319.291338582677 751.1811023622047 167.71653543307087 44.881889763779526 1865,
1412.5984251968505 751.1811023622047 129.92125984251967 44.881889763779526 après

651.9685039370079 790.1574803149606 115.74803149606299 53.1496062992126 la
709.8425196850394 790.1574803149606 154.7244094488189 53.1496062992126 mort
805.511811023622 790.1574803149606 115.74803149606299 53.1496062992126 du
863.3858267716536 790.1574803149606 173.6220472440945 53.1496062992126 grand
979.1338582677165 790.1574803149606 250.39370078740157 53.1496062992126 écrivain,
1172.8346456692914 790.1574803149606 173.6220472440945 53.1496062992126 comme
1288.5826771653544 790.1574803149606 250.39370078740157 53.1496062992126 l’indique
1462.2047244094488 790.1574803149606 76.77165354330708 53.1496062992126 la

653.1496062992126 837.4015748031496 191.33858267716536 53.1496062992126 seconde
792.5196850393701 837.4015748031496 157.08661417322836 53.1496062992126 date.
897.6377952755905 837.4015748031496 105.11811023622047 53.1496062992126 Il
949.6062992125984 837.4015748031496 87.4015748031496 53.1496062992126 a
985.0393700787401 837.4015748031496 121.65354330708661 53.1496062992126 été
1054.724409448819 837.4015748031496 139.37007874015748 53.1496062992126 fait
1142.1259842519685 837.4015748031496 105.11811023622047 53.1496062992126 de
1194.0944881889764 837.4015748031496 226.77165354330708 53.1496062992126 souvenir,
1367.716535433071 837.4015748031496 87.4015748031496 53.1496062992126 à
1385.4330708661416 837.4015748031496 157.08661417322836 53.1496062992126 Ornans.

686.2204724409448 884.6456692913385 177.16535433070865 53.1496062992126 Salon
805.511811023622 884.6456692913385 118.11023622047244 53.1496062992126 de
844.488188976378 884.6456692913385 138.18897637795277 53.1496062992126 1865.

995.6692913385826 960.2362204724409 122.83464566929133 62.59842519685039 T.
1057.0866141732283 960.2362204724409 102.75590551181102 62.59842519685039 —
1097.244094488189 960.2362204724409 122.83464566929133 62.59842519685039 H.
1159.8425196850394 960.2362204724409 184.251968503937 62.59842519685039 1.47.
1282.6771653543308 960.2362204724409 122.83464566929133 62.59842519685039 L.
1322.8346456692914 960.2362204724409 144.09448818897638 62.59842519685039 1.95.

686.2204724409448 1064.1732283464567 276.37795275590554 44.881889763779526 Appartient
903.5433070866142 1064.1732283464567 99.21259842519684 44.881889763779526 à
943.7007874015748 1064.1732283464567 118.11023622047244 44.881889763779526 M.
982.6771653543307 1064.1732283464567 237.4015748031496 44.881889763779526 Debrousse.

494.88188976377955 1327.5590551181103 160.62992125984252 62.59842519685039 8.
575.1968503937007 1327.5590551181103 134.64566929133858 62.59842519685039 —
629.5275590551181 1327.5590551181103 322.4409448818898 62.59842519685039 L’Aumône
871.6535433070866 1327.5590551181103 214.96062992125985 62.59842519685039 d’un
1005.1181102362204 1327.5590551181103 349.6062992125984 62.59842519685039 mendiant,
1274.4094488188975 1327.5590551181103 134.64566929133858 62.59842519685039 à
1300.3937007874015 1327.5590551181103 242.1259842519685 62.59842519685039 Ornans.

687.4015748031496 1440.9448818897638 175.98425196850394 44.881889763779526 Signé
805.511811023622 1440.9448818897638 98.03149606299213 44.881889763779526 à
844.488188976378 1440.9448818897638 194.88188976377953 44.881889763779526 gauche
981.496062992126 1440.9448818897638 98.03149606299213 44.881889763779526 :
1020.4724409448819 1440.9448818897638 175.98425196850394 44.881889763779526 ..68.
1137.4015748031495 1440.9448818897638 214.96062992125985 44.881889763779526 Gustave
1274.4094488188975 1440.9448818897638 194.88188976377953 44.881889763779526 Courbet.

688.5826771653543 1488.1889763779527 175.98425196850394 46.06299212598425 Salon
806.6929133858267 1488.1889763779527 116.92913385826772 46.06299212598425 de
845.6692913385826 1488.1889763779527 137.00787401574803 46.06299212598425 1868.

1006.2992125984252 1574.4094488188975 121.65354330708661 62.59842519685039 T.
1066.5354330708662 1574.4094488188975 101.5748031496063 62.59842519685039 —
1107.8740157480315 1574.4094488188975 121.65354330708661 62.59842519685039 H.
1168.1102362204724 1574.4094488188975 183.0708661417323 62.59842519685039 2.10.
1289.763779527559 1574.4094488188975 121.65354330708661 62.59842519685039 L.
1331.1023622047244 1574.4094488188975 141.73228346456693 62.59842519685039 1.75.

501.9685039370079 1867.3228346456692 150.0 73.22834645669292 9.
576.3779527559055 1867.3228346456692 124.01574803149606 73.22834645669292 —
625.9842519685039 1867.3228346456692 150.0 73.22834645669292 Le
701.5748031496063 1867.3228346456692 249.21259842519686 73.22834645669292 Cheval
875.1968503937007 1867.3228346456692 274.01574803149606 73.22834645669292 dérobé,
1074.8031496062993 1867.3228346456692 274.01574803149606 73.22834645669292 courses
1274.4094488188975 1867.3228346456692 150.0 73.22834645669292 de
1324.015748031496 1867.3228346456692 224.40944881889763 73.22834645669292 Fontai

687.4015748031496 1942.9133858267717 249.21259842519686 53.1496062992126 nebleau.

692.1259842519685 2046.8503937007874 172.44094488188978 56.69291338582677 Signé
806.6929133858267 2046.8503937007874 95.66929133858268 56.69291338582677 à
844.488188976378 2046.8503937007874 191.33858267716536 56.69291338582677 gauche
979.1338582677165 2046.8503937007874 95.66929133858268 56.69291338582677 :
1016.9291338582677 2046.8503937007874 172.44094488188978 56.69291338582677 ..61.
1132.6771653543308 2046.8503937007874 210.23622047244095 56.69291338582677 Gustave
1266.1417322834645 2046.8503937007874 191.33858267716536 56.69291338582677 Courbet.

696.8503937007874 2102.3622047244094 108.66141732283465 46.06299212598425 Ce
751.1811023622047 2102.3622047244094 200.78740157480314 46.06299212598425 tableau
896.4566929133858 2102.3622047244094 90.94488188976378 46.06299212598425 a
933.0708661417323 2102.3622047244094 127.55905511811024 46.06299212598425 été
1006.2992125984252 2102.3622047244094 181.88976377952756 46.06299212598425 exposé
1133.8582677165355 2102.3622047244094 108.66141732283465 46.06299212598425 au
1188.1889763779527 2102.3622047244094 164.17322834645668 46.06299212598425 Salon
1296.8503937007874 2102.3622047244094 108.66141732283465 46.06299212598425 de
1351.1811023622047 2102.3622047244094 164.17322834645668 46.06299212598425 1861,
1443.3070866141732 2102.3622047244094 108.66141732283465 46.06299212598425 sous

660.2362204724409 2160.236220472441 94.48818897637796 44.881889763779526 ce
707.4803149606299 2160.236220472441 157.08661417322836 44.881889763779526 titre:
816.1417322834645 2160.236220472441 140.5511811023622 44.881889763779526 le
910.6299212598425 2160.236220472441 250.39370078740157 44.881889763779526 Piqueur;
1114.9606299212599 2160.236220472441 77.95275590551181 44.881889763779526 à
1145.6692913385828 2160.236220472441 250.39370078740157 44.881889763779526 l’exposition
1333.4645669291338 2160.236220472441 219.68503937007873 44.881889763779526 particulière

656.6929133858267 2196.850393700787 133.46456692913387 51.968503937007874 que
732.2834645669292 2196.850393700787 248.03149606299212 51.968503937007874 l’artiste
923.6220472440945 2196.850393700787 95.66929133858268 51.968503937007874 a
961.4173228346457 2196.850393700787 171.25984251968504 51.968503937007874 faire
1075.984251968504 2196.850393700787 114.56692913385827 51.968503937007874 de
1132.6771653543308 2196.850393700787 133.46456692913387 51.968503937007874 son
1209.4488188976377 2196.850393700787 171.25984251968504 51.968503937007874 œuvre
1322.8346456692914 2196.850393700787 114.56692913385827 51.968503937007874 en
1380.708661417323 2196.850393700787 171.25984251968504 51.968503937007874 1867,
1475.1968503937007 2196.850393700787 76.77165354330708 51.968503937007874 il

660.2362204724409 2244.0944881889764 218.50393700787401 48.425196850393704 figurait
823.2283464566929 2244.0944881889764 145.2755905511811 48.425196850393704 sous
914.1732283464567 2244.0944881889764 109.84251968503936 48.425196850393704 le
969.6850393700787 2244.0944881889764 164.17322834645668 48.425196850393704 titre
1078.3464566929133 2244.0944881889764 127.55905511811024 48.425196850393704 que
1151.5748031496064 2244.0944881889764 145.2755905511811 48.425196850393704 nous
1242.5196850393702 2244.0944881889764 127.55905511811024 48.425196850393704 lui
1315.748031496063 2244.0944881889764 200.78740157480314 48.425196850393704 donnons
1443.3070866141732 2244.0944881889764 109.84251968503936 48.425196850393704 ici.

1018.1102362204724 2338.582677165354 121.65354330708661 63.77952755905512 T.
1078.3464566929133 2338.582677165354 101.5748031496063 63.77952755905512 —
1119.6850393700788 2338.582677165354 121.65354330708661 63.77952755905512 H.
1179.9212598425197 2338.582677165354 181.88976377952756 63.77952755905512 1.95.
1301.5748031496064 2338.582677165354 121.65354330708661 63.77952755905512 L.
1341.732283464567 2338.582677165354 141.73228346456693 63.77952755905512 2.30.
