1749 2481
758 388 115 39 —
804 388 138 39 36
850 388 69 39 —

550 469 108 45 est
611 469 139 45 celle
704 469 77 45 à
735 469 185 45 laquelle
873 469 139 45 s’est
966 469 185 45 reportée
1105 469 93 45 la
1151 469 154 45 pensée
1243 469 62 45 de

549 509 209 40 l’artiste
710 509 112 40 qui
774 509 80 40 a
806 509 145 40 voulu
902 509 241 40 représenter
1095 509 193 40 Proudhon
1224 509 80 40 tel

548 549 142 49 qu’il
643 549 173 49 l’avait
769 549 110 49 vu,
832 549 142 49 douze
927 549 110 49 ans
990 549 236 49 auparavant,
1179 549 110 49 sur
1226 549 79 49 les

548 589 184 45 marches
682 589 101 45 de
733 589 117 45 son
800 589 235 45 habitation
984 589 101 45 de
1034 589 101 45 la
1084 589 117 45 rue
1135 589 168 45 d’Enfer;

550 636 126 38 mais
629 636 94 38 le
676 636 173 38 tableau
802 636 110 38 n’a
865 636 110 38 été
928 636 142 38 peint
1023 636 142 38 qu’en
1117 636 142 38 1865,
1196 636 110 38 après

552 669 98 45 la
601 669 131 45 mort
682 669 98 45 du
731 669 147 45 grand
829 669 212 45 écrivain,
993 669 147 45 comme
1091 669 212 45 l’indique
1238 669 65 45 la

553 709 162 45 seconde
671 709 133 45 date.
760 709 89 45 Il
804 709 74 45 a
834 709 103 45 été
893 709 118 45 fait
967 709 89 45 de
1011 709 192 45 souvenir,
1158 709 74 45 à
1173 709 133 45 Ornans.

581 749 150 45 Salon
682 749 100 45 de
715 749 117 45 1865.

843 813 104 53 T.
895 813 87 53 —
929 813 104 53 H.
982 813 156 53 1.47.
1086 813 104 53 L.
1120 813 122 53 1.95.

581 901 234 38 Appartient
765 901 84 38 à
799 901 100 38 M.
832 901 201 38 Debrousse.

419 1124 136 53 8.
487 1124 114 53 —
533 1124 273 53 L’Aumône
738 1124 182 53 d’un
851 1124 296 53 mendiant,
1079 1124 114 53 à
1101 1124 205 53 Ornans.

582 1220 149 38 Signé
682 1220 83 38 à
715 1220 165 38 gauche
831 1220 83 38 :
864 1220 149 38 ..68.
963 1220 182 38 Gustave
1079 1220 165 38 Courbet.

583 1260 149 39 Salon
683 1260 99 39 de
716 1260 116 39 1868.

852 1333 103 53 T.
903 1333 86 53 —
938 1333 103 53 H.
989 1333 155 53 2.10.
1092 1333 103 53 L.
1127 1333 120 53 1.75.

425 1581 127 62 9.
488 1581 105 62 —
530 1581 127 62 Le
594 1581 211 62 Cheval
741 1581 232 62 dérobé,
910 1581 232 62 courses
1079 1581 127 62 de
1121 1581 190 62 Fontai

582 1645 211 45 nebleau.

586 1733 146 48 Signé
683 1733 81 48 à
715 1733 162 48 gauche
829 1733 81 48 :
861 1733 146 48 ..61.
959 1733 178 48 Gustave
1072 1733 162 48 Courbet.

590 1780 92 39 Ce
636 1780 170 39 tableau
759 1780 77 39 a
790 1780 108 39 été
852 1780 154 39 exposé
960 1780 92 39 au
1006 1780 139 39 Salon
1098 1780 92 39 de
1144 1780 139 39 1861,
1222 1780 92 39 sous

559 1829 80 38 ce
599 1829 133 38 titre:
691 1829 119 38 <i>le
771 1829 212 38 Piqueur;</i>
944 1829 66 38 à
970 1829 212 38 l’exposition
1129 1829 186 38 particulière

556 1860 113 44 que
620 1860 210 44 l’artiste
782 1860 81 44 a
814 1860 145 44 faire
911 1860 97 44 de
959 1860 113 44 son
1024 1860 145 44 œuvre
1120 1860 97 44 en
1169 1860 145 44 1867,
1249 1860 65 44 il

559 1900 185 41 figurait
697 1900 123 41 sous
774 1900 93 41 le
821 1900 139 41 titre
913 1900 108 41 que
975 1900 123 41 nous
1052 1900 108 41 lui
1114 1900 170 41 donnons
1222 1900 93 41 ici.

862 1980 103 54 T.
913 1980 86 54 —
948 1980 103 54 H.
999 1980 154 54 1.95.
1102 1980 103 54 L.
1136 1980 120 54 2.30.
