2065.748031496063 2930.314960629921
894.0944881889764 450.0 138.18897637795277 62.59842519685039 —
948.4251968503937 450.0 165.35433070866142 62.59842519685039 37
1003.9370078740158 450.0 82.67716535433071 62.59842519685039 —

474.8031496062992 553.9370078740158 165.35433070866142 63.77952755905512 10.
569.2913385826772 553.9370078740158 118.11023622047244 63.77952755905512 —
616.5354330708661 553.9370078740158 165.35433070866142 63.77952755905512 Les
711.0236220472441 553.9370078740158 354.3307086614173 63.77952755905512 Demoiselles
994.488188976378 553.9370078740158 165.35433070866142 63.77952755905512 des
1090.1574803149606 553.9370078740158 212.5984251968504 63.77952755905512 bords
1231.8897637795276 553.9370078740158 141.73228346456693 63.77952755905512 de
1302.755905511811 553.9370078740158 141.73228346456693 63.77952755905512 la
1350.0 553.9370078740158 188.9763779527559 63.77952755905512 Seine.

685.0393700787401 656.6929133858267 174.8031496062992 47.24409448818898 Signé
800.7874015748032 656.6929133858267 96.85039370078741 47.24409448818898 à
839.7637795275591 656.6929133858267 193.70078740157481 47.24409448818898 gauche
975.5905511811023 656.6929133858267 96.85039370078741 47.24409448818898 :
1014.5669291338583 656.6929133858267 116.92913385826772 47.24409448818898 G.
1053.5433070866143 656.6929133858267 193.70078740157481 47.24409448818898 Courbet.

686.2204724409448 703.9370078740158 154.7244094488189 47.24409448818898 Sans
762.992125984252 703.9370078740158 135.82677165354332 47.24409448818898 date.

685.0393700787401 751.1811023622047 180.70866141732284 55.511811023622045 Salon
805.511811023622 751.1811023622047 120.4724409448819 55.511811023622045 de
845.6692913385826 751.1811023622047 140.5511811023622 55.511811023622045 1857.

688.5826771653543 798.4251968503937 256.2992125984252 63.77952755905512 Exposition
889.3700787401575 798.4251968503937 292.9133858267717 63.77952755905512 particulière
1127.9527559055118 798.4251968503937 109.84251968503936 63.77952755905512 de
1164.5669291338584 798.4251968503937 128.74015748031496 63.77952755905512 1867.

523.2283464566929 883.4645669291339 134.64566929133858 46.06299212598425 Sur
600.0 883.4645669291339 115.74803149606299 46.06299212598425 le
657.8740157480315 883.4645669291339 250.39370078740157 46.06299212598425 catalogue
850.3937007874016 883.4645669291339 115.74803149606299 46.06299212598425 de
908.2677165354331 883.4645669291339 173.6220472440945 46.06299212598425 cette
1024.015748031496 883.4645669291339 289.37007874015745 46.06299212598425 exposition,
1254.3307086614172 883.4645669291339 289.37007874015745 46.06299212598425 l’exécution
1466.9291338582677 883.4645669291339 76.77165354330708 46.06299212598425 du

484.251968503937 936.6141732283464 201.96850393700788 57.874015748031496 tableau
631.8897637795276 936.6141732283464 128.74015748031496 57.874015748031496 est
705.1181102362204 936.6141732283464 184.251968503937 57.874015748031496 placée
833.8582677165355 936.6141732283464 92.1259842519685 57.874015748031496 à
870.4724409448819 936.6141732283464 109.84251968503936 57.874015748031496 la
925.9842519685039 936.6141732283464 147.63779527559055 57.874015748031496 date
1018.1102362204724 936.6141732283464 109.84251968503936 57.874015748031496 de
1054.724409448819 936.6141732283464 128.74015748031496 57.874015748031496 1856.

1005.1181102362204 1015.7480314960629 116.92913385826772 46.06299212598425 T.
1062.992125984252 1015.7480314960629 96.85039370078741 46.06299212598425 —
1101.9685039370079 1015.7480314960629 135.82677165354332 46.06299212598425 H..
1178.740157480315 1015.7480314960629 174.8031496062992 46.06299212598425 1.73.
1295.6692913385828 1015.7480314960629 116.92913385826772 46.06299212598425 L.
1334.6456692913387 1015.7480314960629 135.82677165354332 46.06299212598425 2.05.

686.2204724409448 1111.4173228346456 275.1968503937008 44.881889763779526 Appartient
902.3622047244095 1111.4173228346456 98.03149606299213 44.881889763779526 à
941.3385826771654 1111.4173228346456 118.11023622047244 44.881889763779526 M.
1000.3937007874016 1111.4173228346456 216.14173228346456 44.881889763779526 Étienne
1137.4015748031495 1111.4173228346456 177.16535433070865 44.881889763779526 Baudry.

472.4409448818898 1346.4566929133857 187.79527559055117 74.40944881889764 11.
579.9212598425197 1346.4566929133857 133.46456692913387 74.40944881889764 —
633.0708661417323 1346.4566929133857 374.40944881889766 74.40944881889764 Demoiselle
928.3464566929134 1346.4566929133857 187.79527559055117 74.40944881889764 des
1034.6456692913387 1346.4566929133857 240.9448818897638 74.40944881889764 bords
1195.275590551181 1346.4566929133857 160.62992125984252 74.40944881889764 de
1275.5905511811025 1346.4566929133857 160.62992125984252 74.40944881889764 la
1329.9212598425197 1346.4566929133857 213.7795275590551 74.40944881889764 Seine,

709.8425196850394 1429.1338582677165 212.5984251968504 48.425196850393704 étude
851.5748031496063 1429.1338582677165 188.9763779527559 48.425196850393704 pour
969.6850393700787 1429.1338582677165 141.73228346456693 48.425196850393704 le
1040.5511811023623 1429.1338582677165 259.84251968503935 48.425196850393704 tableau
1229.5275590551182 1429.1338582677165 141.73228346456693 48.425196850393704 de
1300.3937007874015 1429.1338582677165 141.73228346456693 48.425196850393704 ce
1347.6377952755906 1429.1338582677165 141.73228346456693 48.425196850393704 nom.

692.1259842519685 1525.984251968504 172.44094488188978 48.425196850393704 Signé
806.6929133858267 1525.984251968504 95.66929133858268 48.425196850393704 à
845.6692913385826 1525.984251968504 192.51968503937007 48.425196850393704 gauche
980.3149606299213 1525.984251968504 95.66929133858268 48.425196850393704 :
1018.1102362204724 1525.984251968504 211.41732283464566 48.425196850393704 Gustave
1152.755905511811 1525.984251968504 192.51968503937007 48.425196850393704 Courbet.

687.4015748031496 1573.2283464566929 155.90551181102362 44.881889763779526 Sans
765.3543307086615 1573.2283464566929 137.00787401574803 44.881889763779526 date.

688.5826771653543 1611.023622047244 257.4803149606299 59.05511811023622 Exposition
891.7322834645669 1611.023622047244 294.09448818897636 59.05511811023622 particulière
1130.3149606299212 1611.023622047244 109.84251968503936 59.05511811023622 de
1166.9291338582677 1611.023622047244 128.74015748031496 59.05511811023622 1867.

1005.1181102362204 1697.244094488189 122.83464566929133 62.59842519685039 T.
1066.5354330708662 1697.244094488189 101.5748031496063 62.59842519685039 —
1106.6929133858268 1697.244094488189 122.83464566929133 62.59842519685039 H.
1168.1102362204724 1697.244094488189 183.0708661417323 62.59842519685039 0.77.
1290.9448818897638 1697.244094488189 122.83464566929133 62.59842519685039 L.
1331.1023622047244 1697.244094488189 142.91338582677164 62.59842519685039 1.00.

687.4015748031496 1781.1023622047244 274.01574803149606 56.69291338582677 Appartient
903.5433070866142 1781.1023622047244 98.03149606299213 56.69291338582677 à
942.5196850393701 1781.1023622047244 116.92913385826772 56.69291338582677 M.
981.496062992126 1781.1023622047244 214.96062992125985 56.69291338582677 Gagnière.

478.34645669291336 2038.5826771653544 187.79527559055117 51.968503937007874 12.
585.8267716535433 2038.5826771653544 133.46456692913387 51.968503937007874 —
638.9763779527559 2038.5826771653544 374.40944881889766 51.968503937007874 Demoiselle
934.2519685039371 2038.5826771653544 187.79527559055117 51.968503937007874 des
1040.5511811023623 2038.5826771653544 240.9448818897638 51.968503937007874 bords
1201.1811023622047 2038.5826771653544 160.62992125984252 51.968503937007874 de
1281.4960629921259 2038.5826771653544 160.62992125984252 51.968503937007874 la
1335.8267716535433 2038.5826771653544 213.7795275590551 51.968503937007874 Seine,

597.6377952755905 2103.5433070866143 219.68503937007873 46.06299212598425 étude
744.0944881889764 2103.5433070866143 194.88188976377953 46.06299212598425 pour
865.7480314960629 2103.5433070866143 146.45669291338584 46.06299212598425 le
938.9763779527559 2103.5433070866143 268.1102362204724 46.06299212598425 tableau
1133.8582677165355 2103.5433070866143 146.45669291338584 46.06299212598425 de
1207.0866141732283 2103.5433070866143 146.45669291338584 46.06299212598425 ce
1255.5118110236222 2103.5433070866143 146.45669291338584 46.06299212598425 nom.

698.0314960629921 2188.582677165354 150.0 54.330708661417326 Sans
792.5196850393701 2188.582677165354 244.48818897637796 54.330708661417326 signature
980.3149606299213 2188.582677165354 112.20472440944881 54.330708661417326 ni
1018.1102362204724 2188.582677165354 131.10236220472441 54.330708661417326 date.

1012.2047244094488 2281.8897637795276 120.4724409448819 46.06299212598425 T.
1072.4409448818897 2281.8897637795276 100.39370078740157 46.06299212598425 —
1112.5984251968505 2281.8897637795276 120.4724409448819 46.06299212598425 H.
1172.8346456692914 2281.8897637795276 180.70866141732284 46.06299212598425 0.66.
1292.1259842519685 2281.8897637795276 120.4724409448819 46.06299212598425 L.
1332.283464566929 2281.8897637795276 140.5511811023622 46.06299212598425 0.81.

694.488188976378 2356.299212598425 274.01574803149606 47.24409448818898 Appartient
909.4488188976378 2356.299212598425 98.03149606299213 47.24409448818898 à
949.6062992125984 2356.299212598425 116.92913385826772 47.24409448818898 M.
1007.4803149606299 2356.299212598425 214.96062992125985 47.24409448818898 Étienne
1144.4881889763778 2356.299212598425 175.98425196850394 47.24409448818898 Baudry.
