1749 2481
757 381 117 53 —
803 381 140 53 37
850 381 70 53 —

402 469 140 54 10.
482 469 100 54 —
522 469 140 54 Les
602 469 300 54 Demoiselles
842 469 140 54 des
923 469 180 54 bords
1043 469 120 54 de
1103 469 120 54 la
1143 469 160 54 Seine.

580 556 148 40 Signé
678 556 82 40 à
711 556 164 40 gauche
826 556 82 40 :
859 556 99 40 G.
892 556 164 40 Courbet.

581 596 131 40 Sans
646 596 115 40 date.

580 636 153 47 Salon
682 636 102 47 de
716 636 119 47 1857.

583 676 217 54 Exposition
753 676 248 54 particulière
955 676 93 54 de
986 676 109 54 1867.

443 748 114 39 Sur
508 748 98 39 le
557 748 212 39 catalogue
720 748 98 39 de
769 748 147 39 cette
867 748 245 39 exposition,
1062 748 245 39 l’exécution
1242 748 65 39 du

410 793 171 49 tableau
535 793 109 49 est
597 793 156 49 placée
706 793 78 49 à
737 793 93 49 la
784 793 125 49 date
862 793 93 49 de
893 793 109 49 1856.

851 860 99 39 T.
900 860 82 39 —
933 860 115 39 H..
998 860 148 39 1.73.
1097 860 99 39 L.
1130 860 115 39 2.05.

581 941 233 38 Appartient
764 941 83 38 à
797 941 100 38 M.
847 941 183 38 Étienne
963 941 150 38 Baudry.

400 1140 159 63 11.
491 1140 113 63 —
536 1140 317 63 Demoiselle
786 1140 159 63 des
876 1140 204 63 bords
1012 1140 136 63 de
1080 1140 136 63 la
1126 1140 181 63 Seine,

601 1210 180 41 étude
721 1210 160 41 pour
821 1210 120 41 le
881 1210 220 41 tableau
1041 1210 120 41 de
1101 1210 120 41 ce
1141 1210 120 41 nom.

586 1292 146 41 Signé
683 1292 81 41 à
716 1292 163 41 gauche
830 1292 81 41 :
862 1292 179 41 Gustave
976 1292 163 41 Courbet.

582 1332 132 38 Sans
648 1332 116 38 date.

583 1364 218 50 Exposition
755 1364 249 50 particulière
957 1364 93 50 de
988 1364 109 50 1867.

851 1437 104 53 T.
903 1437 86 53 —
937 1437 104 53 H.
989 1437 155 53 0.77.
1093 1437 104 53 L.
1127 1437 121 53 1.00.

582 1508 232 48 Appartient
765 1508 83 48 à
798 1508 99 48 M.
831 1508 182 48 Gagnière.

405 1726 159 44 12.
496 1726 113 44 —
541 1726 317 44 Demoiselle
791 1726 159 44 des
881 1726 204 44 bords
1017 1726 136 44 de
1085 1726 136 44 la
1131 1726 181 44 Seine,

506 1781 186 39 étude
630 1781 165 39 pour
733 1781 124 39 le
795 1781 227 39 tableau
960 1781 124 39 de
1022 1781 124 39 ce
1063 1781 124 39 nom.

591 1853 127 46 Sans
671 1853 207 46 signature
830 1853 95 46 ni
862 1853 111 46 date.

857 1932 102 39 T.
908 1932 85 39 —
942 1932 102 39 H.
993 1932 153 39 0.66.
1094 1932 102 39 L.
1128 1932 119 39 0.81.

588 1995 232 40 Appartient
770 1995 83 40 à
804 1995 99 40 M.
853 1995 182 40 Étienne
969 1995 149 40 Baudry.
