2065.748031496063 2930.314960629921
895.2755905511812 450.0 127.55905511811024 62.59842519685039 —
946.0629921259842 450.0 152.36220472440945 62.59842519685039 39
996.8503937007874 450.0 76.77165354330708 62.59842519685039 —

465.3543307086614 563.3858267716536 191.33858267716536 57.874015748031496 16.
575.1968503937007 563.3858267716536 137.00787401574803 57.874015748031496 —
629.5275590551181 563.3858267716536 301.18110236220474 57.874015748031496 L’Homme
820.8661417322835 563.3858267716536 246.8503937007874 57.874015748031496 blessé.

677.9527559055118 638.9763779527559 171.25984251968504 53.1496062992126 Signé
791.3385826771654 638.9763779527559 94.48818897637796 53.1496062992126 :
829.1338582677165 638.9763779527559 113.38582677165354 53.1496062992126 G.
887.007874015748 638.9763779527559 227.95275590551182 53.1496062992126 Courbet,
1057.0866141732283 638.9763779527559 151.1811023622047 53.1496062992126 avec
1132.6771653543308 638.9763779527559 190.15748031496062 53.1496062992126 paraphe.

677.9527559055118 695.6692913385826 152.36220472440945 43.7007874015748 Sans
753.5433070866142 695.6692913385826 133.46456692913387 43.7007874015748 date.

677.9527559055118 742.9133858267717 272.8346456692913 43.7007874015748 Expositions
895.2755905511812 742.9133858267717 308.26771653543307 43.7007874015748 particulières
1149.2125984251968 742.9133858267717 108.66141732283465 43.7007874015748 de
1204.724409448819 742.9133858267717 145.2755905511811 43.7007874015748 1855
1294.4881889763778 742.9133858267717 108.66141732283465 43.7007874015748 et
1350.0 742.9133858267717 108.66141732283465 43.7007874015748 de
1385.4330708661416 742.9133858267717 127.55905511811024 43.7007874015748 1867.

680.3149606299213 790.1574803149606 121.65354330708661 43.7007874015748 Le
740.5511811023622 790.1574803149606 264.56692913385825 43.7007874015748 catalogue
943.7007874015748 790.1574803149606 121.65354330708661 43.7007874015748 de
1005.1181102362204 790.1574803149606 183.0708661417323 43.7007874015748 cette
1126.7716535433071 790.1574803149606 243.30708661417322 43.7007874015748 dernière
1289.763779527559 790.1574803149606 243.30708661417322 43.7007874015748 exposition

642.5196850393701 844.488188976378 151.1811023622047 46.06299212598425 place
742.9133858267717 844.488188976378 252.75590551181102 46.06299212598425 l’exécution
946.0629921259842 844.488188976378 101.5748031496063 46.06299212598425 de
995.6692913385826 844.488188976378 236.2204724409449 46.06299212598425 l'Homme
1181.1023622047244 844.488188976378 236.2204724409449 46.06299212598425 blessé
1366.5354330708662 844.488188976378 83.85826771653544 46.06299212598425 à
1400.7874015748032 844.488188976378 101.5748031496063 46.06299212598425 la
1433.8582677165355 844.488188976378 101.5748031496063 46.06299212598425 date

646.0629921259842 891.7322834645669 113.38582677165354 36.61417322834646 de
702.7559055118111 891.7322834645669 170.07874015748033 36.61417322834646 1844.
816.1417322834645 891.7322834645669 170.07874015748033 36.61417322834646 C’est
929.5275590551181 891.7322834645669 264.56692913385825 36.61417322834646 évidemment
1136.2204724409448 891.7322834645669 132.28346456692913 36.61417322834646 une
1211.8110236220473 891.7322834645669 188.9763779527559 36.61417322834646 erreur
1344.0944881889764 891.7322834645669 94.48818897637796 36.61417322834646 :
1381.8897637795276 891.7322834645669 113.38582677165354 36.61417322834646 il
1419.6850393700788 891.7322834645669 113.38582677165354 36.61417322834646 suf-

644.8818897637796 931.8897637795276 127.55905511811024 46.06299212598425 fit
716.9291338582677 931.8897637795276 255.11811023622047 46.06299212598425 d’examiner
917.7165354330708 931.8897637795276 108.66141732283465 46.06299212598425 la
972.0472440944882 931.8897637795276 199.60629921259843 46.06299212598425 facture
1117.3228346456692 931.8897637795276 164.17322834645668 46.06299212598425 libre
1225.984251968504 931.8897637795276 108.66141732283465 46.06299212598425 et
1280.3149606299212 931.8897637795276 181.88976377952756 46.06299212598425 souple
1407.8740157480315 931.8897637795276 108.66141732283465 46.06299212598425 du
1444.4881889763778 931.8897637795276 90.94488188976378 46.06299212598425 ta-

646.0629921259842 979.1338582677165 193.70078740157481 53.1496062992126 bleau,
781.8897637795276 979.1338582677165 154.7244094488189 53.1496062992126 pour
878.7401574803149 979.1338582677165 154.7244094488189 53.1496062992126 être
975.5905511811023 979.1338582677165 251.5748031496063 53.1496062992126 convaincu
1169.291338582677 979.1338582677165 135.82677165354332 53.1496062992126 que
1247.244094488189 979.1338582677165 116.92913385826772 53.1496062992126 ce
1305.1181102362204 979.1338582677165 174.8031496062992 53.1496062992126 n’est
1401.9685039370079 979.1338582677165 135.82677165354332 53.1496062992126 point

638.9763779527559 1026.3779527559054 119.29133858267717 51.968503937007874 là
699.2125984251968 1026.3779527559054 139.37007874015748 51.968503937007874 une
778.3464566929134 1026.3779527559054 179.5275590551181 51.968503937007874 œuvre
898.8188976377953 1026.3779527559054 119.29133858267717 51.968503937007874 de
959.0551181102362 1026.3779527559054 259.84251968503935 51.968503937007874 débutant.
1158.6614173228347 1026.3779527559054 239.76377952755905 51.968503937007874 L’erreur
1338.1889763779527 1026.3779527559054 179.5275590551181 51.968503937007874 ayant
1437.4015748031495 1026.3779527559054 100.39370078740157 51.968503937007874 été

644.8818897637796 1081.8897637795276 283.46456692913387 43.7007874015748 reproduite
866.9291338582677 1081.8897637795276 161.81102362204723 43.7007874015748 dans
968.503937007874 1081.8897637795276 121.65354330708661 43.7007874015748 le
1029.9212598425197 1081.8897637795276 263.38582677165357 43.7007874015748 catalogue
1231.8897637795276 1081.8897637795276 121.65354330708661 43.7007874015748 de
1292.1259842519685 1081.8897637795276 121.65354330708661 43.7007874015748 la
1353.5433070866143 1081.8897637795276 181.88976377952756 43.7007874015748 vente
1453.9370078740158 1081.8897637795276 81.49606299212599 43.7007874015748 du

638.9763779527559 1119.6850393700788 95.66929133858268 63.77952755905512 9
676.7716535433071 1119.6850393700788 230.31496062992127 63.77952755905512 décembre
849.2125984251968 1119.6850393700788 172.44094488188978 63.77952755905512 1881,
963.7795275590552 1119.6850393700788 153.54330708661416 63.77952755905512 nous
1060.6299212598426 1119.6850393700788 210.23622047244095 63.77952755905512 croyons
1212.992125984252 1119.6850393700788 191.33858267716536 63.77952755905512 devoir
1347.6377952755906 1119.6850393700788 114.56692913385827 63.77952755905512 la
1385.4330708661416 1119.6850393700788 153.54330708661416 63.77952755905512 recti-

646.0629921259842 1178.740157480315 159.4488188976378 43.7007874015748 fier.
752.3622047244095 1178.740157480315 106.2992125984252 43.7007874015748 La
805.511811023622 1178.740157480315 230.31496062992127 43.7007874015748 véritable
982.6771653543307 1178.740157480315 141.73228346456693 43.7007874015748 date
1071.259842519685 1178.740157480315 124.01574803149606 43.7007874015748 est
1143.3070866141732 1178.740157480315 159.4488188976378 43.7007874015748 1854,
1249.6062992125985 1178.740157480315 159.4488188976378 43.7007874015748 comme
1338.1889763779527 1178.740157480315 194.88188976377953 43.7007874015748 l’atteste

641.3385826771654 1215.3543307086613 116.92913385826772 53.1496062992126 le
699.2125984251968 1215.3543307086613 252.75590551181102 53.1496062992126 catalogue
894.0944881889764 1215.3543307086613 116.92913385826772 53.1496062992126 de
951.9685039370079 1215.3543307086613 116.92913385826772 53.1496062992126 la
1011.0236220472441 1215.3543307086613 233.85826771653544 53.1496062992126 première
1185.8267716535433 1215.3543307086613 272.8346456692913 53.1496062992126 exposition
1380.708661417323 1215.3543307086613 155.90551181102362 53.1496062992126 privée

642.5196850393701 1270.8661417322835 114.56692913385827 54.330708661417326 du
699.2125984251968 1270.8661417322835 227.95275590551182 54.330708661417326 peintre,
870.4724409448819 1270.8661417322835 114.56692913385827 54.330708661417326 en
908.2677165354331 1270.8661417322835 133.46456692913387 54.330708661417326 1855.

675.5905511811023 1328.740157480315 220.86614173228347 53.1496062992126 Acheté
830.3149606299213 1328.740157480315 177.16535433070865 53.1496062992126 pour
941.3385826771654 1328.740157480315 220.86614173228347 53.1496062992126 l’État
1096.0629921259842 1328.740157480315 111.02362204724409 53.1496062992126 à
1139.763779527559 1328.740157480315 132.28346456692913 53.1496062992126 la
1205.9055118110236 1328.740157480315 198.4251968503937 53.1496062992126 vente
1339.3700787401574 1328.740157480315 132.28346456692913 53.1496062992126 du
1405.5118110236222 1328.740157480315 111.02362204724409 53.1496062992126 9
1426.7716535433071 1328.740157480315 111.02362204724409 53.1496062992126 dé-

641.3385826771654 1384.251968503937 210.23622047244095 44.881889763779526 cembre
767.7165354330708 1384.251968503937 147.63779527559055 44.881889763779526 1851.

1008.6614173228346 1422.0472440944882 119.29133858267717 64.96062992125984 T.
1068.8976377952756 1422.0472440944882 99.21259842519684 64.96062992125984 —
1107.8740157480315 1422.0472440944882 119.29133858267717 64.96062992125984 H.
1168.1102362204724 1422.0472440944882 179.5275590551181 64.96062992125984 8.90.
1287.4015748031495 1422.0472440944882 119.29133858267717 64.96062992125984 L.
1327.5590551181103 1422.0472440944882 139.37007874015748 64.96062992125984 0.81.

465.3543307086614 1535.4330708661416 184.251968503937 74.40944881889764 17.
570.4724409448819 1535.4330708661416 132.28346456692913 74.40944881889764 —
623.6220472440945 1535.4330708661416 158.26771653543307 74.40944881889764 Le
702.7559055118111 1535.4330708661416 316.53543307086613 74.40944881889764 Chasseur
912.992125984252 1535.4330708661416 237.4015748031496 74.40944881889764 badois.

681.496062992126 1620.4724409448818 170.07874015748033 54.330708661417326 Signé
794.8818897637796 1620.4724409448818 94.48818897637796 54.330708661417326 à
832.6771653543307 1620.4724409448818 188.9763779527559 54.330708661417326 gauche
964.9606299212599 1620.4724409448818 94.48818897637796 54.330708661417326 :
1002.7559055118111 1620.4724409448818 170.07874015748033 54.330708661417326 ..59.
1117.3228346456692 1620.4724409448818 207.8740157480315 54.330708661417326 Gustave
1249.6062992125985 1620.4724409448818 188.9763779527559 54.330708661417326 Courbet.

995.6692913385826 1678.3464566929133 121.65354330708661 54.330708661417326 T.
1055.9055118110236 1678.3464566929133 101.5748031496063 54.330708661417326 —
1097.244094488189 1678.3464566929133 121.65354330708661 54.330708661417326 H.
1158.6614173228347 1678.3464566929133 183.0708661417323 54.330708661417326 1.18.
1280.3149606299212 1678.3464566929133 121.65354330708661 54.330708661417326 L.
1320.4724409448818 1678.3464566929133 142.91338582677164 54.330708661417326 1.75.

681.496062992126 1735.0393700787401 271.65354330708664 49.60629921259842 Appartient
894.0944881889764 1735.0393700787401 96.85039370078741 49.60629921259842 à
933.0708661417323 1735.0393700787401 115.74803149606299 49.60629921259842 M.
990.9448818897638 1735.0393700787401 154.7244094488189 49.60629921259842 D...
1068.8976377952756 1735.0393700787401 115.74803149606299 49.60629921259842 M...

478.34645669291336 1856.6929133858268 173.6220472440945 64.96062992125984 18.
577.5590551181102 1856.6929133858268 124.01574803149606 64.96062992125984 —
627.1653543307086 1856.6929133858268 321.25984251968504 64.96062992125984 Portrait,
874.0157480314961 1856.6929133858268 148.8188976377953 64.96062992125984 de
948.4251968503937 1856.6929133858268 148.8188976377953 64.96062992125984 M.
1022.8346456692914 1856.6929133858268 321.25984251968504 64.96062992125984 Gueymard,
1269.6850393700788 1856.6929133858268 271.65354330708664 64.96062992125984 artiste
1442.1259842519685 1856.6929133858268 99.21259842519684 64.96062992125984 de

706.2992125984252 1932.283464566929 238.58267716535434 54.330708661417326 l’Opéra,
885.8267716535433 1932.283464566929 159.4488188976378 54.330708661417326 dans
985.0393700787401 1932.283464566929 119.29133858267717 54.330708661417326 le
1045.275590551181 1932.283464566929 159.4488188976378 54.330708661417326 rôle
1144.4881889763778 1932.283464566929 119.29133858267717 54.330708661417326 de
1203.5433070866143 1932.283464566929 258.66141732283467 54.330708661417326 Robert
1383.0708661417323 1932.283464566929 159.4488188976378 54.330708661417326 le

699.2125984251968 1999.6062992125985 199.60629921259843 53.1496062992126 Diable.

742.9133858267717 2075.196850393701 172.44094488188978 53.1496062992126 «Oui,
857.4803149606299 2075.196850393701 153.54330708661416 53.1496062992126 l’or
953.1496062992126 2075.196850393701 134.64566929133858 53.1496062992126 est
1029.9212598425197 2075.196850393701 134.64566929133858 53.1496062992126 une
1106.6929133858268 2075.196850393701 230.31496062992127 53.1496062992126 chimère.
1260.236220472441 2075.196850393701 57.874015748031496 53.1496062992126 »

685.0393700787401 2150.787401574803 175.98425196850394 55.511811023622045 Signé
801.9685039370079 2150.787401574803 98.03149606299213 55.511811023622045 à
840.9448818897638 2150.787401574803 194.88188976377953 55.511811023622045 gauche
976.7716535433071 2150.787401574803 98.03149606299213 55.511811023622045 :
1015.7480314960629 2150.787401574803 116.92913385826772 55.511811023622045 G.
1054.724409448819 2150.787401574803 194.88188976377953 55.511811023622045 Courbet.

685.0393700787401 2207.48031496063 152.36220472440945 43.7007874015748 Sans
760.6299212598425 2207.48031496063 133.46456692913387 43.7007874015748 date.

682.6771653543307 2254.7244094488187 177.16535433070865 53.1496062992126 Salon
801.9685039370079 2254.7244094488187 118.11023622047244 53.1496062992126 de
840.9448818897638 2254.7244094488187 138.18897637795277 53.1496062992126 1857.

1019.2913385826772 2293.700787401575 116.92913385826772 61.41732283464567 T.
1077.1653543307086 2293.700787401575 98.03149606299213 61.41732283464567 —
1116.1417322834645 2293.700787401575 116.92913385826772 61.41732283464567 H.
1175.1968503937007 2293.700787401575 175.98425196850394 61.41732283464567 1.57.
1292.1259842519685 2293.700787401575 116.92913385826772 61.41732283464567 L.
1331.1023622047244 2293.700787401575 137.00787401574803 61.41732283464567 1.06.

681.496062992126 2363.3858267716537 274.01574803149606 48.425196850393704 Appartient
897.6377952755905 2363.3858267716537 98.03149606299213 48.425196850393704 à
936.6141732283464 2363.3858267716537 116.92913385826772 48.425196850393704 M.
995.6692913385826 2363.3858267716537 214.96062992125985 48.425196850393704 Adolphe
1132.6771653543308 2363.3858267716537 214.96062992125985 48.425196850393704 Reignard.
