2065.748031496063 2930.314960629921
917.7165354330708 418.1102362204724 134.64566929133858 77.95275590551181 —
972.0472440944882 418.1102362204724 134.64566929133858 77.95275590551181 4
999.2125984251968 418.1102362204724 80.31496062992126 77.95275590551181 —

452.3622047244094 514.9606299212599 385.03937007874015 83.85826771653544 réalisation.
765.3543307086615 514.9606299212599 144.09448818897638 83.85826771653544 Le
837.4015748031496 514.9606299212599 385.03937007874015 83.85826771653544 gouvernement
1150.3937007874015 514.9606299212599 264.56692913385825 83.85826771653544 accorda
1342.9133858267717 514.9606299212599 144.09448818897638 83.85826771653544 un
1391.3385826771653 514.9606299212599 168.89763779527559 83.85826771653544 local

450.0 600.0 126.37795275590551 55.511811023622045 à
499.6062992125984 600.0 277.5590551181102 55.511811023622045 l’École
701.5748031496063 600.0 177.16535433070865 55.511811023622045 des
803.1496062992126 600.0 353.1496062992126 55.511811023622045 Beaux-Arts
1080.708661417323 600.0 151.1811023622047 55.511811023622045 et
1156.2992125984251 600.0 177.16535433070865 55.511811023622045 mit
1257.8740157480315 600.0 126.37795275590551 55.511811023622045 à
1307.4803149606298 600.0 151.1811023622047 55.511811023622045 la
1358.267716535433 600.0 201.96850393700788 55.511811023622045 dispo-

451.18110236220474 664.9606299212599 240.9448818897638 66.14173228346456 sition
620.0787401574803 664.9606299212599 168.89763779527559 66.14173228346456 des
715.7480314960629 664.9606299212599 409.84251968503935 66.14173228346456 organisateurs
1053.5433070866143 664.9606299212599 168.89763779527559 66.14173228346456 les
1150.3937007874015 664.9606299212599 289.37007874015745 66.14173228346456 tableaux
1367.716535433071 664.9606299212599 168.89763779527559 66.14173228346456 qui
1439.763779527559 664.9606299212599 120.4724409448819 66.14173228346456 lui

450.0 732.2834645669292 426.37795275590554 56.69291338582677 appartiennent.
805.511811023622 732.2834645669292 141.73228346456693 56.69291338582677 Il
876.3779527559055 732.2834645669292 259.84251968503935 56.69291338582677 restait
1065.3543307086613 732.2834645669292 188.9763779527559 56.69291338582677 dans
1183.4645669291338 732.2834645669292 165.35433070866142 56.69291338582677 les
1277.9527559055118 732.2834645669292 212.5984251968504 56.69291338582677 mains
1420.8661417322835 732.2834645669292 141.73228346456693 56.69291338582677 de
1468.1102362204724 732.2834645669292 94.48818897637796 56.69291338582677 la

451.18110236220474 798.4251968503937 253.93700787401573 62.59842519685039 famille
636.6141732283464 798.4251968503937 138.18897637795277 62.59842519685039 un
706.2992125984252 798.4251968503937 253.93700787401573 62.59842519685039 certain
890.5511811023622 798.4251968503937 231.49606299212599 62.59842519685039 nombre
1052.3622047244094 798.4251968503937 138.18897637795277 62.59842519685039 de
1122.0472440944882 798.4251968503937 253.93700787401573 62.59842519685039 toiles,
1307.4803149606298 798.4251968503937 185.43307086614172 62.59842519685039 dont
1399.6062992125985 798.4251968503937 161.81102362204723 62.59842519685039 quel-

451.18110236220474 875.1968503937007 335.43307086614175 57.874015748031496 ques-unes
709.8425196850394 875.1968503937007 284.6456692913386 57.874015748031496 avaient
916.5354330708661 875.1968503937007 258.66141732283467 57.874015748031496 figuré
1097.244094488189 875.1968503937007 206.69291338582678 57.874015748031496 avec
1227.1653543307086 875.1968503937007 284.6456692913386 57.874015748031496 honneur
1407.8740157480315 875.1968503937007 154.7244094488189 57.874015748031496 dans

448.81889763779526 949.6062992125984 190.15748031496062 44.881889763779526 nos
557.4803149606299 949.6062992125984 272.8346456692913 44.881889763779526 Salons
748.8188976377953 949.6062992125984 327.1653543307087 44.881889763779526 annuels.
993.3070866141733 949.6062992125984 162.99212598425197 44.881889763779526 De
1074.8031496062993 949.6062992125984 327.1653543307087 44.881889763779526 généreux
1293.3070866141732 949.6062992125984 272.8346456692913 44.881889763779526 amateurs

455.90551181102364 1007.4803149606299 354.3307086614173 63.77952755905512 n’hésitèrent
744.0944881889764 1007.4803149606299 177.16535433070865 63.77952755905512 pas,
855.1181102362204 1007.4803149606299 177.16535433070865 63.77952755905512 dans
966.1417322834645 1007.4803149606299 288.18897637795277 63.77952755905512 l’intérêt
1187.007874015748 1007.4803149606299 133.46456692913387 63.77952755905512 de
1231.8897637795276 1007.4803149606299 331.8897637795276 63.77952755905512 l’entreprise,

455.90551181102364 1071.259842519685 118.11023622047244 66.14173228346456 à
503.1496062992126 1071.259842519685 330.70866141732284 66.14173228346456 dépouiller
762.992125984252 1071.259842519685 212.5984251968504 66.14173228346456 leurs
904.7244094488188 1071.259842519685 307.0866141732283 66.14173228346456 galeries,
1140.9448818897638 1071.259842519685 259.84251968503935 66.14173228346456 déparer
1329.9212598425197 1071.259842519685 212.5984251968504 66.14173228346456 leurs
1448.0314960629921 1071.259842519685 118.11023622047244 66.14173228346456 ap-

453.54330708661416 1148.0314960629921 398.0314960629921 63.77952755905512 partements.
771.2598425196851 1148.0314960629921 212.5984251968504 63.77952755905512 Nous
903.5433070866142 1148.0314960629921 265.748031496063 63.77952755905512 savons
1090.1574803149606 1148.0314960629921 159.4488188976378 63.77952755905512 ce
1169.291338582677 1148.0314960629921 185.43307086614172 63.77952755905512 que
1275.5905511811025 1148.0314960629921 291.73228346456693 63.77952755905512 coûtent
1461.023622047244 1148.0314960629921 106.2992125984252 63.77952755905512 de

457.0866141732283 1214.1732283464567 271.65354330708664 73.22834645669292 pareils
654.3307086614174 1214.1732283464567 344.88188976377955 73.22834645669292 sacrifices
925.9842519685039 1214.1732283464567 147.63779527559055 73.22834645669292 et
1000.3937007874016 1214.1732283464567 197.24409448818898 73.22834645669292 nous
1123.2283464566929 1214.1732283464567 147.63779527559055 73.22834645669292 en
1197.6377952755906 1214.1732283464567 246.8503937007874 73.22834645669292 sommes
1345.275590551181 1214.1732283464567 222.04724409448818 73.22834645669292 profon-

455.90551181102364 1280.3149606299212 252.75590551181102 73.22834645669292 dément
633.0708661417323 1280.3149606299212 303.54330708661416 73.22834645669292 touchés.
861.0236220472441 1280.3149606299212 177.16535433070865 73.22834645669292 Que
961.4173228346457 1280.3149606299212 203.1496062992126 73.22834645669292 tous
1088.976377952756 1280.3149606299212 203.1496062992126 73.22834645669292 ceux
1215.3543307086613 1280.3149606299212 203.1496062992126 73.22834645669292 qui,
1341.732283464567 1280.3149606299212 126.37795275590551 73.22834645669292 à
1392.5196850393702 1280.3149606299212 152.36220472440945 73.22834645669292 un
1443.3070866141732 1280.3149606299212 126.37795275590551 73.22834645669292 de-

458.26771653543307 1365.3543307086613 177.16535433070865 55.511811023622045 gré
558.6614173228346 1365.3543307086613 379.13385826771656 55.511811023622045 quelconque,
862.2047244094488 1365.3543307086613 177.16535433070865 55.511811023622045 ont
963.7795275590552 1365.3543307086613 328.34645669291336 55.511811023622045 contribué
1215.3543307086613 1365.3543307086613 126.37795275590551 55.511811023622045 à
1266.1417322834645 1365.3543307086613 252.75590551181102 55.511811023622045 rendre
1418.5039370078741 1365.3543307086613 151.1811023622047 55.511811023622045 plus

460.62992125984255 1423.2283464566929 296.45669291338584 62.59842519685039 éclatant
682.6771653543307 1423.2283464566929 172.44094488188978 62.59842519685039 cet
781.8897637795276 1423.2283464566929 271.65354330708664 62.59842519685039 hommage
979.1338582677165 1423.2283464566929 122.83464566929133 62.59842519685039 à
1028.740157480315 1423.2283464566929 147.63779527559055 62.59842519685039 la
1101.9685039370079 1423.2283464566929 271.65354330708664 62.59842519685039 mémoire
1299.2125984251968 1423.2283464566929 197.24409448818898 62.59842519685039 d’un
1398.4251968503936 1423.2283464566929 172.44094488188978 62.59842519685039 grand

460.62992125984255 1502.3622047244094 277.5590551181102 59.05511811023622 peintre,
669.6850393700787 1502.3622047244094 301.18110236220474 59.05511811023622 reçoivent
901.1811023622047 1502.3622047244094 161.81102362204723 59.05511811023622 ici
993.3070866141733 1502.3622047244094 161.81102362204723 59.05511811023622 nos
1085.4330708661416 1502.3622047244094 416.92913385826773 59.05511811023622 remerciements.
1410.236220472441 1502.3622047244094 161.81102362204723 59.05511811023622 Grâce

464.1732283464567 1554.3307086614172 126.37795275590551 74.40944881889764 à
513.7795275590552 1554.3307086614172 200.78740157480314 74.40944881889764 leur
640.1574803149606 1554.3307086614172 302.3622047244094 74.40944881889764 précieux
866.9291338582677 1554.3307086614172 327.1653543307087 74.40944881889764 concours,
1118.5039370078741 1554.3307086614172 402.755905511811 74.40944881889764 l’exposition
1419.6850393700788 1554.3307086614172 151.1811023622047 74.40944881889764 pos-

464.1732283464567 1621.6535433070867 232.6771653543307 63.77952755905512 thume
618.8976377952756 1621.6535433070867 154.7244094488189 63.77952755905512 de
696.8503937007874 1621.6535433070867 283.46456692913387 63.77952755905512 Gustave
902.3622047244095 1621.6535433070867 283.46456692913387 63.77952755905512 Courbet
1109.0551181102362 1621.6535433070867 180.70866141732284 63.77952755905512 est
1211.8110236220473 1621.6535433070867 232.6771653543307 63.77952755905512 telle
1366.5354330708662 1621.6535433070867 180.70866141732284 63.77952755905512 que
1444.4881889763778 1621.6535433070867 128.74015748031496 63.77952755905512 ses

466.53543307086613 1705.5118110236222 184.251968503937 49.60629921259842 amis
582.2834645669292 1705.5118110236222 138.18897637795277 49.60629921259842 la
651.9685039370079 1705.5118110236222 346.06299212598424 49.60629921259842 désiraient,
929.5275590551181 1705.5118110236222 207.8740157480315 49.60629921259842 telle
1067.716535433071 1705.5118110236222 207.8740157480315 49.60629921259842 qu’il
1205.9055118110236 1705.5118110236222 207.8740157480315 49.60629921259842 l’eût
1321.6535433070867 1705.5118110236222 253.93700787401573 49.60629921259842 souhaitée

434.6456692913386 1762.2047244094488 305.90551181102364 56.69291338582677 lui

516.1417322834645 1828.3464566929133 244.48818897637796 82.67716535433071 Cette
679.1338582677165 1828.3464566929133 408.66141732283467 82.67716535433071 exposition,
1006.2992125984252 1828.3464566929133 190.15748031496062 82.67716535433071 qui
1114.9606299212599 1828.3464566929133 327.1653543307087 82.67716535433071 comprend
1360.6299212598426 1828.3464566929133 217.3228346456693 82.67716535433071 plus
1469.291338582677 1828.3464566929133 108.66141732283465 82.67716535433071 de

468.8976377952756 1902.755905511811 187.79527559055117 64.96062992125984 cent
587.007874015748 1902.755905511811 258.66141732283467 64.96062992125984 toiles,
774.8031496062993 1902.755905511811 140.5511811023622 64.96062992125984 ne
844.488188976378 1902.755905511811 211.41732283464566 64.96062992125984 forme
986.2204724409448 1902.755905511811 235.03937007874015 64.96062992125984 qu’une
1150.3937007874015 1902.755905511811 187.79527559055117 64.96062992125984 très
1267.3228346456692 1902.755905511811 235.03937007874015 64.96062992125984 faible
1409.0551181102362 1902.755905511811 187.79527559055117 64.96062992125984 partie

446.45669291338584 1970.0787401574803 158.26771653543307 74.40944881889764 de
525.5905511811023 1970.0787401574803 158.26771653543307 74.40944881889764 ce
604.7244094488188 1970.0787401574803 184.251968503937 74.40944881889764 que
709.8425196850394 1970.0787401574803 158.26771653543307 74.40944881889764 le
788.9763779527559 1970.0787401574803 289.37007874015745 74.40944881889764 robuste
999.2125984251968 1970.0787401574803 289.37007874015745 74.40944881889764 peintre
1210.6299212598426 1970.0787401574803 132.28346456692913 74.40944881889764 a
1262.5984251968505 1970.0787401574803 316.53543307086613 74.40944881889764 produit.
1474.015748031496 1970.0787401574803 105.11811023622047 74.40944881889764 Le

470.0787401574803 2036.2204724409448 290.5511811023622 74.40944881889764 surplus
681.496062992126 2036.2204724409448 185.43307086614172 74.40944881889764 est
786.6141732283464 2036.2204724409448 238.58267716535434 74.40944881889764 épars
946.0629921259842 2036.2204724409448 211.41732283464566 74.40944881889764 dans
1078.3464566929133 2036.2204724409448 185.43307086614172 74.40944881889764 nos
1183.4645669291338 2036.2204724409448 264.56692913385825 74.40944881889764 musées
1368.8976377952756 2036.2204724409448 158.26771653543307 74.40944881889764 de
1422.0472440944882 2036.2204724409448 158.26771653543307 74.40944881889764 pro-

468.8976377952756 2111.8110236220473 258.66141732283467 55.511811023622045 vince,
649.6062992125984 2111.8110236220473 154.7244094488189 55.511811023622045 ou
727.5590551181102 2111.8110236220473 310.62992125984255 55.511811023622045 dispersé
960.2362204724409 2111.8110236220473 128.74015748031496 55.511811023622045 à
1012.2047244094488 2111.8110236220473 387.40157480314963 55.511811023622045 l’étranger.
1321.6535433070867 2111.8110236220473 232.6771653543307 55.511811023622045 Parmi
1451.5748031496064 2111.8110236220473 128.74015748031496 55.511811023622045 les

471.25984251968504 2188.582677165354 271.65354330708664 62.59842519685039 œuvres
661.4173228346457 2188.582677165354 162.99212598425197 62.59842519685039 de
742.9133858267717 2188.582677165354 297.6377952755906 62.59842519685039 premier
959.0551181102362 2188.582677165354 244.48818897637796 62.59842519685039 ordre
1122.0472440944882 2188.582677165354 190.15748031496062 62.59842519685039 que
1230.708661417323 2188.582677165354 217.3228346456693 62.59842519685039 nous
1338.1889763779527 2188.582677165354 244.48818897637796 62.59842519685039 n’avons

477.1653543307087 2244.0944881889764 126.37795275590551 73.22834645669292 pu
540.9448818897638 2244.0944881889764 210.23622047244095 73.22834645669292 avoir,
687.4015748031496 2244.0944881889764 126.37795275590551 73.22834645669292 il
751.1811023622047 2244.0944881889764 168.89763779527559 73.22834645669292 faut
856.2992125984252 2244.0944881889764 188.9763779527559 73.22834645669292 citer
982.6771653543307 2244.0944881889764 231.49606299212599 73.22834645669292 d’abord
1130.3149606299212 2244.0944881889764 462.99212598425197 73.22834645669292 l'Enterrement

475.98425196850394 2304.3307086614172 459.4488188976378 69.68503937007874 d’Ornans,
865.7480314960629 2304.3307086614172 206.69291338582678 69.68503937007874 qu’un
1003.9370078740158 2304.3307086614172 298.81889763779526 69.68503937007874 règlement
1210.6299212598426 2304.3307086614172 390.9448818897638 69.68503937007874 singulièrement.
