1749 2481
777 354 114 66 —
823 354 114 66 4
846 354 68 66 —

383 436 326 71 réalisation.
648 436 122 71 Le
709 436 326 71 gouvernement
974 436 224 71 accorda
1137 436 122 71 un
1178 436 143 71 local

381 508 107 47 à
423 508 235 47 l’École
594 508 150 47 des
680 508 299 47 Beaux-Arts
915 508 128 47 et
979 508 150 47 mit
1065 508 107 47 à
1107 508 128 47 la
1150 508 171 47 dispo-

382 563 204 56 sition
525 563 143 56 des
606 563 347 56 organisateurs
892 563 143 56 les
974 563 245 56 tableaux
1158 563 143 56 qui
1219 563 102 56 lui

381 620 361 48 appartiennent.
682 620 120 48 Il
742 620 220 48 restait
902 620 160 48 dans
1002 620 140 48 les
1082 620 180 48 mains
1203 620 120 48 de
1243 620 80 48 la

382 676 215 53 famille
539 676 117 53 un
598 676 215 53 certain
754 676 196 53 nombre
891 676 117 53 de
950 676 215 53 toiles,
1107 676 157 53 dont
1185 676 137 53 quel-

382 741 284 49 ques-unes
601 741 241 49 avaient
776 741 219 49 figuré
929 741 175 49 avec
1039 741 241 49 honneur
1192 741 131 49 dans

380 804 161 38 nos
472 804 231 38 Salons
634 804 277 38 annuels.
841 804 138 38 De
910 804 277 38 généreux
1095 804 231 38 amateurs

386 853 300 54 n’hésitèrent
630 853 150 54 pas,
724 853 150 54 dans
818 853 244 54 l’intérêt
1005 853 113 54 de
1043 853 281 54 l’entreprise,

386 907 100 56 à
426 907 280 56 dépouiller
646 907 180 56 leurs
766 907 260 56 galeries,
966 907 220 56 déparer
1126 907 180 56 leurs
1226 907 100 56 ap-

384 972 337 54 partements.
653 972 180 54 Nous
765 972 225 54 savons
923 972 135 54 ce
990 972 157 54 que
1080 972 247 54 coûtent
1237 972 90 54 de

387 1028 230 62 pareils
554 1028 292 62 sacrifices
784 1028 125 62 et
847 1028 167 62 nous
951 1028 125 62 en
1014 1028 209 62 sommes
1139 1028 188 62 profon-

386 1084 214 62 dément
536 1084 257 62 touchés.
729 1084 150 62 Que
814 1084 172 62 tous
922 1084 172 62 ceux
1029 1084 172 62 qui,
1136 1084 107 62 à
1179 1084 129 62 un
1222 1084 107 62 de-

388 1156 150 47 gré
473 1156 321 47 quelconque,
730 1156 150 47 ont
816 1156 278 47 contribué
1029 1156 107 47 à
1072 1156 214 47 rendre
1201 1156 128 47 plus

390 1205 251 53 éclatant
578 1205 146 53 cet
662 1205 230 53 hommage
829 1205 104 53 à
871 1205 125 53 la
933 1205 230 53 mémoire
1100 1205 167 53 d’un
1184 1205 146 53 grand

390 1272 235 50 peintre,
567 1272 255 50 reçoivent
763 1272 137 50 ici
841 1272 137 50 nos
919 1272 353 50 remerciements.
1194 1272 137 50 Grâce

393 1316 107 63 à
435 1316 170 63 leur
542 1316 256 63 précieux
734 1316 277 63 concours,
947 1316 341 63 l’exposition
1202 1316 128 63 pos-

393 1373 197 54 thume
524 1373 131 54 de
590 1373 240 54 Gustave
764 1373 240 54 Courbet
939 1373 153 54 est
1026 1373 197 54 telle
1157 1373 153 54 que
1223 1373 109 54 ses

395 1444 156 42 amis
493 1444 117 42 la
552 1444 293 42 désiraient,
787 1444 176 42 telle
904 1444 176 42 qu’il
1021 1444 176 42 l’eût
1119 1444 215 42 souhaitée

368 1492 259 48 lui

437 1548 207 70 Cette
575 1548 346 70 exposition,
852 1548 161 70 qui
944 1548 277 70 comprend
1152 1548 184 70 plus
1244 1548 92 70 de

397 1611 159 55 cent
497 1611 219 55 toiles,
656 1611 119 55 ne
715 1611 179 55 forme
835 1611 199 55 qu’une
974 1611 159 55 très
1073 1611 199 55 faible
1193 1611 159 55 partie

378 1668 134 63 de
445 1668 134 63 ce
512 1668 156 63 que
601 1668 134 63 le
668 1668 245 63 robuste
846 1668 245 63 peintre
1025 1668 112 63 a
1069 1668 268 63 produit.
1248 1668 89 63 Le

398 1724 246 63 surplus
577 1724 157 63 est
666 1724 202 63 épars
801 1724 179 63 dans
913 1724 157 63 nos
1002 1724 224 63 musées
1159 1724 134 63 de
1204 1724 134 63 pro-

397 1788 219 47 vince,
550 1788 131 47 ou
616 1788 263 47 dispersé
813 1788 109 47 à
857 1788 328 47 l’étranger.
1119 1788 197 47 Parmi
1229 1788 109 47 les

399 1853 230 53 œuvres
560 1853 138 53 de
629 1853 252 53 premier
812 1853 207 53 ordre
950 1853 161 53 que
1042 1853 184 53 nous
1133 1853 207 53 n’avons

404 1900 107 62 pu
458 1900 178 62 avoir,
582 1900 107 62 il
636 1900 143 62 faut
725 1900 160 62 citer
832 1900 196 62 d’abord
957 1900 392 62 l'<i>Enterrement</i>

403 1951 389 59 <i>d’Ornans</i>,
733 1951 175 59 qu’un
850 1951 253 59 règlement
1025 1951 331 59 singulièrement.
