2065.748031496063 2930.314960629921
882.2834645669292 421.65354330708664 140.5511811023622 53.1496062992126 —
938.9763779527559 421.65354330708664 168.89763779527559 53.1496062992126 41
995.6692913385826 421.65354330708664 85.03937007874016 53.1496062992126 —

459.4488188976378 525.5905511811023 171.25984251968504 62.59842519685039 23.
557.4803149606299 525.5905511811023 121.65354330708661 62.59842519685039 —
605.9055118110236 525.5905511811023 244.48818897637796 62.59842519685039 Cheval
777.1653543307086 525.5905511811023 146.45669291338584 62.59842519685039 de
850.3937007874016 525.5905511811023 244.48818897637796 62.59842519685039 chasse
1021.6535433070866 525.5905511811023 219.68503937007873 62.59842519685039 sellé
1168.1102362204724 525.5905511811023 146.45669291338584 62.59842519685039 et
1216.5354330708662 525.5905511811023 317.7165354330709 62.59842519685039 boule

694.488188976378 591.7322834645669 132.28346456692913 73.22834645669292 en
760.6299212598425 591.7322834645669 219.68503937007873 73.22834645669292 forêt,
915.3543307086615 591.7322834645669 242.1259842519685 73.22834645669292 épisode
1091.3385826771653 591.7322834645669 132.28346456692913 73.22834645669292 de
1156.2992125984251 591.7322834645669 219.68503937007873 73.22834645669292 chasse
1311.023622047244 591.7322834645669 109.84251968503936 73.22834645669292 à
1332.283464566929 591.7322834645669 198.4251968503937 73.22834645669292 courre.

673.2283464566929 685.0393700787401 170.07874015748033 63.77952755905512 Signé
786.6141732283464 685.0393700787401 94.48818897637796 63.77952755905512 à
824.4094488188977 685.0393700787401 187.79527559055117 63.77952755905512 gauche
955.511811023622 685.0393700787401 94.48818897637796 63.77952755905512 :
993.3070866141733 685.0393700787401 170.07874015748033 63.77952755905512 ..63.
1106.6929133858268 685.0393700787401 206.69291338582678 63.77952755905512 Gustave
1238.976377952756 685.0393700787401 187.79527559055117 63.77952755905512 Courbet.

673.2283464566929 741.7322834645669 177.16535433070865 46.06299212598425 Salon
792.5196850393701 741.7322834645669 118.11023622047244 46.06299212598425 de
831.496062992126 741.7322834645669 138.18897637795277 46.06299212598425 1863.

680.3149606299213 779.5275590551181 261.0236220472441 64.96062992125984 Exposition
885.8267716535433 779.5275590551181 298.81889763779526 64.96062992125984 particulière
1129.1338582677165 779.5275590551181 112.20472440944881 64.96062992125984 de
1165.748031496063 779.5275590551181 131.10236220472441 64.96062992125984 1867.

672.0472440944882 836.2204724409448 122.83464566929133 44.881889763779526 Au
733.4645669291339 836.2204724409448 266.92913385826773 44.881889763779526 catalogue
938.9763779527559 836.2204724409448 122.83464566929133 44.881889763779526 du
1000.3937007874016 836.2204724409448 185.43307086614172 44.881889763779526 Salon
1124.4094488188975 836.2204724409448 122.83464566929133 44.881889763779526 de
1185.8267716535433 836.2204724409448 185.43307086614172 44.881889763779526 1863,
1308.6614173228347 836.2204724409448 122.83464566929133 44.881889763779526 ce
1350.0 836.2204724409448 185.43307086614172 44.881889763779526 tableau

642.5196850393701 884.6456692913385 172.44094488188978 50.78740157480315 portait
767.7165354330708 884.6456692913385 94.48818897637796 50.78740157480315 le
814.9606299212599 884.6456692913385 141.73228346456693 50.78740157480315 titre
909.4488188976378 884.6456692913385 94.48818897637796 50.78740157480315 de
956.6929133858267 884.6456692913385 94.48818897637796 50.78740157480315 la
1003.9370078740158 884.6456692913385 204.33070866141733 50.78740157480315 Chasse
1161.023622047244 884.6456692913385 94.48818897637796 50.78740157480315 au
1208.267716535433 884.6456692913385 236.2204724409449 50.78740157480315 renard.
1380.708661417323 884.6456692913385 157.08661417322836 50.78740157480315 L’auteur

643.7007874015748 931.8897637795276 125.19685039370079 44.881889763779526 lui
714.5669291338583 931.8897637795276 160.62992125984252 44.881889763779526 ayant
822.0472440944882 931.8897637795276 142.91338582677164 44.881889763779526 fait
911.8110236220473 931.8897637795276 160.62992125984252 44.881889763779526 subir
1019.2913385826772 931.8897637795276 214.96062992125985 44.881889763779526 quelques
1179.9212598425197 931.8897637795276 303.54330708661416 44.881889763779526 modifications
1412.5984251968505 931.8897637795276 125.19685039370079 44.881889763779526 après

636.6141732283464 986.2204724409448 168.89763779527559 37.79527559055118 coup,
748.8188976377953 986.2204724409448 112.20472440944881 37.79527559055118 un
805.511811023622 986.2204724409448 263.38582677165357 37.79527559055118 changement
1012.2047244094488 986.2204724409448 150.0 37.79527559055118 dans
1105.5118110236222 986.2204724409448 112.20472440944881 37.79527559055118 le
1162.2047244094488 986.2204724409448 168.89763779527559 37.79527559055118 titre
1274.4094488188975 986.2204724409448 187.79527559055117 37.79527559055118 devint
1387.7952755905512 986.2204724409448 150.0 37.79527559055118 néces-

640.1574803149606 1024.015748031496 186.61417322834646 56.69291338582677 saire:
771.2598425196851 1024.015748031496 112.20472440944881 56.69291338582677 le
826.7716535433071 1024.015748031496 205.51181102362204 56.69291338582677 tableau
976.7716535433071 1024.015748031496 205.51181102362204 56.69291338582677 reparut
1126.7716535433071 1024.015748031496 93.30708661417323 56.69291338582677 à
1163.3858267716535 1024.015748031496 298.81889763779526 56.69291338582677 l’exposition
1387.7952755905512 1024.015748031496 150.0 56.69291338582677 parti-

641.3385826771654 1071.259842519685 200.78740157480314 56.69291338582677 culière
786.6141732283464 1071.259842519685 109.84251968503936 56.69291338582677 de
842.1259842519685 1071.259842519685 164.17322834645668 56.69291338582677 1867,
951.9685039370079 1071.259842519685 146.45669291338584 56.69291338582677 sous
1042.9133858267717 1071.259842519685 164.17322834645668 56.69291338582677 cette
1152.755905511811 1071.259842519685 274.01574803149606 56.69291338582677 désignation
1372.4409448818897 1071.259842519685 127.55905511811024 56.69291338582677 que
1426.7716535433071 1071.259842519685 109.84251968503936 56.69291338582677 nous

642.5196850393701 1120.8661417322835 198.4251968503937 44.881889763779526 relevons
791.3385826771654 1120.8661417322835 115.74803149606299 44.881889763779526 sur
857.4803149606299 1120.8661417322835 99.21259842519684 44.881889763779526 le
907.0866141732283 1120.8661417322835 214.96062992125985 44.881889763779526 catalogue
1072.4409448818897 1120.8661417322835 82.67716535433071 44.881889763779526 :
1106.6929133858268 1120.8661417322835 82.67716535433071 44.881889763779526 «
1139.763779527559 1120.8661417322835 148.8188976377953 44.881889763779526 Le
1238.976377952756 1120.8661417322835 165.35433070866142 44.881889763779526 Cheval
1354.724409448819 1120.8661417322835 99.21259842519684 44.881889763779526 du
1387.7952755905512 1120.8661417322835 148.8188976377953 44.881889763779526 pi

643.7007874015748 1166.9291338582677 252.75590551181102 56.69291338582677 queur
849.2125984251968 1166.9291338582677 173.6220472440945 56.69291338582677 épisode
975.5905511811023 1166.9291338582677 94.48818897637796 56.69291338582677 de
1022.8346456692914 1166.9291338582677 158.26771653543307 56.69291338582677 chasse
1133.8582677165355 1166.9291338582677 79.13385826771653 56.69291338582677 à
1149.2125984251968 1166.9291338582677 142.91338582677164 56.69291338582677 courre.

1003.9370078740158 1234.251968503937 119.29133858267717 48.425196850393704 T.
1064.1732283464567 1234.251968503937 99.21259842519684 48.425196850393704 —
1103.1496062992126 1234.251968503937 119.29133858267717 48.425196850393704 H.
1163.3858267716535 1234.251968503937 179.5275590551181 48.425196850393704 1.12.
1282.6771653543308 1234.251968503937 119.29133858267717 48.425196850393704 L.
1322.8346456692914 1234.251968503937 139.37007874015748 48.425196850393704 1.35.

679.1338582677165 1309.8425196850394 270.4724409448819 55.511811023622045 Appartient
891.7322834645669 1309.8425196850394 96.85039370078741 55.511811023622045 à
930.7086614173228 1309.8425196850394 115.74803149606299 55.511811023622045 M.
988.5826771653543 1309.8425196850394 232.6771653543307 55.511811023622045 Recipon,
1143.3070866141732 1309.8425196850394 173.6220472440945 55.511811023622045 député.

461.81102362204723 1544.8818897637796 188.9763779527559 73.22834645669292 24.
569.2913385826772 1544.8818897637796 134.64566929133858 73.22834645669292 —
623.6220472440945 1544.8818897637796 161.81102362204723 73.22834645669292 La
703.9370078740158 1544.8818897637796 242.1259842519685 73.22834645669292 Femme
865.7480314960629 1544.8818897637796 134.64566929133858 73.22834645669292 à
920.0787401574803 1544.8818897637796 161.81102362204723 73.22834645669292 la
974.4094488188977 1544.8818897637796 214.96062992125985 73.22834645669292 vague.

679.1338582677165 1639.3700787401574 167.71653543307087 46.06299212598425 Signé
791.3385826771654 1639.3700787401574 93.30708661417323 46.06299212598425 à
827.9527559055118 1639.3700787401574 186.61417322834646 46.06299212598425 gauche
959.0551181102362 1639.3700787401574 93.30708661417323 46.06299212598425 :
995.6692913385826 1639.3700787401574 167.71653543307087 46.06299212598425 ..68.
1107.8740157480315 1639.3700787401574 112.20472440944881 46.06299212598425 G.
1144.4881889763778 1639.3700787401574 186.61417322834646 46.06299212598425 Courbet.

998.0314960629921 1705.5118110236222 121.65354330708661 44.881889763779526 T.
1058.267716535433 1705.5118110236222 101.5748031496063 44.881889763779526 —
1099.6062992125985 1705.5118110236222 121.65354330708661 44.881889763779526 H.
1159.8425196850394 1705.5118110236222 181.88976377952756 44.881889763779526 0.63.
1281.4960629921259 1705.5118110236222 121.65354330708661 44.881889763779526 L.
1321.6535433070867 1705.5118110236222 141.73228346456693 44.881889763779526 0.53.

680.3149606299213 1782.283464566929 257.4803149606299 63.77952755905512 Appartient
883.4645669291339 1782.283464566929 92.1259842519685 63.77952755905512 à
920.0787401574803 1782.283464566929 111.02362204724409 63.77952755905512 M.
975.5905511811023 1782.283464566929 184.251968503937 63.77952755905512 Faure,
1104.3307086614172 1782.283464566929 111.02362204724409 63.77952755905512 de
1140.9448818897638 1782.283464566929 184.251968503937 63.77952755905512 l’Opéra.

494.88188976377955 2017.3228346456692 153.54330708661416 64.96062992125984 5.
571.6535433070866 2017.3228346456692 128.74015748031496 64.96062992125984 —
623.6220472440945 2017.3228346456692 153.54330708661416 64.96062992125984 La
700.3937007874016 2017.3228346456692 205.51181102362204 64.96062992125984 Dame
829.1338582677165 2017.3228346456692 179.5275590551181 64.96062992125984 aux
931.8897637795276 2017.3228346456692 282.2834645669291 64.96062992125984 bijoux,
1111.4173228346456 2017.3228346456692 205.51181102362204 64.96062992125984 étude.

676.7716535433071 2111.8110236220473 172.44094488188978 54.330708661417326 Signé
791.3385826771654 2111.8110236220473 95.66929133858268 54.330708661417326 à
830.3149606299213 2111.8110236220473 192.51968503937007 54.330708661417326 droite
964.9606299212599 2111.8110236220473 95.66929133858268 54.330708661417326 :
1002.7559055118111 2111.8110236220473 211.41732283464566 54.330708661417326 Gustave
1156.2992125984251 2111.8110236220473 230.31496062992127 54.330708661417326 Courbet,
1309.8425196850394 2111.8110236220473 134.64566929133858 54.330708661417326 ..67.

682.6771653543307 2168.503937007874 257.4803149606299 44.881889763779526 Exposition
885.8267716535433 2168.503937007874 294.09448818897636 44.881889763779526 particulière
1124.4094488188975 2168.503937007874 109.84251968503936 44.881889763779526 de
1161.023622047244 2168.503937007874 128.74015748031496 44.881889763779526 1867.

999.2125984251968 2226.3779527559054 121.65354330708661 53.1496062992126 T.
1059.4488188976377 2226.3779527559054 100.39370078740157 53.1496062992126 —
1099.6062992125985 2226.3779527559054 121.65354330708661 53.1496062992126 H.
1161.023622047244 2226.3779527559054 181.88976377952756 53.1496062992126 0.81.
1281.4960629921259 2226.3779527559054 121.65354330708661 53.1496062992126 L.
1321.6535433070867 2226.3779527559054 141.73228346456693 53.1496062992126 0.64.

685.0393700787401 2319.685039370079 272.8346456692913 47.24409448818898 Appartient
898.8188976377953 2319.685039370079 96.85039370078741 47.24409448818898 à
937.7952755905512 2319.685039370079 116.92913385826772 47.24409448818898 M.
976.7716535433071 2319.685039370079 252.75590551181102 47.24409448818898 Castagnary.
