1749 2481
585 684 450 54 PORTRAITS

550 996 102 46 35.
609 996 73 46 —
638 996 175 46 Portrait
769 996 87 46 de
798 996 160 46 l’auteur.

573 1085 163 46 Signé
682 1085 91 46 à
718 1085 199 46 gauche,
863 1085 109 46 en
917 1085 145 46 bleu
1007 1085 91 46 :
1044 1085 163 46 1842,
1134 1085 163 46 Gustave

529 1133 171 37 Courbet.

578 1173 138 45 C’est
670 1173 107 45 par
731 1173 92 45 ce
777 1173 169 45 tableau
900 1173 107 45 que
961 1173 200 45 l’artiste
1115 1173 77 45 a
1146 1173 153 45 débuté
1238 1173 61 45 au

544 1219 150 47 Salon
645 1219 100 47 de
678 1219 117 47 1844.

845 1284 102 46 T.
896 1284 85 46 —
930 1284 102 46 H.
981 1284 153 46 0.46.
1083 1284 102 46 L.
1117 1284 119 46 0.56.

545 1429 126 53 36.
617 1429 90 53 —
653 1429 198 53 L’Homme
797 1429 90 53 à
833 1429 108 53 la
887 1429 216 53 ceinture
1050 1429 108 53 de
1104 1429 162 53 cuir,
1194 1429 108 53 por-

590 1493 169 61 trait
703 1493 113 61 du
759 1493 207 61 peintre
891 1493 150 61 jeune.

576 1573 145 44 Signé
673 1573 81 44 à
705 1573 162 44 gauche
818 1573 81 44 :
850 1573 178 44 Gustave
963 1573 162 44 Courbet.

577 1612 216 46 Exposition
746 1612 247 46 particulière
947 1612 93 46 de
978 1612 108 46 1855.

582 1660 93 38 Ce
629 1660 187 38 portrait
769 1660 156 38 paraît
878 1660 125 38 être
956 1660 140 38 celui
1050 1660 109 38 que
1112 1660 93 38 le
1143 1660 156 38 peintre,

546 1705 123 42 dans
623 1705 92 42 le
669 1705 200 42 catalogue
822 1705 92 42 de
869 1705 138 42 cette
961 1705 231 42 exposition,
1145 1705 169 42 plaçait
1253 1705 46 42 à

546 1740 100 38 la
596 1740 134 38 date
680 1740 100 38 de
730 1740 151 38 1849,
831 1740 100 38 et
881 1740 218 38 désignait
1049 1740 100 38 en
1099 1740 117 38 ces
1149 1740 134 38 termes

549 1788 222 30 «<i>Portrait
729 1788 83 30 de
771 1788 236 30 l’auteur</i>,
965 1788 125 30 étude
1048 1788 97 30 des
1090 1788 180 30 Vénitiens.»

859 1844 99 46 T.
909 1844 83 46 —
942 1844 99 46 H.
992 1844 149 46 1.00.
1091 1844 99 46 L.
1124 1844 116 46 0.78.

589 1916 183 47 Acheté
717 1916 147 47 pour
808 1916 183 47 l’État
937 1916 92 47 à
973 1916 110 47 la
1028 1916 165 47 vente
1138 1916 110 47 du
1193 1916 92 47 9
1211 1916 92 47 dé-

544 1957 178 37 cembre
651 1957 124 37 1881.
