2065.748031496063 2930.314960629921
690.9448818897638 807.8740157480315 531.496062992126 63.77952755905512 PORTRAITS

649.6062992125984 1176.3779527559054 120.4724409448819 54.330708661417326 35.
719.2913385826772 1176.3779527559054 86.22047244094489 54.330708661417326 —
753.5433070866142 1176.3779527559054 206.69291338582678 54.330708661417326 Portrait
908.2677165354331 1176.3779527559054 102.75590551181102 54.330708661417326 de
942.5196850393701 1176.3779527559054 188.9763779527559 54.330708661417326 l’auteur.

676.7716535433071 1281.4960629921259 192.51968503937007 54.330708661417326 Signé
805.511811023622 1281.4960629921259 107.48031496062993 54.330708661417326 à
848.0314960629921 1281.4960629921259 235.03937007874015 54.330708661417326 gauche,
1019.2913385826772 1281.4960629921259 128.74015748031496 54.330708661417326 en
1083.0708661417323 1281.4960629921259 171.25984251968504 54.330708661417326 bleu
1189.3700787401574 1281.4960629921259 107.48031496062993 54.330708661417326 :
1233.0708661417323 1281.4960629921259 192.51968503937007 54.330708661417326 1842,
1339.3700787401574 1281.4960629921259 192.51968503937007 54.330708661417326 Gustave

624.8031496062993 1338.1889763779527 201.96850393700788 43.7007874015748 Courbet.

682.6771653543307 1385.4330708661416 162.99212598425197 53.1496062992126 C’est
791.3385826771654 1385.4330708661416 126.37795275590551 53.1496062992126 par
863.3858267716536 1385.4330708661416 108.66141732283465 53.1496062992126 ce
917.7165354330708 1385.4330708661416 199.60629921259843 53.1496062992126 tableau
1062.992125984252 1385.4330708661416 126.37795275590551 53.1496062992126 que
1135.0393700787401 1385.4330708661416 236.2204724409449 53.1496062992126 l’artiste
1316.9291338582677 1385.4330708661416 90.94488188976378 53.1496062992126 a
1353.5433070866143 1385.4330708661416 180.70866141732284 53.1496062992126 débuté
1462.2047244094488 1385.4330708661416 72.04724409448819 53.1496062992126 au

642.5196850393701 1439.763779527559 177.16535433070865 55.511811023622045 Salon
761.8110236220473 1439.763779527559 118.11023622047244 55.511811023622045 de
800.7874015748032 1439.763779527559 138.18897637795277 55.511811023622045 1844.

998.0314960629921 1516.5354330708662 120.4724409448819 54.330708661417326 T.
1058.267716535433 1516.5354330708662 100.39370078740157 54.330708661417326 —
1098.4251968503936 1516.5354330708662 120.4724409448819 54.330708661417326 H.
1158.6614173228347 1516.5354330708662 180.70866141732284 54.330708661417326 0.46.
1279.1338582677165 1516.5354330708662 120.4724409448819 54.330708661417326 L.
1319.291338582677 1516.5354330708662 140.5511811023622 54.330708661417326 0.56.

643.7007874015748 1687.7952755905512 148.8188976377953 62.59842519685039 36.
728.7401574803149 1687.7952755905512 106.2992125984252 62.59842519685039 —
771.2598425196851 1687.7952755905512 233.85826771653544 62.59842519685039 L’Homme
941.3385826771654 1687.7952755905512 106.2992125984252 62.59842519685039 à
983.8582677165355 1687.7952755905512 127.55905511811024 62.59842519685039 la
1047.6377952755906 1687.7952755905512 255.11811023622047 62.59842519685039 ceinture
1240.1574803149606 1687.7952755905512 127.55905511811024 62.59842519685039 de
1303.9370078740158 1687.7952755905512 191.33858267716536 62.59842519685039 cuir,
1410.236220472441 1687.7952755905512 127.55905511811024 62.59842519685039 por-

696.8503937007874 1763.3858267716535 199.60629921259843 72.04724409448819 trait
830.3149606299213 1763.3858267716535 133.46456692913387 72.04724409448819 du
896.4566929133858 1763.3858267716535 244.48818897637796 72.04724409448819 peintre
1052.3622047244094 1763.3858267716535 177.16535433070865 72.04724409448819 jeune.

680.3149606299213 1857.8740157480315 171.25984251968504 51.968503937007874 Signé
794.8818897637796 1857.8740157480315 95.66929133858268 51.968503937007874 à
832.6771653543307 1857.8740157480315 191.33858267716536 51.968503937007874 gauche
966.1417322834645 1857.8740157480315 95.66929133858268 51.968503937007874 :
1003.9370078740158 1857.8740157480315 210.23622047244095 51.968503937007874 Gustave
1137.4015748031495 1857.8740157480315 191.33858267716536 51.968503937007874 Courbet.

681.496062992126 1903.9370078740158 255.11811023622047 54.330708661417326 Exposition
881.1023622047244 1903.9370078740158 291.73228346456693 54.330708661417326 particulière
1118.5039370078741 1903.9370078740158 109.84251968503936 54.330708661417326 de
1155.1181102362204 1903.9370078740158 127.55905511811024 54.330708661417326 1855.

687.4015748031496 1960.6299212598426 109.84251968503936 44.881889763779526 Ce
742.9133858267717 1960.6299212598426 220.86614173228347 44.881889763779526 portrait
908.2677165354331 1960.6299212598426 184.251968503937 44.881889763779526 paraît
1037.007874015748 1960.6299212598426 147.63779527559055 44.881889763779526 être
1129.1338582677165 1960.6299212598426 165.35433070866142 44.881889763779526 celui
1240.1574803149606 1960.6299212598426 128.74015748031496 44.881889763779526 que
1313.3858267716535 1960.6299212598426 109.84251968503936 44.881889763779526 le
1350.0 1960.6299212598426 184.251968503937 44.881889763779526 peintre,

644.8818897637796 2013.7795275590552 145.2755905511811 49.60629921259842 dans
735.8267716535433 2013.7795275590552 108.66141732283465 49.60629921259842 le
790.1574803149606 2013.7795275590552 236.2204724409449 49.60629921259842 catalogue
970.8661417322835 2013.7795275590552 108.66141732283465 49.60629921259842 de
1026.3779527559054 2013.7795275590552 162.99212598425197 49.60629921259842 cette
1135.0393700787401 2013.7795275590552 272.8346456692913 49.60629921259842 exposition,
1352.3622047244094 2013.7795275590552 199.60629921259843 49.60629921259842 plaçait
1479.9212598425197 2013.7795275590552 54.330708661417326 49.60629921259842 à

644.8818897637796 2055.1181102362207 118.11023622047244 44.881889763779526 la
703.9370078740158 2055.1181102362207 158.26771653543307 44.881889763779526 date
803.1496062992126 2055.1181102362207 118.11023622047244 44.881889763779526 de
862.2047244094488 2055.1181102362207 178.3464566929134 44.881889763779526 1849,
981.496062992126 2055.1181102362207 118.11023622047244 44.881889763779526 et
1040.5511811023623 2055.1181102362207 257.4803149606299 44.881889763779526 désignait
1238.976377952756 2055.1181102362207 118.11023622047244 44.881889763779526 en
1298.0314960629921 2055.1181102362207 138.18897637795277 44.881889763779526 ces
1357.0866141732283 2055.1181102362207 158.26771653543307 44.881889763779526 termes

648.4251968503937 2111.8110236220473 262.20472440944883 35.43307086614173 «Portrait
861.0236220472441 2111.8110236220473 98.03149606299213 35.43307086614173 de
910.6299212598425 2111.8110236220473 278.74015748031496 35.43307086614173 l’auteur,
1139.763779527559 2111.8110236220473 147.63779527559055 35.43307086614173 étude
1237.7952755905512 2111.8110236220473 114.56692913385827 35.43307086614173 des
1287.4015748031495 2111.8110236220473 212.5984251968504 35.43307086614173 Vénitiens.»

1014.5669291338583 2177.952755905512 116.92913385826772 54.330708661417326 T.
1073.6220472440946 2177.952755905512 98.03149606299213 54.330708661417326 —
1112.5984251968505 2177.952755905512 116.92913385826772 54.330708661417326 H.
1171.6535433070867 2177.952755905512 175.98425196850394 54.330708661417326 1.00.
1288.5826771653544 2177.952755905512 116.92913385826772 54.330708661417326 L.
1327.5590551181103 2177.952755905512 137.00787401574803 54.330708661417326 0.78.

695.6692913385826 2262.9921259842517 216.14173228346456 55.511811023622045 Acheté
846.8503937007874 2262.9921259842517 173.6220472440945 55.511811023622045 pour
954.3307086614174 2262.9921259842517 216.14173228346456 55.511811023622045 l’État
1106.6929133858268 2262.9921259842517 108.66141732283465 55.511811023622045 à
1149.2125984251968 2262.9921259842517 129.92125984251967 55.511811023622045 la
1214.1732283464567 2262.9921259842517 194.88188976377953 55.511811023622045 vente
1344.0944881889764 2262.9921259842517 129.92125984251967 55.511811023622045 du
1409.0551181102362 2262.9921259842517 108.66141732283465 55.511811023622045 9
1430.3149606299212 2262.9921259842517 108.66141732283465 55.511811023622045 dé-

642.5196850393701 2311.417322834646 210.23622047244095 43.7007874015748 cembre
768.8976377952756 2311.417322834646 146.45669291338584 43.7007874015748 1881.
