2065.748031496063 2930.314960629921
934.2519685039371 475.98425196850394 142.91338582677164 47.24409448818898 —
990.9448818897638 475.98425196850394 142.91338582677164 47.24409448818898 5
1019.2913385826772 475.98425196850394 86.22047244094489 47.24409448818898 —

468.8976377952756 563.3858267716536 327.1653543307087 53.1496062992126 rigoureux
720.4724409448819 563.3858267716536 276.37795275590554 53.1496062992126 empêche
921.2598425196851 563.3858267716536 151.1811023622047 53.1496062992126 de
996.8503937007874 563.3858267716536 251.5748031496063 53.1496062992126 sortir
1172.8346456692914 563.3858267716536 151.1811023622047 53.1496062992126 du
1247.244094488189 563.3858267716536 276.37795275590554 53.1496062992126 Louvre;
1423.2283464566929 563.3858267716536 151.1811023622047 53.1496062992126 puis

477.1653543307087 628.3464566929134 106.2992125984252 64.96062992125984 la
530.3149606299213 628.3464566929134 301.18110236220474 64.96062992125984 Curée,
778.3464566929134 628.3464566929134 265.748031496063 64.96062992125984 aujourd’hui
990.9448818897638 628.3464566929134 88.58267716535433 64.96062992125984 à
1026.3779527559054 628.3464566929134 194.88188976377953 64.96062992125984 Boston;
1169.291338582677 628.3464566929134 354.3307086614173 64.96062992125984 l'Après-dinée
1452.755905511811 628.3464566929134 124.01574803149606 64.96062992125984 à

477.1653543307087 702.7559055118111 334.251968503937 56.69291338582677 Ornans,
755.9055118110236 702.7559055118111 111.02362204724409 56.69291338582677 au
812.5984251968504 702.7559055118111 167.71653543307087 56.69291338582677 musée
923.6220472440945 702.7559055118111 111.02362204724409 56.69291338582677 de
979.1338582677165 702.7559055118111 185.43307086614172 56.69291338582677 Lille;
1109.0551181102362 702.7559055118111 129.92125984251967 56.69291338582677 les
1183.4645669291338 702.7559055118111 316.53543307086613 56.69291338582677 Cribleuses
1425.5905511811025 702.7559055118111 148.8188976377953 56.69291338582677 de

474.8031496062992 771.2598425196851 278.74015748031496 53.1496062992126 blé,
698.0314960629921 771.2598425196851 112.20472440944881 53.1496062992126 au
754.7244094488188 771.2598425196851 167.71653543307087 53.1496062992126 musée
865.7480314960629 771.2598425196851 112.20472440944881 53.1496062992126 de
921.2598425196851 771.2598425196851 204.33070866141733 53.1496062992126 Nantes;
1071.259842519685 771.2598425196851 112.20472440944881 53.1496062992126 le
1126.7716535433071 771.2598425196851 204.33070866141733 53.1496062992126 Cerf
1275.5905511811025 771.2598425196851 93.30708661417323 53.1496062992126 à
1312.2047244094488 771.2598425196851 261.0236220472441 53.1496062992126 l’eau,
1498.8188976377953 771.2598425196851 74.40944881889764 53.1496062992126 au

477.1653543307087 827.9527559055118 159.4488188976378 72.04724409448819 musée
583.4645669291339 827.9527559055118 106.2992125984252 72.04724409448819 de
636.6141732283464 827.9527559055118 248.03149606299212 72.04724409448819 Marseille;
830.3149606299213 827.9527559055118 124.01574803149606 72.04724409448819 les
901.1811023622047 827.9527559055118 406.2992125984252 72.04724409448819 Baigneuses,,
1255.5118110236222 827.9527559055118 106.2992125984252 72.04724409448819 la
1290.9448818897638 827.9527559055118 282.2834645669291 72.04724409448819 Fileuse

470.0787401574803 902.3622047244095 322.4409448818898 63.77952755905512 l'Homme
724.0157480314961 902.3622047244095 115.74803149606299 63.77952755905512 à
770.0787401574803 902.3622047244095 138.18897637795277 63.77952755905512 la
839.7637795275591 902.3622047244095 322.4409448818898 63.77952755905512 pipe,,
1092.5196850393702 902.3622047244095 138.18897637795277 63.77952755905512 au
1162.2047244094488 902.3622047244095 207.8740157480315 63.77952755905512 musée
1300.3937007874015 902.3622047244095 138.18897637795277 63.77952755905512 de
1346.4566929133857 902.3622047244095 230.31496062992127 63.77952755905512 Montpel-

467.7165354330709 976.7716535433071 232.6771653543307 56.69291338582677 lier.
623.6220472440945 976.7716535433071 232.6771653543307 56.69291338582677 Quant
778.3464566929134 976.7716535433071 180.70866141732284 56.69291338582677 aux
882.2834645669292 976.7716535433071 310.62992125984255 56.69291338582677 célèbres
1114.9606299212599 976.7716535433071 258.66141732283467 56.69291338582677 femmes
1295.6692913385828 976.7716535433071 154.7244094488189 56.69291338582677 de
1347.6377952755906 976.7716535433071 232.6771653543307 56.69291338582677 Khalil-

474.8031496062992 1044.0944881889764 180.70866141732284 55.511811023622045 Bey,
587.007874015748 1044.0944881889764 315.3543307086614 55.511811023622045 Paresse
835.0393700787401 1044.0944881889764 135.82677165354332 55.511811023622045 et
903.5433070866142 1044.0944881889764 337.79527559055117 55.511811023622045 luxure,
1172.8346456692914 1044.0944881889764 158.26771653543307 55.511811023622045 qui
1241.3385826771653 1044.0944881889764 337.79527559055117 55.511811023622045 appartiennent

474.8031496062992 1127.9527559055118 351.9685039370079 56.69291338582677 aujourd’hui
755.9055118110236 1127.9527559055118 116.92913385826772 56.69291338582677 à
803.1496062992126 1127.9527559055118 187.79527559055117 56.69291338582677 l’un
920.0787401574803 1127.9527559055118 140.5511811023622 56.69291338582677 de
990.9448818897638 1127.9527559055118 164.17322834645668 56.69291338582677 nos
1084.251968503937 1127.9527559055118 187.79527559055117 56.69291338582677 plus
1201.1811023622047 1127.9527559055118 328.34645669291336 56.69291338582677 distingués
1436.2204724409448 1127.9527559055118 140.5511811023622 56.69291338582677 ama-

471.25984251968504 1190.5511811023623 245.66929133858267 50.78740157480315 teurs,
643.7007874015748 1190.5511811023623 147.63779527559055 50.78740157480315 M.
716.9291338582677 1190.5511811023623 220.86614173228347 50.78740157480315 F...,
864.5669291338583 1190.5511811023623 147.63779527559055 50.78740157480315 et
938.9763779527559 1190.5511811023623 172.44094488188978 50.78740157480315 que
1037.007874015748 1190.5511811023623 295.2755905511811 50.78740157480315 beaucoup
1257.8740157480315 1190.5511811023623 147.63779527559055 50.78740157480315 de
1307.4803149606298 1190.5511811023623 270.4724409448819 50.78740157480315 Parisiens

473.62204724409446 1251.9685039370079 402.755905511811 55.511811023622045 connaissent,
800.7874015748032 1251.9685039370079 151.1811023622047 55.511811023622045 il
876.3779527559055 1251.9685039370079 151.1811023622047 55.511811023622045 ne
950.7874015748032 1251.9685039370079 276.37795275590554 55.511811023622045 pouvait
1152.755905511811 1251.9685039370079 200.78740157480314 55.511811023622045 être
1277.9527559055118 1251.9685039370079 302.3622047244094 55.511811023622045 question
1479.9212598425197 1251.9685039370079 100.39370078740157 55.511811023622045 de

474.8031496062992 1319.291338582677 159.4488188976378 72.04724409448819 les
543.3070866141733 1319.291338582677 227.95275590551182 72.04724409448819 exposer.

525.5905511811023 1385.4330708661416 220.86614173228347 62.59842519685039 Comme
673.2283464566929 1385.4330708661416 147.63779527559055 62.59842519685039 on
746.4566929133858 1385.4330708661416 147.63779527559055 62.59842519685039 le
820.8661417322835 1385.4330708661416 220.86614173228347 62.59842519685039 voit,
967.3228346456693 1385.4330708661416 393.3070866141732 62.59842519685039 l’exposition
1287.4015748031495 1385.4330708661416 318.8976377952756 62.59842519685039 organisée
1508.267716535433 1385.4330708661416 73.22834645669292 62.59842519685039 à

473.62204724409446 1450.3937007874015 276.37795275590554 73.22834645669292 l’École
674.4094488188977 1450.3937007874015 175.98425196850394 73.22834645669292 des
774.8031496062993 1450.3937007874015 351.9685039370079 73.22834645669292 Beaux-Arts
1051.1811023622047 1450.3937007874015 175.98425196850394 73.22834645669292 est
1151.5748031496064 1450.3937007874015 200.78740157480314 73.22834645669292 loin
1277.9527559055118 1450.3937007874015 251.5748031496063 73.22834645669292 d’être
1427.9527559055118 1450.3937007874015 151.1811023622047 73.22834645669292 com-

473.62204724409446 1525.984251968504 246.8503937007874 74.40944881889764 plète.
646.0629921259842 1525.984251968504 222.04724409448818 74.40944881889764 Telle
794.8818897637796 1525.984251968504 271.65354330708664 74.40944881889764 qu’elle
992.1259842519685 1525.984251968504 172.44094488188978 74.40944881889764 est
1090.1574803149606 1525.984251968504 344.88188976377955 74.40944881889764 cependant,
1361.8110236220473 1525.984251968504 197.24409448818898 74.40944881889764 avec
1461.023622047244 1525.984251968504 122.83464566929133 74.40944881889764 ses

474.8031496062992 1594.4881889763778 277.5590551181102 60.23622047244095 tableaux
683.8582677165355 1594.4881889763778 138.18897637795277 60.23622047244095 de
752.3622047244095 1594.4881889763778 207.8740157480315 60.23622047244095 toute
891.7322834645669 1594.4881889763778 231.49606299212599 60.23622047244095 nature
1053.5433070866143 1594.4881889763778 138.18897637795277 60.23622047244095 et
1123.2283464566929 1594.4881889763778 138.18897637795277 60.23622047244095 de
1191.732283464567 1594.4881889763778 207.8740157480315 60.23622047244095 toute
1307.4803149606298 1594.4881889763778 277.5590551181102 60.23622047244095 dimension,

475.98425196850394 1659.4488188976377 328.34645669291336 72.04724409448819 paysages,
727.5590551181102 1659.4488188976377 302.3622047244094 72.04724409448819 marines,
955.511811023622 1659.4488188976377 277.5590551181102 72.04724409448819 neiges,
1157.4803149606298 1659.4488188976377 302.3622047244094 72.04724409448819 animaux,
1359.4488188976377 1659.4488188976377 226.77165354330708 72.04724409448819 fleurs,

475.98425196850394 1735.0393700787401 249.21259842519686 61.41732283464567 fruits,
656.6929133858267 1735.0393700787401 294.09448818897636 61.41732283464567 portraits
883.4645669291339 1735.0393700787401 294.09448818897636 61.41732283464567 d’hommes,
1110.236220472441 1735.0393700787401 294.09448818897636 61.41732283464567 portraits
1335.8267716535433 1735.0393700787401 135.82677165354332 61.41732283464567 de
1381.8897637795276 1735.0393700787401 204.33070866141733 61.41732283464567 femmes,

479.5275590551181 1816.5354330708662 222.04724409448818 47.24409448818898 scènes
635.4330708661417 1816.5354330708662 133.46456692913387 47.24409448818898 de
701.5748031496063 1816.5354330708662 133.46456692913387 47.24409448818898 la
767.7165354330708 1816.5354330708662 154.7244094488189 47.24409448818898 vie
856.2992125984252 1816.5354330708662 154.7244094488189 47.24409448818898 des
946.0629921259842 1816.5354330708662 244.48818897637796 47.24409448818898 villes,
1123.2283464566929 1816.5354330708662 222.04724409448818 47.24409448818898 scènes
1277.9527559055118 1816.5354330708662 133.46456692913387 47.24409448818898 de
1344.0944881889764 1816.5354330708662 133.46456692913387 47.24409448818898 la
1411.4173228346456 1816.5354330708662 154.7244094488189 47.24409448818898 vie
1477.5590551181103 1816.5354330708662 111.02362204724409 47.24409448818898 des

479.5275590551181 1864.9606299212599 264.56692913385825 75.59055118110236 champs,
672.0472440944882 1864.9606299212599 192.51968503937007 75.59055118110236 elle
792.5196850393701 1864.9606299212599 289.37007874015745 75.59055118110236 présente
1008.6614173228346 1864.9606299212599 289.37007874015745 75.59055118110236 l’aspect
1225.984251968504 1864.9606299212599 217.3228346456693 75.59055118110236 varié
1370.0787401574803 1864.9606299212599 192.51968503937007 75.59055118110236 d’un
1466.9291338582677 1864.9606299212599 120.4724409448819 75.59055118110236 mu-

480.70866141732284 1941.732283464567 152.36220472440945 53.1496062992126 sée
566.9291338582677 1941.732283464567 131.10236220472441 53.1496062992126 et
633.0708661417323 1941.732283464567 218.50393700787401 53.1496062992126 résume
785.4330708661417 1941.732283464567 327.1653543307087 53.1496062992126 l’existence
1047.6377952755906 1941.732283464567 239.76377952755905 53.1496062992126 entière
1221.259842519685 1941.732283464567 131.10236220472441 53.1496062992126 de
1264.9606299212599 1941.732283464567 262.20472440944883 53.1496062992126 l’artiste.
