1749 2481
781 396 124 46 —
831 396 124 46 6
856 396 74 46 —

789 524 106 54 II

437 644 297 48 L’existence
675 644 119 48 de
734 644 277 48 l’artiste!
952 644 119 48 On
1011 644 119 48 me
1071 644 257 48 permettra
1249 644 79 48 de

390 700 120 63 ne
450 700 140 63 pas
530 700 100 63 y
570 700 180 63 faire
689 700 160 63 même
789 700 259 63 allusion.
989 700 200 63 Malgré
1108 700 220 63 l’apaise-

389 770 179 48 ment
501 770 157 48 des
590 770 269 48 esprits,
792 770 134 48 le
859 770 224 48 moment
1016 770 134 48 ne
1083 770 224 48 semble
1217 770 112 48 pas

389 820 175 41 venu
498 820 197 41 d’une
630 820 284 41 véridique
848 820 131 41 et
914 820 306 41 impartiale
1132 820 197 41 biogra-

393 888 169 50 phie.
506 888 150 50 Dans
599 888 150 50 tous
693 888 131 50 les
768 888 150 50 cas,
862 888 112 50 ce
918 888 169 50 n’est
1030 888 131 50 pas
1105 888 131 50 ici
1180 888 112 50 le
1218 888 112 50 lieu

395 932 111 63 de
431 932 222 63 l’essayer.

435 997 183 52 Mais,
557 997 102 52 à
597 997 163 52 côté
699 997 122 52 de
760 997 244 52 l’homme,
943 997 122 52 il
1004 997 102 52 y
1044 997 102 52 a
1085 997 142 52 les
1146 997 183 52 œuvres,

393 1051 129 50 qui
466 1051 129 50 ont
540 1051 166 50 aussi
651 1051 148 50 leur
725 1051 203 50 histoire.

434 1108 241 46 Comment
609 1108 241 46 revoir,
784 1108 197 46 après
916 1108 175 46 tant
1025 1108 285 46 d’années,
1223 1108 110 46 les

394 1164 306 51 <i>Casseurs
638 1164 122 51 de
700 1164 306 51 pierres</i>
944 1164 224 51 comment
1108 1164 224 51 évoquer
1250 1164 82 51 le

396 1228 221 47 souvenir
561 1228 110 47 de
616 1228 368 47 l'<i>Enterrement
929 1228 313 47 d’Ornans</i>,
1187 1228 147 47 sans
1260 1228 74 47 se

393 1283 246 48 rappeler
577 1283 225 48 l’orage
740 1283 143 48 que
822 1283 184 48 cette
945 1283 246 48 peinture
1129 1283 102 48 a
1150 1283 184 48 soulevé

391 1340 112 51 à
435 1340 157 51 son
525 1340 337 51 apparition,
795 1340 135 51 et
863 1340 135 51 le
930 1340 337 51 débordement
1178 1340 157 51 d’in-

392 1389 181 69 jures
513 1389 221 69 qu’elle
674 1389 101 69 a
714 1389 201 69 values
855 1389 101 69 à
895 1389 141 69 son
976 1389 262 69 courageux
1157 1389 181 69 initia-

392 1467 189 40 teur?
518 1467 252 40 Comment,
707 1467 126 40 se
770 1467 273 40 rappelant
981 1467 147 40 cet
1065 1467 189 40 orage
1191 1467 126 40 et
1233 1467 105 40 ces

394 1509 246 53 injures,
579 1509 123 53 ne
641 1509 144 53 pas
723 1509 123 53 en
784 1509 246 53 demander
969 1509 123 53 la
1030 1509 226 53 raison,
1194 1509 123 53 ne
1235 1509 103 53 pas

396 1574 241 61 chercher
577 1574 140 61 par
657 1574 181 61 suite
777 1574 120 61 de
837 1574 201 61 quelle
978 1574 201 61 erreur
1118 1574 120 61 ou
1178 1574 120 61 de
1219 1574 120 61 quel

395 1635 181 64 parti
515 1635 161 64 pris
616 1635 121 64 un
676 1635 141 64 art
756 1635 121 64 si
817 1635 181 64 juste
937 1635 121 64 et
998 1635 121 64 si
1058 1635 261 64 puissant,
1239 1635 100 64 qui

395 1692 325 55 s’annonçait
656 1692 152 55 par
742 1692 260 55 surcroît
938 1692 195 55 comme
1068 1692 130 55 si
1111 1692 239 55 démocra

398 1748 169 62 tique
511 1748 113 62 et
567 1748 113 62 si
624 1748 244 62 français,
811 1748 94 62 a
849 1748 113 62 pu
905 1748 225 62 susciter
1074 1748 113 62 de
1130 1748 188 62 telles
1243 1748 94 62 co-

399 1809 180 57 lères
519 1809 120 57 et
579 1809 220 57 devenir
738 1809 140 57 une
818 1809 180 57 sorte
938 1809 120 57 de
998 1809 239 57 scandale
1157 1809 180 57 public?

446 1868 311 54 L’innovation
698 1868 272 54 était-elle
912 1868 156 54 donc
1009 1868 156 54 trop
1087 1868 253 54 audacieuse?

400 1931 409 56 Contrastait-elle
747 1931 164 56 trop
850 1931 287 56 violemment
1075 1931 164 56 avec
1177 1931 143 56 les
1239 1931 102 56 ha-

400 1987 220 48 bitudes
560 1987 200 48 prises
700 1987 120 48 ou
760 1987 140 48 les
840 1987 240 48 préjugés
1020 1987 120 48 en
1060 1987 160 48 cours?
