2065.748031496063 2930.314960629921
922.4409448818898 467.7165354330709 146.45669291338584 54.330708661417326 —
981.496062992126 467.7165354330709 146.45669291338584 54.330708661417326 6
1011.0236220472441 467.7165354330709 87.4015748031496 54.330708661417326 —

931.8897637795276 618.8976377952756 125.19685039370079 63.77952755905512 II

516.1417322834645 760.6299212598425 350.78740157480314 56.69291338582677 L’existence
797.2440944881889 760.6299212598425 140.5511811023622 56.69291338582677 de
866.9291338582677 760.6299212598425 327.1653543307087 56.69291338582677 l’artiste!
1124.4094488188975 760.6299212598425 140.5511811023622 56.69291338582677 On
1194.0944881889764 760.6299212598425 140.5511811023622 56.69291338582677 me
1264.9606299212599 760.6299212598425 303.54330708661416 56.69291338582677 permettra
1475.1968503937007 760.6299212598425 93.30708661417323 56.69291338582677 de

460.62992125984255 826.7716535433071 141.73228346456693 74.40944881889764 ne
531.496062992126 826.7716535433071 165.35433070866142 74.40944881889764 pas
625.9842519685039 826.7716535433071 118.11023622047244 74.40944881889764 y
673.2283464566929 826.7716535433071 212.5984251968504 74.40944881889764 faire
813.7795275590552 826.7716535433071 188.9763779527559 74.40944881889764 même
931.8897637795276 826.7716535433071 305.90551181102364 74.40944881889764 allusion.
1168.1102362204724 826.7716535433071 236.2204724409449 74.40944881889764 Malgré
1308.6614173228347 826.7716535433071 259.84251968503935 74.40944881889764 l’apaise-

459.4488188976378 909.4488188976378 211.41732283464566 56.69291338582677 ment
591.7322834645669 909.4488188976378 185.43307086614172 56.69291338582677 des
696.8503937007874 909.4488188976378 317.7165354330709 56.69291338582677 esprits,
935.4330708661417 909.4488188976378 158.26771653543307 56.69291338582677 le
1014.5669291338583 909.4488188976378 264.56692913385825 56.69291338582677 moment
1200.0 909.4488188976378 158.26771653543307 56.69291338582677 ne
1279.1338582677165 909.4488188976378 264.56692913385825 56.69291338582677 semble
1437.4015748031495 909.4488188976378 132.28346456692913 56.69291338582677 pas

459.4488188976378 968.503937007874 206.69291338582678 48.425196850393704 venu
588.1889763779527 968.503937007874 232.6771653543307 48.425196850393704 d’une
744.0944881889764 968.503937007874 335.43307086614175 48.425196850393704 véridique
1001.5748031496063 968.503937007874 154.7244094488189 48.425196850393704 et
1079.5275590551182 968.503937007874 361.4173228346457 48.425196850393704 impartiale
1337.007874015748 968.503937007874 232.6771653543307 48.425196850393704 biogra-

464.1732283464567 1048.8188976377953 199.60629921259843 59.05511811023622 phie.
597.6377952755905 1048.8188976377953 177.16535433070865 59.05511811023622 Dans
707.4803149606299 1048.8188976377953 177.16535433070865 59.05511811023622 tous
818.503937007874 1048.8188976377953 154.7244094488189 59.05511811023622 les
907.0866141732283 1048.8188976377953 177.16535433070865 59.05511811023622 cas,
1018.1102362204724 1048.8188976377953 132.28346456692913 59.05511811023622 ce
1084.251968503937 1048.8188976377953 199.60629921259843 59.05511811023622 n’est
1216.5354330708662 1048.8188976377953 154.7244094488189 59.05511811023622 pas
1305.1181102362204 1048.8188976377953 154.7244094488189 59.05511811023622 ici
1393.7007874015749 1048.8188976377953 132.28346456692913 59.05511811023622 le
1438.5826771653544 1048.8188976377953 132.28346456692913 59.05511811023622 lieu

466.53543307086613 1100.7874015748032 131.10236220472441 74.40944881889764 de
509.0551181102362 1100.7874015748032 262.20472440944883 74.40944881889764 l’essayer.

513.7795275590552 1177.5590551181103 216.14173228346456 61.41732283464567 Mais,
657.8740157480315 1177.5590551181103 120.4724409448819 61.41732283464567 à
705.1181102362204 1177.5590551181103 192.51968503937007 61.41732283464567 côté
825.5905511811023 1177.5590551181103 144.09448818897638 61.41732283464567 de
897.6377952755905 1177.5590551181103 288.18897637795277 61.41732283464567 l’homme,
1113.7795275590552 1177.5590551181103 144.09448818897638 61.41732283464567 il
1185.8267716535433 1177.5590551181103 120.4724409448819 61.41732283464567 y
1233.0708661417323 1177.5590551181103 120.4724409448819 61.41732283464567 a
1281.4960629921259 1177.5590551181103 167.71653543307087 61.41732283464567 les
1353.5433070866143 1177.5590551181103 216.14173228346456 61.41732283464567 œuvres,

464.1732283464567 1241.3385826771653 152.36220472440945 59.05511811023622 qui
550.3937007874016 1241.3385826771653 152.36220472440945 59.05511811023622 ont
637.7952755905512 1241.3385826771653 196.06299212598427 59.05511811023622 aussi
768.8976377952756 1241.3385826771653 174.8031496062992 59.05511811023622 leur
856.2992125984252 1241.3385826771653 239.76377952755905 59.05511811023622 histoire.

512.5984251968504 1308.6614173228347 284.6456692913386 54.330708661417326 Comment
719.2913385826772 1308.6614173228347 284.6456692913386 54.330708661417326 revoir,
925.9842519685039 1308.6614173228347 232.6771653543307 54.330708661417326 après
1081.8897637795276 1308.6614173228347 206.69291338582678 54.330708661417326 tant
1210.6299212598426 1308.6614173228347 336.61417322834643 54.330708661417326 d’années,
1444.4881889763778 1308.6614173228347 129.92125984251967 54.330708661417326 les

465.3543307086614 1374.8031496062993 361.4173228346457 60.23622047244095 Casseurs
753.5433070866142 1374.8031496062993 144.09448818897638 60.23622047244095 de
826.7716535433071 1374.8031496062993 361.4173228346457 60.23622047244095 pierres
1114.9606299212599 1374.8031496062993 264.56692913385825 60.23622047244095 comment
1308.6614173228347 1374.8031496062993 264.56692913385825 60.23622047244095 évoquer
1476.3779527559054 1374.8031496062993 96.85039370078741 60.23622047244095 le

467.7165354330709 1450.3937007874015 261.0236220472441 55.511811023622045 souvenir
662.5984251968504 1450.3937007874015 129.92125984251967 55.511811023622045 de
727.5590551181102 1450.3937007874015 434.6456692913386 55.511811023622045 l'Enterrement
1097.244094488189 1450.3937007874015 369.68503937007875 55.511811023622045 d’Ornans,
1401.9685039370079 1450.3937007874015 173.6220472440945 55.511811023622045 sans
1488.1889763779527 1450.3937007874015 87.4015748031496 55.511811023622045 se

464.1732283464567 1515.3543307086613 290.5511811023622 56.69291338582677 rappeler
681.496062992126 1515.3543307086613 265.748031496063 56.69291338582677 l’orage
874.0157480314961 1515.3543307086613 168.89763779527559 56.69291338582677 que
970.8661417322835 1515.3543307086613 217.3228346456693 56.69291338582677 cette
1116.1417322834645 1515.3543307086613 290.5511811023622 56.69291338582677 peinture
1333.4645669291338 1515.3543307086613 120.4724409448819 56.69291338582677 a
1358.267716535433 1515.3543307086613 217.3228346456693 56.69291338582677 soulevé

461.81102362204723 1582.6771653543308 132.28346456692913 60.23622047244095 à
513.7795275590552 1582.6771653543308 185.43307086614172 60.23622047244095 son
620.0787401574803 1582.6771653543308 398.0314960629921 60.23622047244095 apparition,
938.9763779527559 1582.6771653543308 159.4488188976378 60.23622047244095 et
1019.2913385826772 1582.6771653543308 159.4488188976378 60.23622047244095 le
1098.4251968503936 1582.6771653543308 398.0314960629921 60.23622047244095 débordement
1391.3385826771653 1582.6771653543308 185.43307086614172 60.23622047244095 d’in-

462.99212598425197 1640.5511811023623 213.7795275590551 81.49606299212599 jures
605.9055118110236 1640.5511811023623 261.0236220472441 81.49606299212599 qu’elle
796.0629921259842 1640.5511811023623 119.29133858267717 81.49606299212599 a
843.3070866141733 1640.5511811023623 237.4015748031496 81.49606299212599 values
1009.8425196850394 1640.5511811023623 119.29133858267717 81.49606299212599 à
1057.0866141732283 1640.5511811023623 166.53543307086613 81.49606299212599 son
1152.755905511811 1640.5511811023623 309.4488188976378 81.49606299212599 courageux
1366.5354330708662 1640.5511811023623 213.7795275590551 81.49606299212599 initia-

462.99212598425197 1732.6771653543308 223.22834645669292 47.24409448818898 teur?
611.8110236220473 1732.6771653543308 297.6377952755906 47.24409448818898 Comment,
835.0393700787401 1732.6771653543308 148.8188976377953 47.24409448818898 se
909.4488188976378 1732.6771653543308 322.4409448818898 47.24409448818898 rappelant
1158.6614173228347 1732.6771653543308 173.6220472440945 47.24409448818898 cet
1257.8740157480315 1732.6771653543308 223.22834645669292 47.24409448818898 orage
1406.6929133858268 1732.6771653543308 148.8188976377953 47.24409448818898 et
1456.2992125984251 1732.6771653543308 124.01574803149606 47.24409448818898 ces

465.3543307086614 1782.283464566929 290.5511811023622 62.59842519685039 injures,
683.8582677165355 1782.283464566929 145.2755905511811 62.59842519685039 ne
757.0866141732283 1782.283464566929 170.07874015748033 62.59842519685039 pas
853.9370078740158 1782.283464566929 145.2755905511811 62.59842519685039 en
925.9842519685039 1782.283464566929 290.5511811023622 62.59842519685039 demander
1144.4881889763778 1782.283464566929 145.2755905511811 62.59842519685039 la
1216.5354330708662 1782.283464566929 266.92913385826773 62.59842519685039 raison,
1410.236220472441 1782.283464566929 145.2755905511811 62.59842519685039 ne
1458.6614173228347 1782.283464566929 121.65354330708661 62.59842519685039 pas

467.7165354330709 1859.0551181102362 284.6456692913386 72.04724409448819 chercher
681.496062992126 1859.0551181102362 165.35433070866142 72.04724409448819 par
775.9842519685039 1859.0551181102362 213.7795275590551 72.04724409448819 suite
917.7165354330708 1859.0551181102362 141.73228346456693 72.04724409448819 de
988.5826771653543 1859.0551181102362 237.4015748031496 72.04724409448819 quelle
1155.1181102362204 1859.0551181102362 237.4015748031496 72.04724409448819 erreur
1320.4724409448818 1859.0551181102362 141.73228346456693 72.04724409448819 ou
1391.3385826771653 1859.0551181102362 141.73228346456693 72.04724409448819 de
1439.763779527559 1859.0551181102362 141.73228346456693 72.04724409448819 quel

466.53543307086613 1931.1023622047244 213.7795275590551 75.59055118110236 parti
608.2677165354331 1931.1023622047244 190.15748031496062 75.59055118110236 pris
727.5590551181102 1931.1023622047244 142.91338582677164 75.59055118110236 un
798.4251968503937 1931.1023622047244 166.53543307086613 75.59055118110236 art
892.9133858267717 1931.1023622047244 142.91338582677164 75.59055118110236 si
964.9606299212599 1931.1023622047244 213.7795275590551 75.59055118110236 juste
1106.6929133858268 1931.1023622047244 142.91338582677164 75.59055118110236 et
1178.740157480315 1931.1023622047244 142.91338582677164 75.59055118110236 si
1249.6062992125985 1931.1023622047244 308.26771653543307 75.59055118110236 puissant,
1463.3858267716535 1931.1023622047244 118.11023622047244 75.59055118110236 qui

466.53543307086613 1998.4251968503936 383.8582677165354 64.96062992125984 s’annonçait
774.8031496062993 1998.4251968503936 179.5275590551181 64.96062992125984 par
876.3779527559055 1998.4251968503936 307.0866141732283 64.96062992125984 surcroît
1107.8740157480315 1998.4251968503936 230.31496062992127 64.96062992125984 comme
1261.4173228346456 1998.4251968503936 153.54330708661416 64.96062992125984 si
1312.2047244094488 1998.4251968503936 282.2834645669291 64.96062992125984 démocra

470.0787401574803 2064.566929133858 199.60629921259843 73.22834645669292 tique
603.5433070866142 2064.566929133858 133.46456692913387 73.22834645669292 et
669.6850393700787 2064.566929133858 133.46456692913387 73.22834645669292 si
737.007874015748 2064.566929133858 288.18897637795277 73.22834645669292 français,
957.8740157480315 2064.566929133858 111.02362204724409 73.22834645669292 a
1002.7559055118111 2064.566929133858 133.46456692913387 73.22834645669292 pu
1068.8976377952756 2064.566929133858 265.748031496063 73.22834645669292 susciter
1268.5039370078741 2064.566929133858 133.46456692913387 73.22834645669292 de
1334.6456692913387 2064.566929133858 222.04724409448818 73.22834645669292 telles
1468.1102362204724 2064.566929133858 111.02362204724409 73.22834645669292 co-

471.25984251968504 2136.6141732283463 212.5984251968504 67.32283464566929 lères
612.992125984252 2136.6141732283463 141.73228346456693 67.32283464566929 et
683.8582677165355 2136.6141732283463 259.84251968503935 67.32283464566929 devenir
871.6535433070866 2136.6141732283463 165.35433070866142 67.32283464566929 une
966.1417322834645 2136.6141732283463 212.5984251968504 67.32283464566929 sorte
1107.8740157480315 2136.6141732283463 141.73228346456693 67.32283464566929 de
1178.740157480315 2136.6141732283463 282.2834645669291 67.32283464566929 scandale
1366.5354330708662 2136.6141732283463 212.5984251968504 67.32283464566929 public?

526.7716535433071 2206.299212598425 367.3228346456693 63.77952755905512 L’innovation
824.4094488188977 2206.299212598425 321.25984251968504 63.77952755905512 était-elle
1077.1653543307086 2206.299212598425 184.251968503937 63.77952755905512 donc
1191.732283464567 2206.299212598425 184.251968503937 63.77952755905512 trop
1283.8582677165355 2206.299212598425 298.81889763779526 63.77952755905512 audacieuse?

472.4409448818898 2280.7086614173227 483.07086614173227 66.14173228346456 Contrastait-elle
882.2834645669292 2280.7086614173227 193.70078740157481 66.14173228346456 trop
1003.9370078740158 2280.7086614173227 338.9763779527559 66.14173228346456 violemment
1269.6850393700788 2280.7086614173227 193.70078740157481 66.14173228346456 avec
1390.1574803149606 2280.7086614173227 168.89763779527559 66.14173228346456 les
1463.3858267716535 2280.7086614173227 120.4724409448819 66.14173228346456 ha-

472.4409448818898 2346.850393700787 259.84251968503935 56.69291338582677 bitudes
661.4173228346457 2346.850393700787 236.2204724409449 56.69291338582677 prises
826.7716535433071 2346.850393700787 141.73228346456693 56.69291338582677 ou
897.6377952755905 2346.850393700787 165.35433070866142 56.69291338582677 les
992.1259842519685 2346.850393700787 283.46456692913387 56.69291338582677 préjugés
1204.724409448819 2346.850393700787 141.73228346456693 56.69291338582677 en
1251.9685039370079 2346.850393700787 188.9763779527559 56.69291338582677 cours?
