2065.748031496063 2930.314960629921
910.6299212598425 455.90551181102364 161.81102362204723 74.40944881889764 —
974.4094488188977 455.90551181102364 161.81102362204723 74.40944881889764 7
1007.4803149606299 455.90551181102364 96.85039370078741 74.40944881889764 —

514.9606299212599 552.7559055118111 187.79527559055117 64.96062992125984 Sans
633.0708661417323 552.7559055118111 235.03937007874015 64.96062992125984 doute,
797.2440944881889 552.7559055118111 140.5511811023622 64.96062992125984 il
866.9291338582677 552.7559055118111 116.92913385826772 64.96062992125984 y
914.1732283464567 552.7559055118111 211.41732283464566 64.96062992125984 avait
1054.724409448819 552.7559055118111 187.79527559055117 64.96062992125984 loin
1172.8346456692914 552.7559055118111 140.5511811023622 64.96062992125984 de
1243.7007874015749 552.7559055118111 164.17322834645668 64.96062992125984 cet
1337.007874015748 552.7559055118111 164.17322834645668 64.96062992125984 art
1407.8740157480315 552.7559055118111 164.17322834645668 64.96062992125984 indi-

462.99212598425197 628.3464566929134 199.60629921259843 63.77952755905512 gène,
596.4566929133858 628.3464566929134 177.16535433070865 63.77952755905512 tiré
707.4803149606299 628.3464566929134 155.90551181102362 63.77952755905512 des
796.0629921259842 628.3464566929134 310.62992125984255 63.77952755905512 entrailles
1040.5511811023623 628.3464566929134 133.46456692913387 63.77952755905512 du
1106.6929133858268 628.3464566929134 199.60629921259843 63.77952755905512 pays,
1240.1574803149606 628.3464566929134 111.02362204724409 63.77952755905512 à
1285.0393700787401 628.3464566929134 199.60629921259843 63.77952755905512 l’art
1396.0629921259842 628.3464566929134 177.16535433070865 63.77952755905512 tradi-

462.99212598425197 695.6692913385826 249.21259842519686 62.59842519685039 tionnel
643.7007874015748 695.6692913385826 158.26771653543307 62.59842519685039 qui
734.6456692913385 695.6692913385826 249.21259842519686 62.59842519685039 régnait
916.5354330708661 695.6692913385826 204.33070866141733 62.59842519685039 alors
1052.3622047244094 695.6692913385826 135.82677165354332 62.59842519685039 et
1119.6850393700788 695.6692913385826 158.26771653543307 62.59842519685039 qui
1210.6299212598426 695.6692913385826 362.59842519685037 62.59842519685039 s’alimentait
1482.283464566929 695.6692913385826 90.94488188976378 62.59842519685039 de

462.99212598425197 760.6299212598425 307.0866141732283 63.77952755905512 l’éternel
699.2125984251968 760.6299212598425 212.5984251968504 63.77952755905512 fonds
840.9448818897638 760.6299212598425 188.9763779527559 63.77952755905512 grec
959.0551181102362 760.6299212598425 141.73228346456693 63.77952755905512 et
1029.9212598425197 760.6299212598425 259.84251968503935 63.77952755905512 romain,
1218.8976377952756 760.6299212598425 236.2204724409449 63.77952755905512 auquel
1360.6299212598426 760.6299212598425 212.5984251968504 63.77952755905512 étaient

462.99212598425197 836.2204724409448 217.3228346456693 49.60629921259842 venus
607.0866141732283 836.2204724409448 386.2204724409449 49.60629921259842 s’adjoindre,
921.2598425196851 836.2204724409448 193.70078740157481 49.60629921259842 sous
1041.732283464567 836.2204724409448 458.26771653543307 49.60629921259842 Louis-Philippe,
1404.3307086614172 836.2204724409448 168.89763779527559 49.60629921259842 quel-

461.81102362204723 911.8110236220473 197.24409448818898 64.96062992125984 ques
585.8267716535433 911.8110236220473 246.8503937007874 64.96062992125984 poètes
758.2677165354331 911.8110236220473 346.06299212598424 64.96062992125984 étrangers,
1029.9212598425197 911.8110236220473 246.8503937007874 64.96062992125984 Dante,
1202.3622047244094 911.8110236220473 370.86614173228344 64.96062992125984 Shakespeare
1474.015748031496 911.8110236220473 99.21259842519684 64.96062992125984 et

467.7165354330709 968.503937007874 230.31496062992127 63.77952755905512 Byron.
628.3464566929134 968.503937007874 206.69291338582678 63.77952755905512 Mais,
766.5354330708661 968.503937007874 184.251968503937 63.77952755905512 sans
881.1023622047244 968.503937007874 252.75590551181102 63.77952755905512 vouloir
1065.3543307086613 968.503937007874 252.75590551181102 63.77952755905512 édifier
1248.4251968503936 968.503937007874 160.62992125984252 63.77952755905512 ici
1340.5511811023623 968.503937007874 160.62992125984252 63.77952755905512 une
1410.236220472441 968.503937007874 160.62992125984252 63.77952755905512 théo-

462.99212598425197 1034.6456692913387 175.98425196850394 62.59842519685039 rie
563.3858267716536 1034.6456692913387 175.98425196850394 62.59842519685039 qui
663.7795275590552 1034.6456692913387 251.5748031496063 62.59842519685039 serait
840.9448818897638 1034.6456692913387 201.96850393700788 62.59842519685039 hors
967.3228346456693 1034.6456692913387 151.1811023622047 62.59842519685039 de
1042.9133858267717 1034.6456692913387 277.5590551181102 62.59842519685039 propos,
1243.7007874015749 1034.6456692913387 151.1811023622047 62.59842519685039 on
1320.4724409448818 1034.6456692913387 201.96850393700788 62.59842519685039 peut
1420.8661417322835 1034.6456692913387 151.1811023622047 62.59842519685039 dire

466.53543307086613 1119.6850393700788 211.41732283464566 55.511811023622045 qu’il
608.2677165354331 1119.6850393700788 211.41732283464566 55.511811023622045 n’est
748.8188976377953 1119.6850393700788 164.17322834645668 55.511811023622045 pas
843.3070866141733 1119.6850393700788 258.66141732283467 55.511811023622045 défendu
1031.1023622047244 1119.6850393700788 140.5511811023622 55.511811023622045 au
1101.9685039370079 1119.6850393700788 258.66141732283467 55.511811023622045 peintre
1289.763779527559 1119.6850393700788 140.5511811023622 55.511811023622045 de
1337.007874015748 1119.6850393700788 235.03937007874015 55.511811023622045 regarder

465.3543307086614 1176.3779527559054 251.5748031496063 68.50393700787401 autour
641.3385826771654 1176.3779527559054 151.1811023622047 68.50393700787401 de
716.9291338582677 1176.3779527559054 200.78740157480314 68.50393700787401 soi,
842.1259842519685 1176.3779527559054 377.9527559055118 68.50393700787401 d’emprunter
1144.4881889763778 1176.3779527559054 126.37795275590551 68.50393700787401 à
1194.0944881889764 1176.3779527559054 151.1811023622047 68.50393700787401 la
1269.6850393700788 1176.3779527559054 276.37795275590554 68.50393700787401 société
1445.6692913385828 1176.3779527559054 126.37795275590551 68.50393700787401 qui

465.3543307086614 1242.5196850393702 362.59842519685037 60.23622047244095 l’environne
754.7244094488188 1242.5196850393702 168.89763779527559 60.23622047244095 ses
851.5748031496063 1242.5196850393702 242.1259842519685 60.23622047244095 sujets
1021.6535433070866 1242.5196850393702 145.2755905511811 60.23622047244095 et
1093.7007874015749 1242.5196850393702 168.89763779527559 60.23622047244095 ses
1190.5511811023623 1242.5196850393702 290.5511811023622 60.23622047244095 modèles.
1409.0551181102362 1242.5196850393702 145.2755905511811 60.23622047244095 Il
1457.4803149606298 1242.5196850393702 120.4724409448819 60.23622047244095 est

462.99212598425197 1309.8425196850394 201.96850393700788 63.77952755905512 même
589.3700787401575 1309.8425196850394 177.16535433070865 63.77952755905512 des
689.7637795275591 1309.8425196850394 303.54330708661416 63.77952755905512 peuples,
917.7165354330708 1309.8425196850394 177.16535433070865 63.77952755905512 les
1018.1102362204724 1309.8425196850394 252.75590551181102 63.77952755905512 Belges
1195.275590551181 1309.8425196850394 151.1811023622047 63.77952755905512 et
1270.8661417322835 1309.8425196850394 177.16535433070865 63.77952755905512 les
1346.4566929133857 1309.8425196850394 227.95275590551182 63.77952755905512 Hollan-

467.7165354330709 1383.0708661417323 211.41732283464566 55.511811023622045 dais,
608.2677165354331 1383.0708661417323 164.17322834645668 55.511811023622045 qui
702.7559055118111 1383.0708661417323 211.41732283464566 55.511811023622045 n’ont
843.3070866141733 1383.0708661417323 164.17322834645668 55.511811023622045 pas
936.6141732283464 1383.0708661417323 140.5511811023622 55.511811023622045 eu
1007.4803149606299 1383.0708661417323 257.4803149606299 55.511811023622045 d’autre
1194.0944881889764 1383.0708661417323 281.1023622047244 55.511811023622045 principe
1381.8897637795276 1383.0708661417323 187.79527559055117 55.511811023622045 d’art.

468.8976377952756 1450.3937007874015 240.9448818897638 53.1496062992126 Est-ce
636.6141732283464 1450.3937007874015 120.4724409448819 53.1496062992126 à
685.0393700787401 1450.3937007874015 192.51968503937007 53.1496062992126 dire
805.511811023622 1450.3937007874015 167.71653543307087 53.1496062992126 que
901.1811023622047 1450.3937007874015 192.51968503937007 53.1496062992126 leur
1021.6535433070866 1450.3937007874015 288.18897637795277 53.1496062992126 peinture
1237.7952755905512 1450.3937007874015 167.71653543307087 53.1496062992126 ait
1333.4645669291338 1450.3937007874015 240.9448818897638 53.1496062992126 manqué
1478.740157480315 1450.3937007874015 95.66929133858268 53.1496062992126 de

461.81102362204723 1516.5354330708662 335.43307086614175 64.96062992125984 caractère
720.4724409448819 1516.5354330708662 154.7244094488189 64.96062992125984 ou
798.4251968503937 1516.5354330708662 413.38582677165357 64.96062992125984 d’élévation?
1133.8582677165355 1516.5354330708662 335.43307086614175 64.96062992125984 Rembrandt
1392.5196850393702 1516.5354330708662 154.7244094488189 64.96062992125984 et
1444.4881889763778 1516.5354330708662 128.74015748031496 64.96062992125984 van

462.99212598425197 1592.1259842519685 168.89763779527559 48.425196850393704 der
558.6614173228346 1592.1259842519685 217.3228346456693 48.425196850393704 Helst
703.9370078740158 1592.1259842519685 192.51968503937007 48.425196850393704 sont
824.4094488188977 1592.1259842519685 145.2755905511811 48.425196850393704 là
896.4566929133858 1592.1259842519685 192.51968503937007 48.425196850393704 pour
1016.9291338582677 1592.1259842519685 312.99212598425197 48.425196850393704 répondre.
1259.0551181102362 1592.1259842519685 145.2755905511811 48.425196850393704 Et
1331.1023622047244 1592.1259842519685 217.3228346456693 48.425196850393704 cette
1451.5748031496064 1592.1259842519685 120.4724409448819 48.425196850393704 ma-

464.1732283464567 1648.8188976377953 222.04724409448818 83.85826771653544 nière
611.8110236220473 1648.8188976377953 147.63779527559055 83.85826771653544 de
686.2204724409448 1648.8188976377953 197.24409448818898 83.85826771653544 voir
809.0551181102362 1648.8188976377953 172.44094488188978 83.85826771653544 n’a
908.2677165354331 1648.8188976377953 172.44094488188978 83.85826771653544 pas
1006.2992125984252 1648.8188976377953 172.44094488188978 83.85826771653544 été
1105.5118110236222 1648.8188976377953 295.2755905511811 83.85826771653544 spéciale
1326.3779527559054 1648.8188976377953 172.44094488188978 83.85826771653544 aux
1400.7874015748032 1648.8188976377953 172.44094488188978 83.85826771653544 Pays-

466.53543307086613 1724.4094488188975 200.78740157480314 55.511811023622045 Bas;
591.7322834645669 1724.4094488188975 151.1811023622047 55.511811023622045 on
667.3228346456693 1724.4094488188975 151.1811023622047 55.511811023622045 la
742.9133858267717 1724.4094488188975 251.5748031496063 55.511811023622045 trouve
917.7165354330708 1724.4094488188975 151.1811023622047 55.511811023622045 un
993.3070866141733 1724.4094488188975 175.98425196850394 55.511811023622045 peu
1093.7007874015749 1724.4094488188975 276.37795275590554 55.511811023622045 partout
1294.4881889763778 1724.4094488188975 151.1811023622047 55.511811023622045 en
1345.275590551181 1724.4094488188975 225.59055118110237 55.511811023622045 Europe.

466.53543307086613 1790.5511811023623 360.23622047244095 72.04724409448819 L’Allemand
750.0 1790.5511811023623 283.46456692913387 72.04724409448819 Holbein
956.6929133858267 1790.5511811023623 154.7244094488189 72.04724409448819 et
1033.4645669291338 1790.5511811023623 360.23622047244095 72.04724409448819 l’Espagnol
1290.9448818897638 1790.5511811023623 283.46456692913387 72.04724409448819 Velasquez

462.99212598425197 1866.1417322834645 197.24409448818898 54.330708661417326 sont
587.007874015748 1866.1417322834645 197.24409448818898 54.330708661417326 deux
709.8425196850394 1866.1417322834645 346.06299212598424 54.330708661417326 admirables
981.496062992126 1866.1417322834645 321.25984251968504 54.330708661417326 peintres:
1228.3464566929133 1866.1417322834645 172.44094488188978 54.330708661417326 ils
1327.5590551181103 1866.1417322834645 172.44094488188978 54.330708661417326 ont
1401.9685039370079 1866.1417322834645 172.44094488188978 54.330708661417326 borné

466.53543307086613 1933.4645669291338 180.70866141732284 72.04724409448819 leur
578.7401574803149 1933.4645669291338 158.26771653543307 72.04724409448819 art
669.6850393700787 1933.4645669291338 113.38582677165354 72.04724409448819 à
714.5669291338583 1933.4645669291338 338.9763779527559 72.04724409448819 représenter
985.0393700787401 1933.4645669291338 135.82677165354332 72.04724409448819 la
1053.5433070866143 1933.4645669291338 248.03149606299212 72.04724409448819 société
1233.0708661417323 1933.4645669291338 135.82677165354332 72.04724409448819 de
1301.5748031496064 1933.4645669291338 180.70866141732284 72.04724409448819 leur
1391.3385826771653 1933.4645669291338 180.70866141732284 72.04724409448819 temps,

470.0787401574803 1998.4251968503936 112.20472440944881 57.874015748031496 à
514.9606299212599 1998.4251968503936 248.03149606299212 57.874015748031496 peindre
695.6692913385826 1998.4251968503936 135.82677165354332 57.874015748031496 le
762.992125984252 1998.4251968503936 225.59055118110237 57.874015748031496 milieu
921.2598425196851 1998.4251968503936 180.70866141732284 57.874015748031496 dans
1033.4645669291338 1998.4251968503936 225.59055118110237 57.874015748031496 lequel
1191.732283464567 1998.4251968503936 158.26771653543307 57.874015748031496 ils
1281.4960629921259 1998.4251968503936 292.9133858267717 57.874015748031496 vivaient.
1484.6456692913387 1998.4251968503936 89.76377952755905 57.874015748031496 Ce

468.8976377952756 2070.472440944882 198.4251968503937 57.874015748031496 n’est
601.1811023622047 2070.472440944882 154.7244094488189 57.874015748031496 pas
689.7637795275591 2070.472440944882 198.4251968503937 57.874015748031496 tout:
822.0472440944882 2070.472440944882 132.28346456692913 57.874015748031496 si
888.1889763779527 2070.472440944882 177.16535433070865 57.874015748031496 l’on
999.2125984251968 2070.472440944882 243.30708661417322 57.874015748031496 voulait
1176.3779527559054 2070.472440944882 177.16535433070865 57.874015748031496 bien
1286.2204724409448 2070.472440944882 198.4251968503937 57.874015748031496 voir,
1396.0629921259842 2070.472440944882 177.16535433070865 57.874015748031496 est

461.81102362204723 2138.9763779527557 209.0551181102362 63.77952755905512 qu’on
601.1811023622047 2138.9763779527557 139.37007874015748 63.77952755905512 ne
670.8661417322835 2138.9763779527557 324.8031496062992 63.77952755905512 trouverait
925.9842519685039 2138.9763779527557 161.81102362204723 63.77952755905512 pas
1018.1102362204724 2138.9763779527557 185.43307086614172 63.77952755905512 dans
1133.8582677165355 2138.9763779527557 255.11811023622047 63.77952755905512 l’œuvre
1319.291338582677 2138.9763779527557 139.37007874015748 63.77952755905512 de
1365.3543307086613 2138.9763779527557 209.0551181102362 63.77952755905512 Raphaël

466.53543307086613 2206.299212598425 282.2834645669291 73.22834645669292 lui-même
677.9527559055118 2206.299212598425 165.35433070866142 73.22834645669292 des
772.4409448818898 2206.299212598425 282.2834645669291 73.22834645669292 parties,
985.0393700787401 2206.299212598425 141.73228346456693 73.22834645669292 et
1054.724409448819 2206.299212598425 165.35433070866142 73.22834645669292 non
1149.2125984251968 2206.299212598425 165.35433070866142 73.22834645669292 les
1243.7007874015749 2206.299212598425 211.41732283464566 73.22834645669292 moins
1361.8110236220473 2206.299212598425 211.41732283464566 73.22834645669292 belles,

471.25984251968504 2272.4409448818897 281.1023622047244 73.22834645669292 inspirées
687.4015748031496 2272.4409448818897 129.92125984251967 73.22834645669292 de
751.1811023622047 2272.4409448818897 129.92125984251967 73.22834645669292 la
816.1417322834645 2272.4409448818897 194.88188976377953 73.22834645669292 seule
946.0629921259842 2272.4409448818897 258.66141732283467 73.22834645669292 réalité?
1139.763779527559 2272.4409448818897 129.92125984251967 73.22834645669292 Et
1204.724409448819 2272.4409448818897 194.88188976377953 73.22834645669292 l’art
1313.3858267716535 2272.4409448818897 258.66141732283467 73.22834645669292 florentin,

465.3543307086614 2356.299212598425 181.88976377952756 57.874015748031496 d’où
578.7401574803149 2356.299212598425 385.03937007874015 57.874015748031496 procède-t-il?
895.2755905511812 2356.299212598425 135.82677165354332 57.874015748031496 Et
963.7795275590552 2356.299212598425 181.88976377952756 57.874015748031496 tous
1077.1653543307086 2356.299212598425 158.26771653543307 57.874015748031496 ces
1168.1102362204724 2356.299212598425 317.7165354330709 57.874015748031496 primitifs,
1417.3228346456692 2356.299212598425 158.26771653543307 57.874015748031496 que
1484.6456692913387 2356.299212598425 90.94488188976378 57.874015748031496 la
