1749 2481
771 386 137 63 —
825 386 137 63 7
853 386 82 63 —

436 468 159 55 Sans
536 468 199 55 doute,
675 468 119 55 il
734 468 99 55 y
774 468 179 55 avait
893 468 159 55 loin
993 468 119 55 de
1053 468 139 55 cet
1132 468 139 55 art
1192 468 139 55 indi-

392 532 169 54 gène,
505 532 150 54 tiré
599 532 132 54 des
674 532 263 54 entrailles
881 532 113 54 du
937 532 169 54 pays,
1050 532 94 54 à
1088 532 169 54 l’art
1182 532 150 54 tradi-

392 589 211 53 tionnel
545 589 134 53 qui
622 589 211 53 régnait
776 589 173 53 alors
891 589 115 53 et
948 589 134 53 qui
1025 589 307 53 s’alimentait
1255 589 77 53 de

392 644 260 54 l’éternel
592 644 180 54 fonds
712 644 160 54 grec
812 644 120 54 et
872 644 220 54 romain,
1032 644 200 54 auquel
1152 644 180 54 étaient

392 708 184 42 venus
514 708 327 42 s’adjoindre,
780 708 164 42 sous
882 708 388 42 Louis-Philippe,
1189 708 143 42 quel-

391 772 167 55 ques
496 772 209 55 poètes
642 772 293 55 étrangers,
872 772 209 55 Dante,
1018 772 314 55 Shakespeare
1248 772 84 55 et

396 820 195 54 Byron.
532 820 175 54 Mais,
649 820 156 54 sans
746 820 214 54 vouloir
902 820 214 54 édifier
1057 820 136 54 ici
1135 820 136 54 une
1194 820 136 54 théo-

392 876 149 53 rie
477 876 149 53 qui
562 876 213 53 serait
712 876 171 53 hors
819 876 128 53 de
883 876 235 53 propos,
1053 876 128 53 on
1118 876 171 53 peut
1203 876 128 53 dire

395 948 179 47 qu’il
515 948 179 47 n’est
634 948 139 47 pas
714 948 219 47 défendu
873 948 119 47 au
933 948 219 47 peintre
1092 948 119 47 de
1132 948 199 47 regarder

394 996 213 58 autour
543 996 128 58 de
607 996 170 58 soi,
713 996 320 58 d’emprunter
969 996 107 58 à
1011 996 128 58 la
1075 996 234 58 société
1224 996 107 58 qui

394 1052 307 51 l’environne
639 1052 143 51 ses
721 1052 205 51 sujets
865 1052 123 51 et
926 1052 143 51 ses
1008 1052 246 51 modèles.
1193 1052 123 51 Il
1234 1052 102 51 est

392 1109 171 54 même
499 1109 150 54 des
584 1109 257 54 peuples,
777 1109 150 54 les
862 1109 214 54 Belges
1012 1109 128 54 et
1076 1109 150 54 les
1140 1109 193 54 Hollan-

396 1171 179 47 dais,
515 1171 139 47 qui
595 1171 179 47 n’ont
714 1171 139 47 pas
793 1171 119 47 eu
853 1171 218 47 d’autre
1011 1171 238 47 principe
1170 1171 159 47 d’art.

397 1228 204 45 Est-ce
539 1228 102 45 à
580 1228 163 45 dire
682 1228 142 45 que
763 1228 163 45 leur
865 1228 244 45 peinture
1048 1228 142 45 ait
1129 1228 204 45 manqué
1252 1228 81 45 de

391 1284 284 55 caractère
610 1284 131 55 ou
676 1284 350 55 d’élévation?
960 1284 284 55 Rembrandt
1179 1284 131 55 et
1223 1284 109 55 van

392 1348 143 41 der
473 1348 184 41 Helst
596 1348 163 41 sont
698 1348 123 41 là
759 1348 163 41 pour
861 1348 265 41 répondre.
1066 1348 123 41 Et
1127 1348 184 41 cette
1229 1348 102 41 ma-

393 1396 188 71 nière
518 1396 125 71 de
581 1396 167 71 voir
685 1396 146 71 n’a
769 1396 146 71 pas
852 1396 146 71 été
936 1396 250 71 spéciale
1123 1396 146 71 aux
1186 1396 146 71 Pays-

395 1460 170 47 Bas;
501 1460 128 47 on
565 1460 128 47 la
629 1460 213 47 trouve
777 1460 128 47 un
841 1460 149 47 peu
926 1460 234 47 partout
1096 1460 128 47 en
1139 1460 191 47 Europe.

395 1516 305 61 L’Allemand
635 1516 240 61 Holbein
810 1516 131 61 et
875 1516 305 61 l’Espagnol
1093 1516 240 61 Velasquez

392 1580 167 46 sont
497 1580 167 46 deux
601 1580 293 46 admirables
831 1580 272 46 peintres:
1040 1580 146 46 ils
1124 1580 146 46 ont
1187 1580 146 46 borné

395 1637 153 61 leur
490 1637 134 61 art
567 1637 96 61 à
605 1637 287 61 représenter
834 1637 115 61 la
892 1637 210 61 société
1044 1637 115 61 de
1102 1637 153 61 leur
1178 1637 153 61 temps,

398 1692 95 49 à
436 1692 210 49 peindre
589 1692 115 49 le
646 1692 191 49 milieu
780 1692 153 49 dans
875 1692 191 49 lequel
1009 1692 134 49 ils
1085 1692 248 49 vivaient.
1257 1692 76 49 Ce

397 1753 168 49 n’est
509 1753 131 49 pas
584 1753 168 49 tout:
696 1753 112 49 si
752 1753 150 49 l’on
846 1753 206 49 voulait
996 1753 150 49 bien
1089 1753 168 49 voir,
1182 1753 150 49 est

391 1811 177 54 qu’on
509 1811 118 54 ne
568 1811 275 54 trouverait
784 1811 137 54 pas
862 1811 157 54 dans
960 1811 216 54 l’œuvre
1117 1811 118 54 de
1156 1811 177 54 Raphaël

395 1868 239 62 lui-même
574 1868 140 62 des
654 1868 239 62 parties,
834 1868 120 62 et
893 1868 140 62 non
973 1868 140 62 les
1053 1868 179 62 moins
1153 1868 179 62 belles,

399 1924 238 62 inspirées
582 1924 110 62 de
636 1924 110 62 la
691 1924 165 62 seule
801 1924 219 62 réalité?
965 1924 110 62 Et
1020 1924 165 62 l’art
1112 1924 219 62 florentin,

394 1995 154 49 d’où
490 1995 326 49 procède-t-il?
758 1995 115 49 Et
816 1995 154 49 tous
912 1995 134 49 ces
989 1995 269 49 primitifs,
1200 1995 134 49 que
1257 1995 77 49 la
