1749 2481
801 397 116 39 —
847 397 116 39 8
870 397 70 39 —

399 473 154 41 mode
495 473 192 41 exalte
629 473 115 41 si
687 473 154 41 fort
783 473 307 41 aujourd’hui,
1033 473 192 41 quelle
1167 473 173 41 était
1263 473 77 41 la

399 523 196 63 source
536 523 117 63 de
595 523 156 63 leur
673 523 274 63 inspiration?

444 580 179 47 Chez
556 580 337 47 nous-mêmes,
825 580 292 47 Français,
1049 580 157 47 qui
1117 580 224 47 semblons

399 635 220 55 ignorer
559 635 180 55 notre
679 635 260 55 histoire,
879 635 200 55 est-ce
1019 635 140 55 que
1099 635 180 55 Louis
1199 635 140 55 David

400 708 117 55 ne
459 708 254 55 cherchait
655 708 137 55 pas
733 708 176 55 avant
850 708 156 55 tout
948 708 117 55 la
1007 708 215 55 vérité,
1143 708 196 55 lorsque,

400 770 286 46 s’emparant
624 770 143 46 des
706 770 286 46 événements
931 770 102 46 à
972 770 123 46 sa
1033 770 225 46 portée,
1197 770 123 46 il
1238 770 102 46 es-

402 812 221 56 quissait
568 812 111 56 le
623 812 258 56 <i>Serment
826 812 111 56 du
881 812 129 56 Jeu
955 812 111 56 de
1010 812 258 56 Paume</i>,
1213 812 111 56 et
1250 812 92 56 re-

400 882 225 42 traçait
563 882 143 42 sur
645 882 123 42 la
707 882 184 42 toile
830 882 143 42 les
912 882 246 42 épisodes
1076 882 266 42 révolution-

401 939 225 47 naires?
564 939 123 47 Et
625 939 286 47 Géricault?
850 939 123 47 En
911 939 204 47 est-il
1054 939 123 47 un
1115 939 163 47 plus
1197 939 143 47 épris

400 1000 343 44 d’actualité,
678 1000 171 44 plus
785 1000 257 44 amoureux
978 1000 129 44 du
1042 1000 278 44 spectacle
1235 1000 107 44 hu-

404 1044 165 55 main?
514 1044 239 55 Qu’est-ce
698 1044 129 55 que
771 1044 110 55 le
826 1044 239 55 <i>Radeau
1010 1044 110 55 de
1065 1044 110 55 la
1102 1044 239 55 Méduse,</i>

403 1100 192 61 sinon
531 1100 128 61 un
595 1100 235 61 épisode
766 1100 342 61 contemporain
1044 1100 128 61 de
1087 1100 256 61 l’artiste,

403 1165 240 50 véritable
587 1165 277 50 fait-divers
809 1165 111 50 de
865 1165 222 50 journal,
1031 1165 203 50 traduit
1179 1165 111 50 en
1216 1165 129 50 pein-

388 1218 162 64 ture
489 1218 162 64 dans
591 1218 122 64 la
652 1218 162 64 plus
753 1218 284 64 dramatique
977 1218 142 64 des
1037 1218 305 64 compositions?

447 1284 215 54 Certes,
604 1284 117 54 en
662 1284 176 54 1848,
780 1284 176 54 après
897 1284 215 54 Février
1053 1284 117 54 et
1112 1284 117 54 le
1151 1284 195 54 suffrage

404 1340 258 54 universel,
606 1340 111 54 il
661 1340 129 54 n’y
735 1340 166 54 avait
846 1340 147 54 rien
938 1340 258 54 d’excessif
1140 1340 92 54 à
1177 1340 111 54 ce
1214 1340 129 54 qu’un

402 1408 258 51 peintre,
595 1408 129 51 né
659 1408 129 51 du
724 1408 236 51 peuple,
895 1408 322 51 républicain
1153 1408 129 51 de
1196 1408 150 51 mœurs

402 1452 120 53 et
462 1452 320 53 d’éducation,
722 1452 160 53 prît
822 1452 160 53 pour
923 1452 180 53 objet
1043 1452 120 53 de
1103 1452 140 53 son
1183 1452 140 53 art
1243 1452 100 53 les

401 1508 236 62 paysans
572 1508 129 62 et
637 1508 150 62 les
723 1508 279 62 bourgeois
937 1508 129 62 au
1002 1508 215 62 milieu
1130 1508 215 62 desquels

403 1572 216 46 s’était
560 1572 216 46 écoulée
717 1572 137 46 son
796 1572 235 46 enfance.
972 1572 275 46 L’humilité
1188 1572 137 46 des
1247 1572 98 46 su-

404 1621 156 70 jets
502 1621 235 70 n’enlève
678 1621 156 70 rien
776 1621 98 70 à
815 1621 156 70 leur
913 1621 196 70 valeur
1050 1621 293 70 esthétique.
1265 1621 78 70 En

405 1698 137 40 art
484 1698 176 40 comme
601 1698 117 40 en
660 1698 313 40 littérature,
914 1698 157 40 tout
1012 1698 235 40 consiste
1188 1698 157 40 dans
1267 1698 78 40 le

404 1754 160 48 tour
504 1754 120 48 de
564 1754 180 48 main,
685 1754 301 48 l’exécution
925 1754 120 48 ou
985 1754 120 48 le
1045 1754 200 48 style.
1166 1754 180 48 Courbet

391 1804 179 50 avait
510 1804 199 50 voulu,
649 1804 219 50 peindre
808 1804 119 50 un
868 1804 298 50 enterrement
1107 1804 119 50 de
1146 1804 199 50 village,

404 1869 235 45 montrer
575 1869 150 45 des
660 1869 321 45 cantonniers
917 1869 128 45 au
981 1869 235 45 travail
1152 1869 171 45 sur,
1238 1869 107 45 une

406 1925 197 54 grande
544 1925 197 54 route:
682 1925 118 54 il
741 1925 177 54 était
859 1925 157 54 dans
957 1925 138 54 son
1036 1925 197 54 droit.
1174 1925 157 54 Tout
1253 1925 98 54 ce.

406 1967 184 75 qu’on
528 1967 224 75 pouvait
691 1967 143 75 lui
773 1967 265 75 demander,
977 1967 184 75 c’est
1099 1967 143 75 que
1181 1967 143 75 son
1242 1967 102 75 im
