2065.748031496063 2930.314960629921
946.0629921259842 468.8976377952756 137.00787401574803 46.06299212598425 —
1000.3937007874016 468.8976377952756 137.00787401574803 46.06299212598425 8
1027.5590551181103 468.8976377952756 82.67716535433071 46.06299212598425 —

471.25984251968504 558.6614173228346 181.88976377952756 48.425196850393704 mode
584.6456692913385 558.6614173228346 226.77165354330708 48.425196850393704 exalte
742.9133858267717 558.6614173228346 135.82677165354332 48.425196850393704 si
811.4173228346457 558.6614173228346 181.88976377952756 48.425196850393704 fort
924.8031496062993 558.6614173228346 362.59842519685037 48.425196850393704 aujourd’hui,
1220.0787401574803 558.6614173228346 226.77165354330708 48.425196850393704 quelle
1378.3464566929133 558.6614173228346 204.33070866141733 48.425196850393704 était
1491.732283464567 558.6614173228346 90.94488188976378 48.425196850393704 la

471.25984251968504 617.7165354330708 231.49606299212599 74.40944881889764 source
633.0708661417323 617.7165354330708 138.18897637795277 74.40944881889764 de
702.7559055118111 617.7165354330708 184.251968503937 74.40944881889764 leur
794.8818897637796 617.7165354330708 323.62204724409446 74.40944881889764 inspiration?

524.4094488188977 685.0393700787401 211.41732283464566 55.511811023622045 Chez
656.6929133858267 685.0393700787401 398.0314960629921 55.511811023622045 nous-mêmes,
974.4094488188977 685.0393700787401 344.88188976377955 55.511811023622045 Français,
1238.976377952756 685.0393700787401 185.43307086614172 55.511811023622045 qui
1319.291338582677 685.0393700787401 264.56692913385825 55.511811023622045 semblons

471.25984251968504 750.0 259.84251968503935 64.96062992125984 ignorer
660.2362204724409 750.0 212.5984251968504 64.96062992125984 notre
801.9685039370079 750.0 307.0866141732283 64.96062992125984 histoire,
1038.1889763779527 750.0 236.2204724409449 64.96062992125984 est-ce
1203.5433070866143 750.0 165.35433070866142 64.96062992125984 que
1298.0314960629921 750.0 212.5984251968504 64.96062992125984 Louis
1416.1417322834645 750.0 165.35433070866142 64.96062992125984 David

472.4409448818898 836.2204724409448 138.18897637795277 64.96062992125984 ne
542.1259842519685 836.2204724409448 300.0 64.96062992125984 cherchait
773.6220472440945 836.2204724409448 161.81102362204723 64.96062992125984 pas
865.7480314960629 836.2204724409448 207.8740157480315 64.96062992125984 avant
1003.9370078740158 836.2204724409448 184.251968503937 64.96062992125984 tout
1119.6850393700788 836.2204724409448 138.18897637795277 64.96062992125984 la
1189.3700787401574 836.2204724409448 253.93700787401573 64.96062992125984 vérité,
1350.0 836.2204724409448 231.49606299212599 64.96062992125984 lorsque,

472.4409448818898 909.4488188976378 337.79527559055117 54.330708661417326 s’emparant
737.007874015748 909.4488188976378 168.89763779527559 54.330708661417326 des
833.8582677165355 909.4488188976378 337.79527559055117 54.330708661417326 événements
1099.6062992125985 909.4488188976378 120.4724409448819 54.330708661417326 à
1148.0314960629921 909.4488188976378 145.2755905511811 54.330708661417326 sa
1220.0787401574803 909.4488188976378 265.748031496063 54.330708661417326 portée,
1413.7795275590552 909.4488188976378 145.2755905511811 54.330708661417326 il
1462.2047244094488 909.4488188976378 120.4724409448819 54.330708661417326 es-

474.8031496062992 959.0551181102362 261.0236220472441 66.14173228346456 quissait
670.8661417322835 959.0551181102362 131.10236220472441 66.14173228346456 le
735.8267716535433 959.0551181102362 304.7244094488189 66.14173228346456 Serment
975.5905511811023 959.0551181102362 131.10236220472441 66.14173228346456 du
1040.5511811023623 959.0551181102362 152.36220472440945 66.14173228346456 Jeu
1127.9527559055118 959.0551181102362 131.10236220472441 66.14173228346456 de
1192.9133858267717 959.0551181102362 304.7244094488189 66.14173228346456 Paume,
1432.6771653543308 959.0551181102362 131.10236220472441 66.14173228346456 et
1476.3779527559054 959.0551181102362 108.66141732283465 66.14173228346456 re-

472.4409448818898 1041.732283464567 265.748031496063 49.60629921259842 traçait
664.9606299212599 1041.732283464567 168.89763779527559 49.60629921259842 sur
761.8110236220473 1041.732283464567 145.2755905511811 49.60629921259842 la
835.0393700787401 1041.732283464567 217.3228346456693 49.60629921259842 toile
980.3149606299213 1041.732283464567 168.89763779527559 49.60629921259842 les
1077.1653543307086 1041.732283464567 290.5511811023622 49.60629921259842 épisodes
1270.8661417322835 1041.732283464567 314.1732283464567 49.60629921259842 révolution-

473.62204724409446 1109.0551181102362 265.748031496063 55.511811023622045 naires?
666.1417322834645 1109.0551181102362 145.2755905511811 55.511811023622045 Et
738.1889763779527 1109.0551181102362 337.79527559055117 55.511811023622045 Géricault?
1003.9370078740158 1109.0551181102362 145.2755905511811 55.511811023622045 En
1075.984251968504 1109.0551181102362 240.9448818897638 55.511811023622045 est-il
1244.8818897637796 1109.0551181102362 145.2755905511811 55.511811023622045 un
1316.9291338582677 1109.0551181102362 192.51968503937007 55.511811023622045 plus
1413.7795275590552 1109.0551181102362 168.89763779527559 55.511811023622045 épris

472.4409448818898 1181.1023622047244 405.11811023622045 51.968503937007874 d’actualité,
800.7874015748032 1181.1023622047244 201.96850393700788 51.968503937007874 plus
927.1653543307086 1181.1023622047244 303.54330708661416 51.968503937007874 amoureux
1155.1181102362204 1181.1023622047244 152.36220472440945 51.968503937007874 du
1230.708661417323 1181.1023622047244 328.34645669291336 51.968503937007874 spectacle
1458.6614173228347 1181.1023622047244 126.37795275590551 51.968503937007874 hu-

477.1653543307087 1233.0708661417323 194.88188976377953 64.96062992125984 main?
607.0866141732283 1233.0708661417323 282.2834645669291 64.96062992125984 Qu’est-ce
824.4094488188977 1233.0708661417323 152.36220472440945 64.96062992125984 que
910.6299212598425 1233.0708661417323 129.92125984251967 64.96062992125984 le
975.5905511811023 1233.0708661417323 282.2834645669291 64.96062992125984 Radeau
1192.9133858267717 1233.0708661417323 129.92125984251967 64.96062992125984 de
1257.8740157480315 1233.0708661417323 129.92125984251967 64.96062992125984 la
1301.5748031496064 1233.0708661417323 282.2834645669291 64.96062992125984 Méduse,

475.98425196850394 1299.2125984251968 226.77165354330708 72.04724409448819 sinon
627.1653543307086 1299.2125984251968 151.1811023622047 72.04724409448819 un
702.7559055118111 1299.2125984251968 277.5590551181102 72.04724409448819 épisode
904.7244094488188 1299.2125984251968 403.93700787401576 72.04724409448819 contemporain
1233.0708661417323 1299.2125984251968 151.1811023622047 72.04724409448819 de
1283.8582677165355 1299.2125984251968 302.3622047244094 72.04724409448819 l’artiste,

475.98425196850394 1375.984251968504 283.46456692913387 59.05511811023622 véritable
693.3070866141733 1375.984251968504 327.1653543307087 59.05511811023622 fait-divers
955.511811023622 1375.984251968504 131.10236220472441 59.05511811023622 de
1021.6535433070866 1375.984251968504 262.20472440944883 59.05511811023622 journal,
1217.716535433071 1375.984251968504 239.76377952755905 59.05511811023622 traduit
1392.5196850393702 1375.984251968504 131.10236220472441 59.05511811023622 en
1436.2204724409448 1375.984251968504 152.36220472440945 59.05511811023622 pein-

458.26771653543307 1438.5826771653544 191.33858267716536 75.59055118110236 ture
577.5590551181102 1438.5826771653544 191.33858267716536 75.59055118110236 dans
698.0314960629921 1438.5826771653544 144.09448818897638 75.59055118110236 la
770.0787401574803 1438.5826771653544 191.33858267716536 75.59055118110236 plus
889.3700787401575 1438.5826771653544 335.43307086614175 75.59055118110236 dramatique
1153.9370078740158 1438.5826771653544 167.71653543307087 75.59055118110236 des
1224.8031496062993 1438.5826771653544 360.23622047244095 75.59055118110236 compositions?

527.9527559055118 1516.5354330708662 253.93700787401573 63.77952755905512 Certes,
713.3858267716536 1516.5354330708662 138.18897637795277 63.77952755905512 en
781.8897637795276 1516.5354330708662 207.8740157480315 63.77952755905512 1848,
921.2598425196851 1516.5354330708662 207.8740157480315 63.77952755905512 après
1059.4488188976377 1516.5354330708662 253.93700787401573 63.77952755905512 Février
1243.7007874015749 1516.5354330708662 138.18897637795277 63.77952755905512 et
1313.3858267716535 1516.5354330708662 138.18897637795277 63.77952755905512 le
1359.4488188976377 1516.5354330708662 230.31496062992127 63.77952755905512 suffrage

477.1653543307087 1582.6771653543308 304.7244094488189 63.77952755905512 universel,
715.7480314960629 1582.6771653543308 131.10236220472441 63.77952755905512 il
780.7086614173228 1582.6771653543308 152.36220472440945 63.77952755905512 n’y
868.1102362204724 1582.6771653543308 196.06299212598427 63.77952755905512 avait
999.2125984251968 1582.6771653543308 173.6220472440945 63.77952755905512 rien
1107.8740157480315 1582.6771653543308 304.7244094488189 63.77952755905512 d’excessif
1346.4566929133857 1582.6771653543308 108.66141732283465 63.77952755905512 à
1390.1574803149606 1582.6771653543308 131.10236220472441 63.77952755905512 ce
1433.8582677165355 1582.6771653543308 152.36220472440945 63.77952755905512 qu’un

474.8031496062992 1662.992125984252 304.7244094488189 60.23622047244095 peintre,
702.7559055118111 1662.992125984252 152.36220472440945 60.23622047244095 né
778.3464566929134 1662.992125984252 152.36220472440945 60.23622047244095 du
855.1181102362204 1662.992125984252 278.74015748031496 60.23622047244095 peuple,
1057.0866141732283 1662.992125984252 380.31496062992125 60.23622047244095 républicain
1361.8110236220473 1662.992125984252 152.36220472440945 60.23622047244095 de
1412.5984251968505 1662.992125984252 177.16535433070865 60.23622047244095 mœurs

474.8031496062992 1714.9606299212599 141.73228346456693 62.59842519685039 et
545.6692913385826 1714.9606299212599 377.9527559055118 62.59842519685039 d’éducation,
852.7559055118111 1714.9606299212599 188.9763779527559 62.59842519685039 prît
970.8661417322835 1714.9606299212599 188.9763779527559 62.59842519685039 pour
1090.1574803149606 1714.9606299212599 212.5984251968504 62.59842519685039 objet
1231.8897637795276 1714.9606299212599 141.73228346456693 62.59842519685039 de
1302.755905511811 1714.9606299212599 165.35433070866142 62.59842519685039 son
1397.244094488189 1714.9606299212599 165.35433070866142 62.59842519685039 art
1468.1102362204724 1714.9606299212599 118.11023622047244 62.59842519685039 les

473.62204724409446 1781.1023622047244 278.74015748031496 73.22834645669292 paysans
675.5905511811023 1781.1023622047244 152.36220472440945 73.22834645669292 et
752.3622047244095 1781.1023622047244 177.16535433070865 73.22834645669292 les
853.9370078740158 1781.1023622047244 329.5275590551181 73.22834645669292 bourgeois
1106.6929133858268 1781.1023622047244 152.36220472440945 73.22834645669292 au
1183.4645669291338 1781.1023622047244 253.93700787401573 73.22834645669292 milieu
1334.6456692913387 1781.1023622047244 253.93700787401573 73.22834645669292 desquels

475.98425196850394 1856.6929133858268 255.11811023622047 54.330708661417326 s’était
661.4173228346457 1856.6929133858268 255.11811023622047 54.330708661417326 écoulée
846.8503937007874 1856.6929133858268 161.81102362204723 54.330708661417326 son
940.1574803149606 1856.6929133858268 277.5590551181102 54.330708661417326 enfance.
1148.0314960629921 1856.6929133858268 324.8031496062992 54.330708661417326 L’humilité
1403.1496062992126 1856.6929133858268 161.81102362204723 54.330708661417326 des
1472.8346456692914 1856.6929133858268 115.74803149606299 54.330708661417326 su-

477.1653543307087 1914.5669291338584 184.251968503937 82.67716535433071 jets
592.9133858267717 1914.5669291338584 277.5590551181102 82.67716535433071 n’enlève
800.7874015748032 1914.5669291338584 184.251968503937 82.67716535433071 rien
916.5354330708661 1914.5669291338584 115.74803149606299 82.67716535433071 à
962.5984251968504 1914.5669291338584 184.251968503937 82.67716535433071 leur
1078.3464566929133 1914.5669291338584 231.49606299212599 82.67716535433071 valeur
1240.1574803149606 1914.5669291338584 346.06299212598424 82.67716535433071 esthétique.
1494.0944881889764 1914.5669291338584 92.1259842519685 82.67716535433071 En

478.34645669291336 2005.5118110236222 161.81102362204723 47.24409448818898 art
571.6535433070866 2005.5118110236222 207.8740157480315 47.24409448818898 comme
709.8425196850394 2005.5118110236222 138.18897637795277 47.24409448818898 en
779.5275590551181 2005.5118110236222 369.68503937007875 47.24409448818898 littérature,
1079.5275590551182 2005.5118110236222 185.43307086614172 47.24409448818898 tout
1195.275590551181 2005.5118110236222 277.5590551181102 47.24409448818898 consiste
1403.1496062992126 2005.5118110236222 185.43307086614172 47.24409448818898 dans
1496.4566929133857 2005.5118110236222 92.1259842519685 47.24409448818898 le

477.1653543307087 2071.6535433070867 188.9763779527559 56.69291338582677 tour
595.2755905511812 2071.6535433070867 141.73228346456693 56.69291338582677 de
666.1417322834645 2071.6535433070867 212.5984251968504 56.69291338582677 main,
809.0551181102362 2071.6535433070867 355.51181102362204 56.69291338582677 l’exécution
1092.5196850393702 2071.6535433070867 141.73228346456693 56.69291338582677 ou
1163.3858267716535 2071.6535433070867 141.73228346456693 56.69291338582677 le
1234.251968503937 2071.6535433070867 236.2204724409449 56.69291338582677 style.
1377.1653543307086 2071.6535433070867 212.5984251968504 56.69291338582677 Courbet

461.81102362204723 2130.7086614173227 211.41732283464566 59.05511811023622 avait
602.3622047244095 2130.7086614173227 235.03937007874015 59.05511811023622 voulu,
766.5354330708661 2130.7086614173227 258.66141732283467 59.05511811023622 peindre
954.3307086614174 2130.7086614173227 140.5511811023622 59.05511811023622 un
1025.1968503937007 2130.7086614173227 351.9685039370079 59.05511811023622 enterrement
1307.4803149606298 2130.7086614173227 140.5511811023622 59.05511811023622 de
1353.5433070866143 2130.7086614173227 235.03937007874015 59.05511811023622 village,

477.1653543307087 2207.48031496063 277.5590551181102 53.1496062992126 montrer
679.1338582677165 2207.48031496063 177.16535433070865 53.1496062992126 des
779.5275590551181 2207.48031496063 379.13385826771656 53.1496062992126 cantonniers
1083.0708661417323 2207.48031496063 151.1811023622047 53.1496062992126 au
1158.6614173228347 2207.48031496063 277.5590551181102 53.1496062992126 travail
1360.6299212598426 2207.48031496063 201.96850393700788 53.1496062992126 sur,
1462.2047244094488 2207.48031496063 126.37795275590551 53.1496062992126 une

479.5275590551181 2273.6220472440946 232.6771653543307 63.77952755905512 grande
642.5196850393701 2273.6220472440946 232.6771653543307 63.77952755905512 route:
805.511811023622 2273.6220472440946 139.37007874015748 63.77952755905512 il
875.1968503937007 2273.6220472440946 209.0551181102362 63.77952755905512 était
1014.5669291338583 2273.6220472440946 185.43307086614172 63.77952755905512 dans
1130.3149606299212 2273.6220472440946 162.99212598425197 63.77952755905512 son
1223.6220472440946 2273.6220472440946 232.6771653543307 63.77952755905512 droit.
1386.6141732283465 2273.6220472440946 185.43307086614172 63.77952755905512 Tout
1479.9212598425197 2273.6220472440946 115.74803149606299 63.77952755905512 ce.

479.5275590551181 2323.228346456693 217.3228346456693 88.58267716535433 qu’on
623.6220472440945 2323.228346456693 264.56692913385825 88.58267716535433 pouvait
816.1417322834645 2323.228346456693 168.89763779527559 88.58267716535433 lui
912.992125984252 2323.228346456693 312.99212598425197 88.58267716535433 demander,
1153.9370078740158 2323.228346456693 217.3228346456693 88.58267716535433 c’est
1298.0314960629921 2323.228346456693 168.89763779527559 88.58267716535433 que
1394.8818897637796 2323.228346456693 168.89763779527559 88.58267716535433 son
1466.9291338582677 2323.228346456693 120.4724409448819 88.58267716535433 im
