2065.748031496063 2930.314960629921
933.0708661417323 450.0 131.10236220472441 60.23622047244095 —
985.0393700787401 450.0 131.10236220472441 60.23622047244095 9
1011.0236220472441 450.0 79.13385826771653 60.23622047244095 —

461.81102362204723 544.488188976378 264.56692913385825 73.22834645669292 pression
660.2362204724409 544.488188976378 154.7244094488189 73.22834645669292 fût
748.8188976377953 544.488188976378 242.1259842519685 73.22834645669292 sincère
924.8031496062993 544.488188976378 132.28346456692913 73.22834645669292 et
990.9448818897638 544.488188976378 242.1259842519685 73.22834645669292 qu’elle
1168.1102362204724 544.488188976378 154.7244094488189 73.22834645669292 fût
1256.6929133858268 544.488188976378 287.00787401574803 73.22834645669292 fortement
1455.1181102362204 544.488188976378 109.84251968503936 73.22834645669292 ex-

460.62992125984255 618.8976377952756 258.66141732283467 62.59842519685039 primée.
648.4251968503937 618.8976377952756 164.17322834645668 62.59842519685039 Ces
742.9133858267717 618.8976377952756 187.79527559055117 62.59842519685039 deux
859.8425196850394 618.8976377952756 351.9685039370079 62.59842519685039 conditions,
1142.1259842519685 618.8976377952756 164.17322834645668 62.59842519685039 les
1236.6141732283465 618.8976377952756 282.2834645669291 62.59842519685039 avait-il
1424.4094488188975 618.8976377952756 140.5511811023622 62.59842519685039 rem-

461.81102362204723 685.0393700787401 220.86614173228347 64.96062992125984 plies?
616.5354330708661 685.0393700787401 132.28346456692913 64.96062992125984 On
682.6771653543307 685.0393700787401 175.98425196850394 64.96062992125984 sait
792.5196850393701 685.0393700787401 175.98425196850394 64.96062992125984 bien
902.3622047244095 685.0393700787401 351.9685039370079 64.96062992125984 aujourd’hui,
1189.3700787401574 685.0393700787401 154.7244094488189 64.96062992125984 par
1277.9527559055118 685.0393700787401 242.1259842519685 64.96062992125984 l’unité
1431.4960629921259 685.0393700787401 132.28346456692913 64.96062992125984 pro-

459.4488188976378 751.1811023622047 220.86614173228347 73.22834645669292 fonde
607.0866141732283 751.1811023622047 147.63779527559055 73.22834645669292 de
681.496062992126 751.1811023622047 147.63779527559055 73.22834645669292 sa
754.7244094488188 751.1811023622047 172.44094488188978 73.22834645669292 vie
852.7559055118111 751.1811023622047 147.63779527559055 73.22834645669292 et
927.1653543307086 751.1811023622047 147.63779527559055 73.22834645669292 de
1000.3937007874016 751.1811023622047 172.44094488188978 73.22834645669292 son
1098.4251968503936 751.1811023622047 245.66929133858267 73.22834645669292 œuvre,
1270.8661417322835 751.1811023622047 172.44094488188978 73.22834645669292 que
1368.8976377952756 751.1811023622047 147.63779527559055 73.22834645669292 sa
1418.5039370078741 751.1811023622047 147.63779527559055 73.22834645669292 sin-

461.81102362204723 825.5905511811023 230.31496062992127 66.14173228346456 cérité
622.4409448818898 825.5905511811023 160.62992125984252 66.14173228346456 fut
714.5669291338583 825.5905511811023 298.81889763779526 66.14173228346456 complète,
944.8818897637796 825.5905511811023 276.37795275590554 66.14173228346456 absolue;
1151.5748031496064 825.5905511811023 160.62992125984252 66.14173228346456 et,
1243.7007874015749 825.5905511811023 206.69291338582678 66.14173228346456 quant
1359.4488188976377 825.5905511811023 206.69291338582678 66.14173228346456 auxqua-

461.81102362204723 884.6456692913385 216.14173228346456 63.77952755905512 lités
605.9055118110236 884.6456692913385 144.09448818897638 63.77952755905512 de
677.9527559055118 884.6456692913385 167.71653543307087 63.77952755905512 son
773.6220472440945 884.6456692913385 336.61417322834643 63.77952755905512 exécution,
1038.1889763779527 884.6456692913385 192.51968503937007 63.77952755905512 quel
1157.4803149606298 884.6456692913385 264.56692913385825 63.77952755905512 artiste
1326.3779527559054 884.6456692913385 239.76377952755905 63.77952755905512 connais-

464.1732283464567 959.0551181102362 184.251968503937 55.511811023622045 seur
578.7401574803149 959.0551181102362 252.75590551181102 55.511811023622045 oserait
762.992125984252 959.0551181102362 160.62992125984252 55.511811023622045 les
855.1181102362204 959.0551181102362 322.4409448818898 55.511811023622045 contester?
1107.8740157480315 959.0551181102362 138.18897637795277 55.511811023622045 Il
1177.5590551181103 959.0551181102362 160.62992125984252 55.511811023622045 sut
1269.6850393700788 959.0551181102362 230.31496062992127 55.511811023622045 donner
1430.3149606299212 959.0551181102362 114.56692913385827 55.511811023622045 à
1453.9370078740158 959.0551181102362 114.56692913385827 55.511811023622045 des

461.81102362204723 1025.1968503937007 277.5590551181102 73.22834645669292 scènes,
662.5984251968504 1025.1968503937007 327.1653543307087 73.22834645669292 vulgaires
915.3543307086615 1025.1968503937007 151.1811023622047 73.22834645669292 en
990.9448818897638 1025.1968503937007 251.5748031496063 73.22834645669292 somme,
1166.9291338582677 1025.1968503937007 151.1811023622047 73.22834645669292 un
1242.5196850393702 1025.1968503937007 277.5590551181102 73.22834645669292 intérêt
1418.5039370078741 1025.1968503937007 151.1811023622047 73.22834645669292 poé-

461.81102362204723 1088.976377952756 226.77165354330708 76.77165354330708 tique
612.992125984252 1088.976377952756 177.16535433070865 76.77165354330708 qui
713.3858267716536 1088.976377952756 177.16535433070865 76.77165354330708 les
814.9606299212599 1088.976377952756 226.77165354330708 76.77165354330708 élève
966.1417322834645 1088.976377952756 151.1811023622047 76.77165354330708 au
1041.732283464567 1088.976377952756 252.75590551181102 76.77165354330708 niveau
1218.8976377952756 1088.976377952756 151.1811023622047 76.77165354330708 du
1294.4881889763778 1088.976377952756 201.96850393700788 76.77165354330708 plus
1394.8818897637796 1088.976377952756 177.16535433070865 76.77165354330708 grand

462.99212598425197 1168.1102362204724 184.251968503937 53.1496062992126 art;
578.7401574803149 1168.1102362204724 138.18897637795277 53.1496062992126 il
648.4251968503937 1168.1102362204724 253.93700787401573 53.1496062992126 peignit
832.6771653543307 1168.1102362204724 161.81102362204723 53.1496062992126 des
925.9842519685039 1168.1102362204724 346.06299212598424 53.1496062992126 personnages
1202.3622047244094 1168.1102362204724 184.251968503937 53.1496062992126 pris
1318.1102362204724 1168.1102362204724 161.81102362204723 53.1496062992126 aux
1387.7952755905512 1168.1102362204724 184.251968503937 53.1496062992126 degrés

467.7165354330709 1234.251968503937 296.45669291338584 62.59842519685039 inférieurs
701.5748031496063 1234.251968503937 127.55905511811024 62.59842519685039 de
764.1732283464567 1234.251968503937 275.1968503937008 62.59842519685039 l’échelle
976.7716535433071 1234.251968503937 233.85826771653544 62.59842519685039 sociale
1146.8503937007874 1234.251968503937 170.07874015748033 62.59842519685039 avec
1253.1496062992126 1234.251968503937 127.55905511811024 62.59842519685039 la
1315.748031496063 1234.251968503937 255.11811023622047 62.59842519685039 gravité,
1485.8267716535433 1234.251968503937 85.03937007874016 62.59842519685039 la

466.53543307086613 1299.2125984251968 203.1496062992126 55.511811023622045 force
601.1811023622047 1299.2125984251968 134.64566929133858 55.511811023622045 et
669.6850393700787 1299.2125984251968 134.64566929133858 55.511811023622045 le
737.007874015748 1299.2125984251968 292.9133858267717 55.511811023622045 caractère
961.4173228346457 1299.2125984251968 203.1496062992126 55.511811023622045 qu’on
1097.244094488189 1299.2125984251968 292.9133858267717 55.511811023622045 réservait
1299.2125984251968 1299.2125984251968 270.4724409448819 55.511811023622045 d’habitude

470.0787401574803 1365.3543307086613 172.44094488188978 73.22834645669292 pour
577.5590551181102 1365.3543307086613 151.1811023622047 73.22834645669292 les
663.7795275590552 1365.3543307086613 216.14173228346456 73.22834645669292 dieux,
814.9606299212599 1365.3543307086613 151.1811023622047 73.22834645669292 les
902.3622047244095 1365.3543307086613 194.88188976377953 73.22834645669292 héros
1032.283464566929 1365.3543307086613 129.92125984251967 73.22834645669292 et
1096.0629921259842 1365.3543307086613 151.1811023622047 73.22834645669292 les
1183.4645669291338 1365.3543307086613 194.88188976377953 73.22834645669292 rois.
1312.2047244094488 1365.3543307086613 237.4015748031496 73.22834645669292 C’était
1464.5669291338584 1365.3543307086613 108.66141732283465 73.22834645669292 re-

467.7165354330709 1442.1259842519685 282.2834645669291 63.77952755905512 prendre,
679.1338582677165 1442.1259842519685 164.17322834645668 63.77952755905512 sur
773.6220472440945 1442.1259842519685 140.5511811023622 63.77952755905512 un
843.3070866141733 1442.1259842519685 211.41732283464566 63.77952755905512 autre
985.0393700787401 1442.1259842519685 258.66141732283467 63.77952755905512 terrain
1172.8346456692914 1442.1259842519685 140.5511811023622 63.77952755905512 et
1243.7007874015749 1442.1259842519685 187.79527559055117 63.77952755905512 avec
1337.007874015748 1442.1259842519685 235.03937007874015 63.77952755905512 d’autres

464.1732283464567 1523.6220472440946 222.04724409448818 48.425196850393704 vues,
611.8110236220473 1523.6220472440946 271.65354330708664 48.425196850393704 l’œuvre
809.0551181102362 1523.6220472440946 369.68503937007875 48.425196850393704 interrompue
1105.5118110236222 1523.6220472440946 147.63779527559055 48.425196850393704 de
1178.740157480315 1523.6220472440946 222.04724409448818 48.425196850393704 David
1326.3779527559054 1523.6220472440946 147.63779527559055 48.425196850393704 et
1400.7874015748032 1523.6220472440946 147.63779527559055 48.425196850393704 de
1450.3937007874015 1523.6220472440946 122.83464566929133 48.425196850393704 Gé-

465.3543307086614 1573.2283464566929 282.2834645669291 64.96062992125984 ricault.
676.7716535433071 1573.2283464566929 164.17322834645668 64.96062992125984 Par
771.2598425196851 1573.2283464566929 187.79527559055117 64.96062992125984 quel
889.3700787401575 1573.2283464566929 353.1496062992126 64.96062992125984 malentendu,
1170.4724409448818 1573.2283464566929 235.03937007874015 64.96062992125984 encore
1335.8267716535433 1573.2283464566929 164.17322834645668 64.96062992125984 une
1406.6929133858268 1573.2283464566929 164.17322834645668 64.96062992125984 fois,

467.7165354330709 1658.267716535433 158.26771653543307 46.06299212598425 une
557.4803149606299 1658.267716535433 294.09448818897636 46.06299212598425 tentative
784.2519685039371 1658.267716535433 203.1496062992126 46.06299212598425 aussi
918.8976377952756 1658.267716535433 271.65354330708664 46.06299212598425 légitime
1123.2283464566929 1658.267716535433 271.65354330708664 46.06299212598425 fut-elle
1303.9370078740158 1658.267716535433 271.65354330708664 46.06299212598425 accueillie

465.3543307086614 1713.7795275590552 164.17322834645668 74.40944881889764 par
558.6614173228346 1713.7795275590552 164.17322834645668 74.40944881889764 des
653.1496062992126 1713.7795275590552 186.61417322834646 74.40944881889764 cris
768.8976377952756 1713.7795275590552 140.5511811023622 74.40944881889764 de
839.7637795275591 1713.7795275590552 233.85826771653544 74.40944881889764 fureur
1002.7559055118111 1713.7795275590552 140.5511811023622 74.40944881889764 et
1073.6220472440946 1713.7795275590552 164.17322834645668 74.40944881889764 des
1143.3070866141732 1713.7795275590552 350.78740157480314 74.40944881889764 imprécations?

934.2519685039371 1924.015748031496 150.0 62.59842519685039 III

519.6850393700787 2052.755905511811 144.09448818897638 76.77165354330708 La
591.7322834645669 2052.755905511811 264.56692913385825 76.77165354330708 réponse
783.0708661417323 2052.755905511811 120.4724409448819 76.77165354330708 à
831.496062992126 2052.755905511811 216.14173228346456 76.77165354330708 cette
975.5905511811023 2052.755905511811 288.18897637795277 76.77165354330708 question
1191.732283464567 2052.755905511811 167.71653543307087 76.77165354330708 est
1263.7795275590552 2052.755905511811 312.99212598425197 76.77165354330708 aujourd’hui

466.53543307086613 2131.8897637795276 265.748031496063 55.511811023622045 facile:
659.0551181102362 2131.8897637795276 145.2755905511811 55.511811023622045 la
732.2834645669292 2131.8897637795276 290.5511811023622 55.511811023622045 peinture
949.6062992125984 2131.8897637795276 145.2755905511811 55.511811023622045 de
1021.6535433070866 2131.8897637795276 265.748031496063 55.511811023622045 Courbet
1215.3543307086613 2131.8897637795276 120.4724409448819 55.511811023622045 a
1263.7795275590552 2131.8897637795276 168.89763779527559 55.511811023622045 été
1335.8267716535433 2131.8897637795276 242.1259842519685 55.511811023622045 envelop-

467.7165354330709 2196.850393700787 161.81102362204723 69.68503937007874 pée
561.0236220472441 2196.850393700787 185.43307086614172 69.68503937007874 dans
676.7716535433071 2196.850393700787 139.37007874015748 69.68503937007874 la
746.4566929133858 2196.850393700787 277.5590551181102 69.68503937007874 réaction
954.3307086614174 2196.850393700787 301.18110236220474 69.68503937007874 politique
1185.8267716535433 2196.850393700787 139.37007874015748 69.68503937007874 de
1255.5118110236222 2196.850393700787 207.8740157480315 69.68503937007874 1850;
1371.259842519685 2196.850393700787 207.8740157480315 69.68503937007874 victime

475.98425196850394 2266.535433070866 179.5275590551181 69.68503937007874 des
578.7401574803149 2266.535433070866 230.31496062992127 69.68503937007874 mêmes
732.2834645669292 2266.535433070866 282.2834645669291 69.68503937007874 haines,
937.7952755905512 2266.535433070866 205.51181102362204 69.68503937007874 elle
1065.3543307086613 2266.535433070866 179.5275590551181 69.68503937007874 est
1168.1102362204724 2266.535433070866 256.2992125984252 69.68503937007874 tombée
1347.6377952755906 2266.535433070866 205.51181102362204 69.68503937007874 sous
1450.3937007874015 2266.535433070866 127.55905511811024 69.68503937007874 les

465.3543307086614 2337.4015748031497 225.59055118110237 56.69291338582677 mêmes
615.3543307086615 2337.4015748031497 225.59055118110237 56.69291338582677 coups
766.5354330708661 2337.4015748031497 175.98425196850394 56.69291338582677 que
866.9291338582677 2337.4015748031497 150.0 56.69291338582677 la
941.3385826771654 2337.4015748031497 350.78740157480314 56.69291338582677 république
1217.716535433071 2337.4015748031497 150.0 56.69291338582677 de
1268.5039370078741 2337.4015748031497 250.39370078740157 56.69291338582677 Février.
