1749 2481
790 381 111 51 —
834 381 111 51 9
856 381 67 51 —

391 461 224 62 pression
559 461 131 62 fût
634 461 205 62 sincère
783 461 112 62 et
839 461 205 62 qu’elle
989 461 131 62 fût
1064 461 243 62 fortement
1232 461 93 62 ex-

390 524 219 53 primée.
549 524 139 53 Ces
629 524 159 53 deux
728 524 298 53 conditions,
967 524 139 53 les
1047 524 239 53 avait-il
1206 524 119 53 rem-

391 580 187 55 plies?
522 580 112 55 On
578 580 149 55 sait
671 580 149 55 bien
764 580 298 55 aujourd’hui,
1007 580 131 55 par
1082 580 205 55 l’unité
1212 580 112 55 pro-

389 636 187 62 fonde
514 636 125 62 de
577 636 125 62 sa
639 636 146 62 vie
722 636 125 62 et
785 636 125 62 de
847 636 146 62 son
930 636 208 62 œuvre,
1076 636 146 62 que
1159 636 125 62 sa
1201 636 125 62 sin-

391 699 195 56 cérité
527 699 136 56 fut
605 699 253 56 complète,
800 699 234 56 absolue;
975 699 136 56 et,
1053 699 175 56 quant
1151 699 175 56 auxqua-

391 749 183 54 lités
513 749 122 54 de
574 749 142 54 son
655 749 285 54 exécution,
879 749 163 54 quel
980 749 224 54 artiste
1123 749 203 54 connais-

393 812 156 47 seur
490 812 214 47 oserait
646 812 136 47 les
724 812 273 47 contester?
938 812 117 47 Il
997 812 136 47 sut
1075 812 195 47 donner
1211 812 97 47 à
1231 812 97 47 des

391 868 235 62 scènes,
561 868 277 62 vulgaires
775 868 128 62 en
839 868 213 62 somme,
988 868 128 62 un
1052 868 235 62 intérêt
1201 868 128 62 poé-

391 922 192 65 tique
519 922 150 65 qui
604 922 150 65 les
690 922 192 65 élève
818 922 128 65 au
882 922 214 65 niveau
1032 922 128 65 du
1096 922 171 65 plus
1181 922 150 65 grand

392 989 156 45 art;
490 989 117 45 il
549 989 215 45 peignit
705 989 137 45 des
784 989 293 45 personnages
1018 989 156 45 pris
1116 989 137 45 aux
1175 989 156 45 degrés

396 1045 251 53 inférieurs
594 1045 108 53 de
647 1045 233 53 l’échelle
827 1045 198 53 sociale
971 1045 144 53 avec
1061 1045 108 53 la
1114 1045 216 53 gravité,
1258 1045 72 53 la

395 1100 172 47 force
509 1100 114 47 et
567 1100 114 47 le
624 1100 248 47 caractère
814 1100 172 47 qu’on
929 1100 248 47 réservait
1100 1100 229 47 d’habitude

398 1156 146 62 pour
489 1156 128 62 les
562 1156 183 62 dieux,
690 1156 128 62 les
764 1156 165 62 héros
874 1156 110 62 et
928 1156 128 62 les
1002 1156 165 62 rois.
1111 1156 201 62 C’était
1240 1156 92 62 re-

396 1221 239 54 prendre,
575 1221 139 54 sur
655 1221 119 54 un
714 1221 179 54 autre
834 1221 219 54 terrain
993 1221 119 54 et
1053 1221 159 54 avec
1132 1221 199 54 d’autres

393 1290 188 41 vues,
518 1290 230 41 l’œuvre
685 1290 313 41 interrompue
936 1290 125 41 de
998 1290 188 41 David
1123 1290 125 41 et
1186 1290 125 41 de
1228 1290 104 41 Gé-

394 1332 239 55 ricault.
573 1332 139 55 Par
653 1332 159 55 quel
753 1332 299 55 malentendu,
991 1332 199 55 encore
1131 1332 139 55 une
1191 1332 139 55 fois,

396 1404 134 39 une
472 1404 249 39 tentative
664 1404 172 39 aussi
778 1404 230 39 légitime
951 1404 230 39 fut-elle
1104 1404 230 39 accueillie

394 1451 139 63 par
473 1451 139 63 des
553 1451 158 63 cris
651 1451 119 63 de
711 1451 198 63 fureur
849 1451 119 63 et
909 1451 139 63 des
968 1451 297 63 imprécations?

791 1629 127 53 III

440 1738 122 65 La
501 1738 224 65 réponse
663 1738 102 65 à
704 1738 183 65 cette
826 1738 244 65 question
1009 1738 142 65 est
1070 1738 265 65 aujourd’hui

395 1805 225 47 facile:
558 1805 123 47 la
620 1805 246 47 peinture
804 1805 123 47 de
865 1805 225 47 Courbet
1029 1805 102 47 a
1070 1805 143 47 été
1131 1805 205 47 envelop-

396 1860 137 59 pée
475 1860 157 59 dans
573 1860 118 59 la
632 1860 235 59 réaction
808 1860 255 59 politique
1004 1860 118 59 de
1063 1860 176 59 1850;
1161 1860 176 59 victime

403 1919 152 59 des
490 1919 195 59 mêmes
620 1919 239 59 haines,
794 1919 174 59 elle
902 1919 152 59 est
989 1919 217 59 tombée
1141 1919 174 59 sous
1228 1919 108 59 les

394 1979 191 48 mêmes
521 1979 191 48 coups
649 1979 149 48 que
734 1979 127 48 la
797 1979 297 48 république
1031 1979 127 48 de
1074 1979 212 48 Février.
