3521.259842519685 5146.456692913386
1573.2283464566929 370.0787401574803 236.2204724409449 96.06299212598425 —
1667.716535433071 370.0787401574803 283.46456692913387 96.06299212598425 17
1762.2047244094488 370.0787401574803 141.73228346456693 96.06299212598425 ;

886.6141732283464 563.7795275590552 551.1811023622047 81.88976377952756 219
1319.6850393700788 563.7795275590552 236.2204724409449 81.88976377952756 Le
1437.7952755905512 563.7795275590552 354.3307086614173 81.88976377952756 Loing
1672.4409448818897 563.7795275590552 196.8503937007874 81.88976377952756 à
1711.8110236220473 563.7795275590552 393.7007874015748 81.88976377952756 Sorques.

886.6141732283464 672.4409448818898 537.007874015748 86.61417322834646 220
1308.6614173228347 672.4409448818898 229.92125984251967 86.61417322834646 Un
1423.6220472440946 672.4409448818898 307.0866141732283 86.61417322834646 coin
1615.748031496063 672.4409448818898 192.1259842519685 86.61417322834646 à
1653.5433070866143 672.4409448818898 269.29133858267716 86.61417322834646 Episy

878.7401574803149 785.8267716535433 538.5826771653543 86.61417322834646 221
1300.7874015748032 785.8267716535433 229.92125984251967 86.61417322834646 Le
1415.748031496063 785.8267716535433 346.45669291338584 86.61417322834646 Loing
1645.6692913385828 785.8267716535433 192.1259842519685 86.61417322834646 à
1685.0393700787401 785.8267716535433 307.0866141732283 86.61417322834646 Episy.

617.3228346456693 1165.3543307086613 494.48818897637796 96.06299212598425 BURAT,
963.7795275590552 1165.3543307086613 445.6692913385827 96.06299212598425 Alice
1259.8425196850394 1165.3543307086613 1089.763779527559 96.06299212598425 (Marie-Elisabeth),
2200.0 1165.3543307086613 346.45669291338584 96.06299212598425 née
2398.4251968503936 1165.3543307086613 247.24409448818898 96.06299212598425 à
2497.6377952755906 1165.3543307086613 494.48818897637796 96.06299212598425 Paris.
2795.2755905511813 1165.3543307086613 148.03149606299212 96.06299212598425 —

707.0866141732283 1277.1653543307086 253.54330708661416 92.91338582677166 8,
834.6456692913385 1277.1653543307086 381.1023622047244 92.91338582677166 place
1088.1889763779527 1277.1653543307086 253.54330708661416 92.91338582677166 du
1173.2283464566929 1277.1653543307086 719.6850393700787 92.91338582677166 Palais

881.8897637795276 1447.244094488189 587.4015748031496 91.33858267716535 222
1343.3070866141732 1447.244094488189 418.8976377952756 91.33858267716535 Dessin
1637.7952755905512 1447.244094488189 209.4488188976378 91.33858267716535 à
1721.259842519685 1447.244094488189 251.96850393700788 91.33858267716535 la
1847.244094488189 1447.244094488189 418.8976377952756 91.33858267716535 plume,
2141.732283464567 1447.244094488189 461.4173228346457 91.33858267716535 d’après
2477.165354330709 1447.244094488189 251.96850393700788 91.33858267716535 un
2560.6299212598424 1447.244094488189 377.9527559055118 91.33858267716535 paysage

1277.1653543307086 1557.4803149606298 242.51968503937007 89.76377952755905 de
1359.0551181102362 1557.4803149606298 525.9842519685039 89.76377952755905 Zuccarelli.

864.5669291338583 1674.015748031496 637.7952755905512 89.76377952755905 223
1366.9291338582677 1674.015748031496 683.4645669291339 89.76377952755905 Rendez-Vous
1913.3858267716535 1674.015748031496 274.01574803149606 89.76377952755905 de
2050.3937007874015 1674.015748031496 502.3622047244094 89.76377952755905 chasse.
2415.748031496063 1674.015748031496 456.6929133858268 89.76377952755905 Dessin
2733.8582677165355 1674.015748031496 228.3464566929134 89.76377952755905 à
2779.527559055118 1674.015748031496 182.6771653543307 89.76377952755905 la

1209.4488188976377 1788.976377952756 376.37795275590554 86.61417322834646 plume

885.0393700787401 1903.9370078740158 623.6220472440945 81.88976377952756 224
1374.8031496062993 1903.9370078740158 400.0 81.88976377952756 Après
1640.9448818897638 1903.9370078740158 267.7165354330709 81.88976377952756 le
1774.8031496062993 1903.9370078740158 757.4803149606299 81.88976377952756 bombardement.
2398.4251968503936 1903.9370078740158 445.6692913385827 81.88976377952756 Dessin
2710.236220472441 1903.9370078740158 222.04724409448818 81.88976377952756 à
2754.3307086614172 1903.9370078740158 177.95275590551182 81.88976377952756 la

1277.1653543307086 2011.023622047244 401.5748031496063 81.88976377952756 plume
1544.8818897637796 2011.023622047244 491.33858267716533 81.88976377952756 d’après
1856.6929133858268 2011.023622047244 670.8661417322835 81.88976377952756 photographie.

875.5905511811023 2121.259842519685 551.1811023622047 88.18897637795276 225
1308.6614173228347 2121.259842519685 236.2204724409449 88.18897637795276 Un
1426.7716535433071 2121.259842519685 433.07086614173227 88.18897637795276 dessous
1741.732283464567 2121.259842519685 236.2204724409449 88.18897637795276 de
1859.8425196850394 2121.259842519685 354.3307086614173 88.18897637795276 bois.
2096.0629921259842 2121.259842519685 393.7007874015748 88.18897637795276 Dessin
2371.6535433070867 2121.259842519685 196.8503937007874 88.18897637795276 à
2450.3937007874015 2121.259842519685 236.2204724409449 88.18897637795276 la
2529.1338582677167 2121.259842519685 314.96062992125985 88.18897637795276 plume.

609.4488188976378 2481.8897637795276 507.0866141732283 86.61417322834646 CARRAZ,
977.9527559055118 2481.8897637795276 461.4173228346457 86.61417322834646 Emile,
1300.7874015748032 2481.8897637795276 277.1653543307087 86.61417322834646 né
1439.3700787401574 2481.8897637795276 229.92125984251967 86.61417322834646 à
1530.708661417323 2481.8897637795276 461.4173228346457 86.61417322834646 Paris.
1853.5433070866143 2481.8897637795276 229.92125984251967 86.61417322834646 —
1946.4566929133857 2481.8897637795276 368.503937007874 86.61417322834646 100,
2176.3779527559054 2481.8897637795276 322.8346456692913 86.61417322834646 rue
2360.6299212598424 2481.8897637795276 277.1653543307087 86.61417322834646 du
2499.212598425197 2481.8897637795276 507.0866141732283 86.61417322834646 Goulet,
2822.047244094488 2481.8897637795276 138.58267716535434 86.61417322834646 à

664.5669291338583 2592.1259842519685 604.7244094488188 83.46456692913385 Noisy

862.992125984252 2762.2047244094488 579.5275590551181 92.91338582677166 *226
1327.5590551181103 2762.2047244094488 348.0314960629921 92.91338582677166 Ferme
1559.0551181102362 2762.2047244094488 231.49606299212599 92.91338582677166 de
1636.2204724409448 2762.2047244094488 308.66141732283467 92.91338582677166 Boucy.

851.9685039370079 2869.2913385826773 582.6771653543307 99.21259842519684 *227
1319.6850393700788 2869.2913385826773 428.34645669291336 99.21259842519684 Rivière
1629.9212598425197 2869.2913385826773 272.4409448818898 99.21259842519684 des
1785.8267716535433 2869.2913385826773 428.34645669291336 99.21259842519684 Prêtres
2056.6929133858266 2869.2913385826773 544.8818897637796 99.21259842519684 (Charenton).

853.5433070866142 2982.6771653543306 590.5511811023622 99.21259842519684 *228
1325.984251968504 2982.6771653543306 354.3307086614173 99.21259842519684 Gorge
1562.2047244094488 2982.6771653543306 275.59055118110234 99.21259842519684 aux
1721.259842519685 2982.6771653543306 354.3307086614173 99.21259842519684 Loups
1918.1102362204724 2982.6771653543306 433.07086614173227 99.21259842519684 (Fusain).

606.2992125984252 3333.8582677165355 485.03937007874015 85.03937007874016 CASAS,
946.4566929133858 3333.8582677165355 485.03937007874015 85.03937007874016 Ramon,
1285.0393700787401 3333.8582677165355 291.33858267716533 85.03937007874016 né
1429.9212598425197 3333.8582677165355 242.51968503937007 85.03937007874016 à
1527.5590551181103 3333.8582677165355 629.9212598425197 85.03937007874016 Barcelone
2011.023622047244 3333.8582677165355 678.7401574803149 85.03937007874016 (Espagne).
2543.3070866141734 3333.8582677165355 242.51968503937007 85.03937007874016 —
2640.9448818897636 3333.8582677165355 291.33858267716533 85.03937007874016 3,
2737.0078740157483 3333.8582677165355 242.51968503937007 85.03937007874016 rue

675.5905511811023 3445.6692913385828 560.6299212598425 81.88976377952756 Girardon,
1062.992125984252 3445.6692913385828 344.88188976377955 81.88976377952756 Paris.

866.1417322834645 3581.1023622047246 529.1338582677165 105.51181102362204 *229
1288.1889763779527 3581.1023622047246 247.24409448818898 105.51181102362204 Una
1393.7007874015749 3581.1023622047246 352.755905511811 105.51181102362204 Corrida.

837.7952755905512 3688.1889763779527 584.2519685039371 110.23622047244095 *230
1305.5118110236222 3688.1889763779527 233.0708661417323 110.23622047244095 Au
1422.0472440944882 3688.1889763779527 388.9763779527559 110.23622047244095 Moulin
1694.4881889763778 3688.1889763779527 233.0708661417323 110.23622047244095 de
1811.023622047244 3688.1889763779527 233.0708661417323 110.23622047244095 la
1889.763779527559 3688.1889763779527 349.6062992125984 110.23622047244095 Galette

862.992125984252 3798.4251968503936 566.9291338582677 113.38582677165354 *231
1316.5354330708662 3798.4251968503936 264.56692913385825 113.38582677165354 San
1467.716535433071 3798.4251968503936 302.3622047244094 113.38582677165354 Pere
1656.6929133858268 3798.4251968503936 226.77165354330708 113.38582677165354 de
1732.283464566929 3798.4251968503936 529.1338582677165 113.38582677165354 Rindebilles.

862.992125984252 3919.685039370079 568.503937007874 107.08661417322834 *232
1318.1102362204724 3919.685039370079 341.73228346456693 107.08661417322834 Route
1546.4566929133857 3919.685039370079 228.3464566929134 107.08661417322834 de
1622.0472440944882 3919.685039370079 455.11811023622045 107.08661417322834 Barcelone.

845.6692913385826 4037.7952755905512 502.3622047244094 97.63779527559055 *233
1214.1732283464567 4037.7952755905512 401.5748031496063 97.63779527559055 Vallcarca.

869.2913385826772 4155.905511811024 475.59055118110234 89.76377952755905 *234
1217.3228346456692 4155.905511811024 349.6062992125984 89.76377952755905 Toilette.

858.2677165354331 4262.992125984252 488.18897637795277 99.21259842519684 *235
1217.3228346456692 4262.992125984252 259.84251968503935 99.21259842519684 Etude.
