3552.755905511811 5102.36220472441
1592.1259842519685 349.6062992125984 338.5826771653543 88.18897637795276 20
1705.5118110236222 349.6062992125984 168.50393700787401 88.18897637795276 —

820.4724409448819 533.8582677165355 604.7244094488188 88.18897637795276 267
1294.4881889763778 533.8582677165355 647.2440944881889 88.18897637795276 Ramasseuses
1812.5984251968505 533.8582677165355 258.26771653543307 88.18897637795276 de
1941.732283464567 533.8582677165355 344.88188976377955 88.18897637795276 bois
2157.48031496063 533.8582677165355 431.496062992126 88.18897637795276 (Étude
2417.3228346456694 533.8582677165355 474.01574803149606 88.18897637795276 d’hiver).

1159.0551181102362 651.9685039370079 527.5590551181102 80.31496062992126 Aquarelle.

801.5748031496063 757.4803149606299 541.7322834645669 85.03937007874016 268
1228.3464566929133 757.4803149606299 387.40157480314963 85.03937007874016 Retour
1499.2125984251968 757.4803149606299 233.0708661417323 85.03937007874016 de
1615.748031496063 757.4803149606299 464.56692913385825 85.03937007874016 l’herbe.
1924.4094488188975 757.4803149606299 310.23622047244095 85.03937007874016 Étude.

811.0236220472441 869.2913385826772 529.1338582677165 86.61417322834646 269
1226.7716535433071 869.2913385826772 453.54330708661416 86.61417322834646 Azalées.
1529.1338582677165 869.2913385826772 453.54330708661416 86.61417322834646 Aquarelle.

527.5590551181102 1181.1023622047244 770.0787401574803 92.91338582677166 CHÉRÉMÉTEW,
1144.8818897637796 1181.1023622047244 565.3543307086615 92.91338582677166 Basile,
1555.9055118110236 1181.1023622047244 308.66141732283467 92.91338582677166 né
1710.236220472441 1181.1023622047244 256.6929133858268 92.91338582677166 à
1812.5984251968505 1181.1023622047244 565.3543307086615 92.91338582677166 Moscou.
2223.6220472440946 1181.1023622047244 256.6929133858268 92.91338582677166 —
2325.984251968504 1181.1023622047244 359.0551181102362 92.91338582677166 71,
2532.283464566929 1181.1023622047244 359.0551181102362 92.91338582677166 rue
2686.6141732283463 1181.1023622047244 204.7244094488189 92.91338582677166 de

625.1968503937007 1338.5826771653544 248.8188976377953 86.61417322834646 la
707.0866141732283 1338.5826771653544 581.1023622047244 86.61417322834646 Faisanderie.

812.5984251968504 1451.9685039370079 530.7086614173228 86.61417322834646 270
1229.9212598425197 1451.9685039370079 379.5275590551181 86.61417322834646 Soirée
1494.4881889763778 1451.9685039370079 417.3228346456693 86.61417322834646 d’hiver
1798.4251968503936 1451.9685039370079 228.3464566929134 86.61417322834646 en
1874.015748031496 1451.9685039370079 341.73228346456693 86.61417322834646 Russie.

522.8346456692914 1741.732283464567 541.7322834645669 85.03937007874016 CHEVALIER,
949.6062992125984 1741.732283464567 618.8976377952756 85.03937007874016 Ernest-Jean,
1453.5433070866143 1741.732283464567 233.0708661417323 85.03937007874016 né
1568.5039370078741 1741.732283464567 193.70078740157481 85.03937007874016 à
1645.6692913385828 1741.732283464567 233.0708661417323 85.03937007874016 La
1762.2047244094488 1741.732283464567 503.93700787401576 85.03937007874016 Rochelle.
2149.6062992125985 1741.732283464567 193.70078740157481 85.03937007874016 —
2226.771653543307 1741.732283464567 270.86614173228344 85.03937007874016 55,
2343.3070866141734 1741.732283464567 193.70078740157481 85.03937007874016 rue

622.0472440944882 1853.5433070866143 622.0472440944882 86.61417322834646 Rennequin,
1066.1417322834645 1853.5433070866143 355.90551181102364 86.61417322834646 Paris.

812.5984251968504 2006.2992125984251 538.5826771653543 88.18897637795276 271
1234.6456692913387 2006.2992125984251 231.49606299212599 88.18897637795276 Le
1351.1811023622047 2006.2992125984251 384.251968503937 88.18897637795276 Calme.
1581.1023622047244 2006.2992125984251 346.45669291338584 88.18897637795276 Marine.

795.2755905511812 2110.236220472441 592.1259842519685 97.63779527559055 *272
1269.291338582677 2110.236220472441 236.2204724409449 97.63779527559055 Le
1387.4015748031495 2110.236220472441 316.53543307086613 97.63779527559055 port
1584.251968503937 2110.236220472441 236.2204724409449 97.63779527559055 de
1702.3622047244094 2110.236220472441 236.2204724409449 97.63779527559055 la
1822.0472440944882 2110.236220472441 474.01574803149606 97.63779527559055 Chambre,
2137.0078740157483 2110.236220472441 513.3858267716536 97.63779527559055 Ile

806.2992125984252 2226.771653543307 579.5275590551181 89.76377952755905 *273
1269.291338582677 2226.771653543307 231.49606299212599 89.76377952755905 La
1384.251968503937 2226.771653543307 308.66141732283467 89.76377952755905 Baie
1577.9527559055118 2226.771653543307 231.49606299212599 89.76377952755905 de
1692.9133858267717 2226.771653543307 425.1968503937008 89.76377952755905 Bréhat.
1963.7795275590552 2226.771653543307 348.0314960629921 89.76377952755905 Marine.

908.6614173228346 2340.1574803149606 549.6062992125984 94.48818897637796 *274
1348.0314960629921 2340.1574803149606 330.70866141732284 94.48818897637796 Etude
1568.5039370078741 2340.1574803149606 292.9133858267717 94.48818897637796 dans
1751.1811023622047 2340.1574803149606 220.4724409448819 94.48818897637796 le
1861.4173228346456 2340.1574803149606 292.9133858267717 94.48818897637796 port
2044.0944881889764 2340.1574803149606 220.4724409448819 94.48818897637796 de
2154.3307086614172 2340.1574803149606 220.4724409448819 94.48818897637796 la
2228.3464566929133 2340.1574803149606 403.1496062992126 94.48818897637796 Rochelle.

800.0 2447.244094488189 585.8267716535433 91.33858267716535 *275
1269.291338582677 2447.244094488189 234.64566929133858 91.33858267716535 Le
1385.8267716535433 2447.244094488189 351.18110236220474 91.33858267716535 Phare
1620.4724409448818 2447.244094488189 234.64566929133858 91.33858267716535 du
1738.5826771653544 2447.244094488189 313.38582677165357 91.33858267716535 Paon
1894.4881889763778 2447.244094488189 429.9212598425197 91.33858267716535 (Bréhat).

800.0 2552.755905511811 581.1023622047244 105.51181102362204 *276
1266.1417322834645 2552.755905511811 387.40157480314963 105.51181102362204 Quatre
1537.007874015748 2552.755905511811 387.40157480314963 105.51181102362204 études
1807.8740157480315 2552.755905511811 310.23622047244095 105.51181102362204 dans
1962.2047244094488 2552.755905511811 310.23622047244095 105.51181102362204 Paris.

811.0236220472441 2651.968503937008 529.1338582677165 110.23622047244095 *277
1233.0708661417323 2651.968503937008 247.24409448818898 110.23622047244095 Les
1338.5826771653544 2651.968503937008 423.62204724409446 110.23622047244095 Patineurs.

811.0236220472441 2770.0787401574803 563.7795275590552 113.38582677165354 *278
1261.4173228346456 2770.0787401574803 262.99212598425197 113.38582677165354 Mer
1412.5984251968505 2770.0787401574803 338.5826771653543 113.38582677165354 basse
1637.7952755905512 2770.0787401574803 187.4015748031496 113.38582677165354 à
1674.015748031496 2770.0787401574803 338.5826771653543 113.38582677165354 Fouras.

822.0472440944882 2889.763779527559 507.0866141732283 102.36220472440945 279
1220.4724409448818 2889.763779527559 217.3228346456693 102.36220472440945 Au
1329.1338582677165 2889.763779527559 398.4251968503937 102.36220472440945 soleil.
1581.1023622047244 2889.763779527559 289.76377952755905 102.36220472440945 Etude.

836.2204724409448 3009.448818897638 535.4330708661417 96.06299212598425 280
1256.6929133858268 3009.448818897638 343.3070866141732 96.06299212598425 Etude
1485.0393700787401 3009.448818897638 190.5511811023622 96.06299212598425 à
1562.2047244094488 3009.448818897638 229.92125984251967 96.06299212598425 la
1637.7952755905512 3009.448818897638 535.4330708661417 96.06299212598425 Grande

541.7322834645669 3310.236220472441 770.0787401574803 85.03937007874016 CHEVALLIER,
1159.0551181102362 3310.236220472441 513.3858267716536 85.03937007874016 Henri,
1518.1102362204724 3310.236220472441 308.66141732283467 85.03937007874016 né
1672.4409448818897 3310.236220472441 256.6929133858268 85.03937007874016 à
1774.8031496062993 3310.236220472441 462.99212598425197 85.03937007874016 Lyon.
2031.4960629921259 3310.236220472441 154.33070866141733 85.03937007874016 —

2168.503937007874 3311.8110236220473 297.6377952755906 86.61417322834646 35,
2338.582677165354 3311.8110236220473 297.6377952755906 86.61417322834646 rue
2508.6614173228345 3311.8110236220473 255.11811023622047 86.61417322834646 de
2593.700787401575 3311.8110236220473 297.6377952755906 86.61417322834646 l’En-

628.3464566929134 3423.6220472440946 414.1732283464567 88.18897637795276 fance,
877.1653543307086 3423.6220472440946 330.70866141732284 88.18897637795276 Paris.

828.3464566929134 3579.527559055118 548.0314960629921 89.76377952755905 281
1259.8425196850394 3579.527559055118 470.86614173228344 89.76377952755905 Bergerie
1612.5984251968505 3579.527559055118 195.2755905511811 89.76377952755905 à
1691.3385826771653 3579.527559055118 234.64566929133858 89.76377952755905 la
1807.8740157480315 3579.527559055118 823.6220472440945 89.76377952755905 Grande-Chartreuse
2474.015748031496 3579.527559055118 392.12598425196853 89.76377952755905 (Isère).

809.4488188976378 3692.9133858267714 546.4566929133858 83.46456692913385 282
1239.3700787401574 3692.9133858267714 429.9212598425197 83.46456692913385 Paysage
1551.1811023622047 3692.9133858267714 234.64566929133858 83.46456692913385 de
1669.291338582677 3692.9133858267714 507.0866141732283 83.46456692913385 Rossillon
2020.4724409448818 3692.9133858267714 311.81102362204723 83.46456692913385 (Ain).

546.4566929133858 3982.6771653543306 730.7086614173228 88.18897637795276 CHEVALLIER,
1130.708661417323 3982.6771653543306 779.5275590551181 88.18897637795276 Léon-Pierre,
1763.7795275590552 3982.6771653543306 292.9133858267717 88.18897637795276 né
1910.236220472441 3982.6771653543306 244.09448818897638 88.18897637795276 à
2007.8740157480315 3982.6771653543306 437.79527559055117 88.18897637795276 Sablé
2251.968503937008 3982.6771653543306 535.4330708661417 88.18897637795276 (Sarthe).

655.1181102362204 4092.9133858267714 338.5826771653543 94.48818897637796 143,
867.7165354330708 4092.9133858267714 423.62204724409446 94.48818897637796 avenue
1163.7795275590552 4092.9133858267714 253.54330708661416 94.48818897637796 de
1289.763779527559 4092.9133858267714 508.66141732283467 94.48818897637796 Neuilly,
1628.3464566929133 4092.9133858267714 847.2440944881889 94.48818897637796 Neuilly

837.7952755905512 4248.818897637795 505.51181102362204 94.48818897637796 283
1234.6456692913387 4248.818897637795 433.07086614173227 94.48818897637796 Portrait
1560.6299212598426 4248.818897637795 217.3228346456693 94.48818897637796 de
1669.291338582677 4248.818897637795 288.18897637795277 94.48818897637796 Mlle
1812.5984251968505 4248.818897637795 181.10236220472441 94.48818897637796 X..
