3628.3464566929133 5083.464566929134
1606.2992125984251 527.5590551181102 211.0236220472441 97.63779527559055 —
1691.3385826771653 527.5590551181102 253.54330708661416 97.63779527559055 24
1776.3779527559054 527.5590551181102 127.55905511811024 97.63779527559055 —

548.0314960629921 719.6850393700787 617.3228346456693 85.03937007874016 DEGUERNE,
1023.6220472440945 719.6850393700787 475.59055118110234 85.03937007874016 Louis,
1355.9055118110236 719.6850393700787 285.03937007874015 85.03937007874016 né
1497.6377952755906 719.6850393700787 237.79527559055117 85.03937007874016 à
1593.7007874015749 719.6850393700787 522.8346456692914 85.03937007874016 Fleuré,
1973.2283464566929 719.6850393700787 332.2834645669291 85.03937007874016 par
2163.779527559055 719.6850393700787 522.8346456692914 85.03937007874016 Écouché
2496.0629921259842 719.6850393700787 428.34645669291336 85.03937007874016 (Orne).

744.8818897637796 829.9212598425197 330.70866141732284 85.03937007874016 32,
933.8582677165355 829.9212598425197 330.70866141732284 85.03937007874016 rue
1122.8346456692914 829.9212598425197 283.46456692913387 85.03937007874016 de
1262.992125984252 829.9212598425197 283.46456692913387 85.03937007874016 la
1404.724409448819 829.9212598425197 612.5984251968504 85.03937007874016 Fontaine,
1875.5905511811025 829.9212598425197 612.5984251968504 85.03937007874016 Cherbourg
2348.031496062992 829.9212598425197 283.46456692913387 85.03937007874016 et
2489.763779527559 829.9212598425197 236.2204724409449 85.03937007874016 à
2537.0078740157483 829.9212598425197 376.37795275590554 85.03937007874016 Fleuré

653.5433070866142 938.5826771653543 318.1102362204724 91.33858267716535 par
836.2204724409448 938.5826771653543 500.78740157480314 91.33858267716535 Écouché
1154.3307086614172 938.5826771653543 409.4488188976378 91.33858267716535 (Orne).

834.6456692913385 1096.0629921259842 590.5511811023622 88.18897637795276 *338
1307.0866141732283 1096.0629921259842 236.2204724409449 88.18897637795276 Le
1425.1968503937007 1096.0629921259842 314.96062992125985 88.18897637795276 fort
1622.0472440944882 1096.0629921259842 236.2204724409449 88.18897637795276 du
1740.1574803149606 1096.0629921259842 354.3307086614173 88.18897637795276 Roule
1974.8031496062993 1096.0629921259842 314.96062992125985 88.18897637795276 dans
2171.6535433070867 1096.0629921259842 236.2204724409449 88.18897637795276 la
2289.763779527559 1096.0629921259842 393.7007874015748 88.18897637795276 brume,
2565.3543307086616 1096.0629921259842 354.3307086614173 88.18897637795276 effet
2762.2047244094488 1096.0629921259842 157.48031496062993 88.18897637795276 de

1261.4173228346456 1209.4488188976377 431.496062992126 88.18897637795276 matin,
1563.7795275590552 1209.4488188976377 302.3622047244094 88.18897637795276 fin
1692.9133858267717 1209.4488188976377 518.1102362204724 88.18897637795276 d’automne.

566.9291338582677 1505.5118110236222 607.8740157480315 85.03937007874016 DELACOUR,
1034.6456692913387 1505.5118110236222 653.5433070866142 85.03937007874016 Hippolyte,
1548.0314960629921 1505.5118110236222 280.31496062992125 85.03937007874016 né
1688.1889763779527 1505.5118110236222 233.0708661417323 85.03937007874016 à
1782.6771653543308 1505.5118110236222 467.7165354330709 85.03937007874016 Paris.
2110.236220472441 1505.5118110236222 233.0708661417323 85.03937007874016 —
2155.9055118110236 1505.5118110236222 748.0314960629921 85.03937007874016 Villeneuve-

680.3149606299213 1617.3228346456692 464.56692913385825 89.76377952755905 Garenne
976.3779527559055 1617.3228346456692 422.0472440944882 89.76377952755905 (Seine).

834.6456692913385 1765.3543307086613 595.2755905511812 96.06299212598425 *339
1310.236220472441 1765.3543307086613 237.79527559055117 96.06299212598425 Le
1429.9212598425197 1765.3543307086613 636.2204724409448 96.06299212598425 Vaux-Fleuri,
1946.4566929133857 1765.3543307086613 198.4251968503937 96.06299212598425 à
2026.7716535433071 1765.3543307086613 516.5354330708661 96.06299212598425 Granville
2384.251968503937 1765.3543307086613 436.2204724409449 96.06299212598425 (Manche).

829.9212598425197 1891.3385826771653 669.2913385826772 97.63779527559055 *340
1365.3543307086613 1891.3385826771653 223.6220472440945 97.63779527559055 A
1455.1181102362204 1891.3385826771653 401.5748031496063 97.63779527559055 Marée
1722.8346456692914 1891.3385826771653 401.5748031496063 97.63779527559055 basse
1990.5511811023623 1891.3385826771653 357.4803149606299 97.63779527559055 dans
2212.5984251968503 1891.3385826771653 714.9606299212599 97.63779527559055 l’avant-port
2749.6062992125985 1891.3385826771653 177.95275590551182 97.63779527559055 de

1239.3700787401574 2015.748031496063 570.0787401574803 91.33858267716535 Granville
1634.6456692913387 2015.748031496063 481.8897637795276 91.33858267716535 (Manche).

853.5433070866142 2138.582677165354 574.8031496062993 94.48818897637796 *341
1313.3858267716535 2138.582677165354 229.92125984251967 94.48818897637796 Le
1428.3464566929133 2138.582677165354 307.0866141732283 94.48818897637796 fort
1618.8976377952756 2138.582677165354 229.92125984251967 94.48818897637796 de
1733.8582677165355 2138.582677165354 229.92125984251967 94.48818897637796 la
1848.8188976377953 2138.582677165354 344.88188976377955 94.48818897637796 place
2080.314960629921 2138.582677165354 497.6377952755906 94.48818897637796 Pléville,
2462.9921259842517 2138.582677165354 267.7165354330709 94.48818897637796 sur
2615.748031496063 2138.582677165354 229.92125984251967 94.48818897637796 le
2692.9133858267714 2138.582677165354 229.92125984251967 94.48818897637796 port

1253.5433070866143 2258.267716535433 248.8188976377953 94.48818897637796 de
1335.4330708661416 2258.267716535433 497.6377952755906 94.48818897637796 Granville.

837.7952755905512 2382.6771653543306 595.2755905511812 97.63779527559055 *342
1313.3858267716535 2382.6771653543306 237.79527559055117 97.63779527559055 La
1433.0708661417323 2382.6771653543306 436.2204724409449 97.63779527559055 Falaise
1749.6062992125985 2382.6771653543306 237.79527559055117 97.63779527559055 du
1869.291338582677 2382.6771653543306 516.5354330708661 97.63779527559055 Fourneau,
2266.1417322834645 2382.6771653543306 318.1102362204724 97.63779527559055 près
2425.196850393701 2382.6771653543306 475.59055118110234 97.63779527559055 Saint

1236.2204724409448 2507.0866141732286 478.74015748031496 94.48818897637796 (Manche).

856.6929133858267 2626.771653543307 576.3779527559055 97.63779527559055 343
1308.6614173228347 2626.771653543307 247.24409448818898 97.63779527559055 La
1433.0708661417323 2626.771653543307 288.18897637795277 97.63779527559055 rue
1596.8503937007874 2626.771653543307 247.24409448818898 97.63779527559055 de
1721.259842519685 2626.771653543307 411.0236220472441 97.63779527559055 Paris,
2009.4488188976377 2626.771653543307 206.29921259842519 97.63779527559055 à
2091.3385826771655 2626.771653543307 535.4330708661417 97.63779527559055 Granville
2461.417322834646 2626.771653543307 453.54330708661416 97.63779527559055 (Manche).

845.6692913385826 2743.3070866141734 577.9527559055118 105.51181102362204 *344
1307.0866141732283 2743.3070866141734 192.1259842519685 105.51181102362204 A
1384.251968503937 2743.3070866141734 694.488188976378 105.51181102362204 Saint-Nicolas,
1963.7795275590552 2743.3070866141734 308.66141732283467 105.51181102362204 près
2155.9055118110236 2743.3070866141734 500.78740157480314 105.51181102362204 Granville
2503.9370078740158 2743.3070866141734 423.62204724409446 105.51181102362204 (Manche).

847.2440944881889 2874.015748031496 585.8267716535433 97.63779527559055 *345
1316.5354330708662 2874.015748031496 390.5511811023622 97.63779527559055 Navire
1590.5511811023623 2874.015748031496 234.64566929133858 97.63779527559055 en
1707.0866141732283 2874.015748031496 664.5669291338583 97.63779527559055 construction,
2255.1181102362207 2874.015748031496 195.2755905511811 97.63779527559055 à
2294.488188976378 2874.015748031496 625.1968503937007 97.63779527559055 Villeneuve-

1266.1417322834645 2990.551181102362 462.99212598425197 100.78740157480316 Garenne
1562.2047244094488 2990.551181102362 422.0472440944882 100.78740157480316 (Seine).

848.8188976377953 3114.9606299212596 582.6771653543307 97.63779527559055 *346
1314.9606299212599 3114.9606299212596 349.6062992125984 97.63779527559055 Brick
1549.6062992125985 3114.9606299212596 272.4409448818898 97.63779527559055 sur
1703.9370078740158 3114.9606299212596 233.0708661417323 97.63779527559055 la
1820.4724409448818 3114.9606299212596 388.9763779527559 97.63779527559055 Loire,
2092.9133858267714 3114.9606299212596 310.23622047244095 97.63779527559055 dans
2248.818897637795 3114.9606299212596 349.6062992125984 97.63779527559055 Nantes.

851.9685039370079 3240.9448818897636 606.2992125984252 100.78740157480316 347
1329.1338582677165 3240.9448818897636 519.6850393700787 100.78740157480316 Falaises
1719.6850393700788 3240.9448818897636 259.84251968503935 100.78740157480316 de
1848.8188976377953 3240.9448818897636 563.7795275590552 100.78740157480316 Donville,
2281.8897637795276 3240.9448818897636 346.45669291338584 100.78740157480316 près
2455.1181102362207 3240.9448818897636 477.1653543307087 100.78740157480316 Granville

1223.6220472440946 3363.779527559055 448.81889763779526 94.48818897637796 (Manche)

573.2283464566929 3661.417322834646 272.4409448818898 96.06299212598425 DE
710.2362204724409 3661.417322834646 497.6377952755906 96.06299212598425 LAUNAY,
1072.4409448818897 3661.417322834646 543.3070866141733 96.06299212598425 Auguste,
1480.3149606299212 3661.417322834646 272.4409448818898 96.06299212598425 né
1615.748031496063 3661.417322834646 226.77165354330708 96.06299212598425 à
1705.5118110236222 3661.417322834646 453.54330708661416 96.06299212598425 Paris.
2023.6220472440946 3661.417322834646 226.77165354330708 96.06299212598425 —
2113.3858267716537 3661.417322834646 316.53543307086613 96.06299212598425 70,
2294.488188976378 3661.417322834646 316.53543307086613 96.06299212598425 rue
2431.496062992126 3661.417322834646 497.6377952755906 96.06299212598425 Daguerre.

858.2677165354331 3820.472440944882 557.4803149606299 97.63779527559055 348
1296.0629921259842 3820.472440944882 357.4803149606299 97.63779527559055 Plage
1494.4881889763778 3820.472440944882 437.79527559055117 97.63779527559055 normande.

563.7795275590552 4132.283464566929 677.1653543307086 88.18897637795276 DELAURIER,
1096.0629921259842 4132.283464566929 966.9291338582677 88.18897637795276 Albert-Melchior,
1918.1102362204724 4132.283464566929 289.76377952755905 88.18897637795276 né
2062.9921259842517 4132.283464566929 240.9448818897638 88.18897637795276 à
2110.236220472441 4132.283464566929 822.0472440944882 88.18897637795276 Gournay

696.0629921259842 4244.094488188976 954.3307086614174 89.76377952755905 (Seine-Inférieure).
1524.4094488188975 4244.094488188976 207.8740157480315 89.76377952755905 —
1607.8740157480315 4244.094488188976 538.5826771653543 89.76377952755905 Chevagnes
1981.1023622047244 4244.094488188976 456.6929133858268 89.76377952755905 (Allier).

850.3937007874016 4393.700787401574 529.1338582677165 99.21259842519684 349
1266.1417322834645 4393.700787401574 340.15748031496065 99.21259842519684 Avant
1492.9133858267717 4393.700787401574 226.77165354330708 99.21259842519684 la
1568.5039370078741 4393.700787401574 415.748031496063 99.21259842519684 Fantasia.
