3559.0551181102364 5146.456692913386
1694.4881889763778 588.9763779527559 214.17322834645668 94.48818897637796 27

618.8976377952756 777.9527559055118 524.4094488188977 85.03937007874016 DUFFAU,
1000.0 777.9527559055118 524.4094488188977 85.03937007874016 Pierre,
1381.1023622047244 777.9527559055118 285.03937007874015 85.03937007874016 né
1522.8346456692914 777.9527559055118 237.79527559055117 85.03937007874016 à
1618.8976377952756 777.9527559055118 1096.0629921259842 85.03937007874016 Villeneuve-sur-Lot.
2571.6535433070867 777.9527559055118 237.79527559055117 85.03937007874016 —
2618.8976377952754 777.9527559055118 381.1023622047244 85.03937007874016 Castel

737.007874015748 889.7637795275591 453.54330708661416 86.61417322834646 Farèse,
1025.1968503937007 889.7637795275591 867.7165354330708 86.61417322834646 Villeneuve

924.4094488188977 1064.5669291338584 464.56692913385825 85.03937007874016 381
1255.1181102362204 1064.5669291338584 365.3543307086614 85.03937007874016 Portrait.

935.4330708661417 1174.8031496062993 514.9606299212599 88.18897637795276 382
1338.5826771653544 1174.8031496062993 366.92913385826773 88.18897637795276 Buveur
1596.8503937007874 1174.8031496062993 220.4724409448819 88.18897637795276 de
1669.291338582677 1174.8031496062993 294.48818897637796 88.18897637795276 bière.

618.8976377952756 1489.763779527559 496.06299212598424 86.61417322834646 DUFOUR,
981.1023622047244 1489.763779527559 451.9685039370079 86.61417322834646 Eljis,
1296.0629921259842 1489.763779527559 270.86614173228344 86.61417322834646 né
1431.4960629921259 1489.763779527559 225.1968503937008 86.61417322834646 à
1522.8346456692914 1489.763779527559 858.2677165354331 86.61417322834646 Mussy-sur-Seine
2200.0 1489.763779527559 406.2992125984252 86.61417322834646 (Aube).

930.7086614173228 1648.8188976377953 596.8503937007874 85.03937007874016 383
1400.0 1648.8188976377953 469.29133858267716 85.03937007874016 Taureau
1740.1574803149606 1648.8188976377953 469.29133858267716 85.03937007874016 furieux
2081.8897637795276 1648.8188976377953 341.73228346456693 85.03937007874016 dans
2294.488188976378 1648.8188976377953 297.6377952755906 85.03937007874016 les
2464.566929133858 1648.8188976377953 511.81102362204723 85.03937007874016 prairies
2806.299212598425 1648.8188976377953 170.07874015748033 85.03937007874016 du

1348.0314960629921 1748.0314960629921 415.748031496063 89.76377952755905 Perche
1596.8503937007874 1748.0314960629921 373.2283464566929 89.76377952755905 (Orne).

933.8582677165355 1870.8661417322835 604.7244094488188 86.61417322834646 384
1407.8740157480315 1870.8661417322835 258.26771653543307 86.61417322834646 Le
1537.007874015748 1870.8661417322835 388.9763779527559 86.61417322834646 soir,
1796.8503937007874 1870.8661417322835 431.496062992126 86.61417322834646 départ
2099.212598425197 1870.8661417322835 258.26771653543307 86.61417322834646 du
2228.3464566929133 1870.8661417322835 518.1102362204724 86.61417322834646 troupeau
2573.228346456693 1870.8661417322835 431.496062992126 86.61417322834646 (vaches)

1354.3307086614172 1976.3779527559054 466.1417322834646 85.03937007874016 prairies
1703.9370078740158 1976.3779527559054 233.0708661417323 85.03937007874016 du
1782.6771653543308 1976.3779527559054 310.23622047244095 85.03937007874016 Berri.

918.1102362204724 2092.9133858267714 611.0236220472441 85.03937007874016 385
1398.4251968503936 2092.9133858267714 436.2204724409449 85.03937007874016 Vaches
1703.9370078740158 2092.9133858267714 349.6062992125984 85.03937007874016 dans
1922.8346456692914 2092.9133858267714 261.4173228346457 85.03937007874016 la
2053.5433070866143 2092.9133858267714 480.31496062992125 85.03937007874016 prairie
2403.149606299213 2092.9133858267714 261.4173228346457 85.03937007874016 du
2533.8582677165355 2092.9133858267714 436.2204724409449 85.03937007874016 Moulin
2795.2755905511813 2092.9133858267714 218.89763779527559 85.03937007874016 des

1329.1338582677165 2200.0 357.4803149606299 83.46456692913385 Filles
1544.8818897637796 2200.0 357.4803149606299 83.46456692913385 (Berri).

938.5826771653543 2313.3858267716537 592.1259842519685 96.06299212598425 386
1403.1496062992126 2313.3858267716537 507.0866141732283 96.06299212598425 Troupeau
1784.251968503937 2313.3858267716537 253.54330708661416 96.06299212598425 de
1910.236220472441 2313.3858267716537 422.0472440944882 96.06299212598425 vaches
2206.299212598425 2313.3858267716537 592.1259842519685 96.06299212598425 traversant
2629.9212598425197 2313.3858267716537 381.1023622047244 96.06299212598425 l’étang

1332.283464566929 2422.047244094488 247.24409448818898 86.61417322834646 de
1455.1181102362204 2422.047244094488 574.8031496062993 86.61417322834646 Villeneuve
1866.1417322834645 2422.047244094488 411.0236220472441 86.61417322834646 (Berri).

927.5590551181102 2530.7086614173227 582.6771653543307 97.63779527559055 387
1384.251968503937 2530.7086614173227 250.39370078740157 97.63779527559055 La
1510.236220472441 2530.7086614173227 458.26771653543307 97.63779527559055 Bergère
1842.5196850393702 2530.7086614173227 250.39370078740157 97.63779527559055 de
1968.5039370078741 2530.7086614173227 250.39370078740157 97.63779527559055 la
2092.9133858267714 2530.7086614173227 374.8031496062992 97.63779527559055 ferme
2343.3070866141734 2530.7086614173227 291.33858267716533 97.63779527559055 des
2467.716535433071 2530.7086614173227 541.7322834645669 97.63779527559055 Ménardières

1296.0629921259842 2642.51968503937 475.59055118110234 85.03937007874016 (Sologne)

937.007874015748 2755.9055118110236 560.6299212598425 89.76377952755905 388
1376.3779527559054 2755.9055118110236 400.0 89.76377952755905 Pacage
1656.6929133858268 2755.9055118110236 240.9448818897638 89.76377952755905 de
1777.9527559055118 2755.9055118110236 440.9448818897638 89.76377952755905 Sologne
2097.6377952755906 2755.9055118110236 240.9448818897638 89.76377952755905 au
2218.8976377952754 2755.9055118110236 440.9448818897638 89.76377952755905 coucher
2538.582677165354 2755.9055118110236 240.9448818897638 89.76377952755905 du
2618.8976377952754 2755.9055118110236 360.62992125984255 89.76377952755905 soleil.

949.6062992125984 2869.2913385826773 518.1102362204724 86.61417322834646 389
1357.4803149606298 2869.2913385826773 259.84251968503935 86.61417322834646 Les
1505.5118110236222 2869.2913385826773 296.06299212598424 86.61417322834646 feux
1691.3385826771653 2869.2913385826773 444.09448818897636 86.61417322834646 follets.
1987.4015748031495 2869.2913385826773 444.09448818897636 86.61417322834646 (Béranger.

1741.732283464567 3108.6614173228345 203.1496062992126 72.44094488188976 Un
1842.5196850393702 3108.6614173228345 303.93700787401576 72.44094488188976 soir,
2045.6692913385828 3108.6614173228345 338.5826771653543 72.44094488188976 javais
2281.8897637795276 3108.6614173228345 303.93700787401576 72.44094488188976 douze
2485.0393700787404 3108.6614173228345 236.2204724409449 72.44094488188976 ans
2620.472440944882 3108.6614173228345 168.50393700787401 72.44094488188976 à
2653.5433070866143 3108.6614173228345 270.86614173228344 72.44094488188976 peine,

1751.1811023622047 3198.4251968503936 343.3070866141732 70.86614173228347 Egaré,
1992.1259842519685 3198.4251968503936 376.37795275590554 70.86614173228347 couvert
2266.1417322834645 3198.4251968503936 206.29921259842519 70.86614173228347 de
2333.8582677165355 3198.4251968503936 274.01574803149606 70.86614173228347 sueur,

1762.2047244094488 3288.1889763779527 196.8503937007874 67.71653543307086 Je
1861.4173228346456 3288.1889763779527 261.4173228346457 67.71653543307086 vois
2023.6220472440946 3288.1889763779527 196.8503937007874 67.71653543307086 de
2122.834645669291 3288.1889763779527 261.4173228346457 67.71653543307086 loin
2285.0393700787404 3288.1889763779527 294.48818897637796 67.71653543307086 cette
2448.818897637795 3288.1889763779527 261.4173228346457 67.71653543307086 lueur.

1774.8031496062993 3373.228346456693 313.38582677165357 72.44094488188976 C’est
1984.251968503937 3373.228346456693 209.4488188976378 72.44094488188976 la
2088.1889763779527 3373.228346456693 313.38582677165357 72.44094488188976 lampe
2296.0629921259842 3373.228346456693 209.4488188976378 72.44094488188976 de
2401.5748031496064 3373.228346456693 209.4488188976378 72.44094488188976 ma
2470.8661417322833 3373.228346456693 348.0314960629921 72.44094488188976 marraine

1768.5039370078741 3467.716535433071 275.59055118110234 67.71653543307086 Chez
1940.1574803149606 3467.716535433071 275.59055118110234 67.71653543307086 elle
2113.3858267716537 3467.716535433071 206.29921259842519 67.71653543307086 un
2215.748031496063 3467.716535433071 344.88188976377955 67.71653543307086 gâteau
2423.6220472440946 3467.716535433071 447.244094488189 67.71653543307086 m’attendant

1777.9527559055118 3554.3307086614172 190.5511811023622 69.29133858267717 Je
1872.4409448818897 3554.3307086614172 316.53543307086613 69.29133858267717 cours,
2094.488188976378 3554.3307086614172 190.5511811023622 69.29133858267717 je
2190.551181102362 3554.3307086614172 316.53543307086613 69.29133858267717 cours,
2411.0236220472443 3554.3307086614172 285.03937007874015 69.29133858267717 l’âme
2570.0787401574803 3554.3307086614172 222.04724409448818 69.29133858267717 ravie

1776.3779527559054 3640.9448818897636 214.17322834645668 72.44094488188976 Un
1883.4645669291338 3640.9448818897636 355.90551181102364 72.44094488188976 berger
2132.283464566929 3640.9448818897636 214.17322834645668 72.44094488188976 me
2239.3700787401576 3640.9448818897636 285.03937007874015 72.44094488188976 crie
2381.1023622047246 3640.9448818897636 392.12598425196853 72.44094488188976 imprudent

1776.3779527559054 3730.7086614173227 198.4251968503937 69.29133858267717 La
1875.5905511811025 3730.7086614173227 363.7795275590551 69.29133858267717 lumière
2140.1574803149606 3730.7086614173227 231.49606299212599 69.29133858267717 par
2272.4409448818897 3730.7086614173227 231.49606299212599 69.29133858267717 toi
2371.6535433070867 3730.7086614173227 264.56692913385825 69.29133858267717 suivie

1774.8031496062993 3822.047244094488 355.90551181102364 66.14173228346456 Eclaire
2034.6456692913387 3822.047244094488 193.70078740157481 66.14173228346456 un
2132.283464566929 3822.047244094488 226.77165354330708 66.14173228346456 bal
2261.417322834646 3822.047244094488 193.70078740157481 66.14173228346456 de
2325.984251968504 3822.047244094488 388.9763779527559 66.14173228346456 trépassés.

1770.0787401574803 3911.8110236220473 310.23622047244095 67.71653543307086 Ainsi
1977.9527559055118 3911.8110236220473 344.88188976377955 67.71653543307086 devait
2218.8976377952754 3911.8110236220473 344.88188976377955 67.71653543307086 s’user
2461.417322834646 3911.8110236220473 207.8740157480315 67.71653543307086 ma
2529.1338582677167 3911.8110236220473 173.22834645669292 67.71653543307086 vie

1779.5275590551182 4001.5748031496064 360.62992125984255 72.44094488188976 Follets
2042.5196850393702 4001.5748031496064 360.62992125984255 72.44094488188976 dansez,
2303.9370078740158 4001.5748031496064 360.62992125984255 72.44094488188976 dansez,
2533.8582677165355 4001.5748031496064 294.48818897637796 72.44094488188976 dansez.

932.2834645669292 4253.543307086614 581.1023622047244 89.76377952755905 390
1388.976377952756 4253.543307086614 499.21259842519686 89.76377952755905 Troupeau
1762.2047244094488 4253.543307086614 248.8188976377953 89.76377952755905 de
1888.1889763779527 4253.543307086614 456.6929133858268 89.76377952755905 moutons
2220.472440944882 4253.543307086614 499.21259842519686 89.76377952755905 rentrant
2593.700787401575 4253.543307086614 207.8740157480315 89.76377952755905 à
2677.165354330709 4253.543307086614 248.8188976377953 89.76377952755905 la
2760.6299212598424 4253.543307086614 248.8188976377953 89.76377952755905 Ber-

1360.6299212598426 4366.929133858268 418.8976377952756 85.03937007874016 gerie.
1655.1181102362204 4366.929133858268 418.8976377952756 85.03937007874016 Dessin
1948.0314960629921 4366.929133858268 209.4488188976378 85.03937007874016 à
2031.4960629921259 4366.929133858268 251.96850393700788 85.03937007874016 la
2114.9606299212596 4366.929133858268 335.43307086614175 85.03937007874016 plume.

932.2834645669292 4481.889763779527 565.3543307086615 88.18897637795276 391
1377.9527559055118 4481.889763779527 444.09448818897636 88.18897637795276 Moutons
1700.7874015748032 4481.889763779527 444.09448818897636 88.18897637795276 égarés.
2023.6220472440946 4481.889763779527 404.7244094488189 88.18897637795276 Dessin
2307.0866141732286 4481.889763779527 201.5748031496063 88.18897637795276 à
2387.4015748031497 4481.889763779527 242.51968503937007 88.18897637795276 la
2469.2913385826773 4481.889763779527 322.8346456692913 88.18897637795276 plume.
