3483.464566929134 5089.763779527559
1633.0708661417323 384.251968503937 214.17322834645668 91.33858267716535 —
1718.1102362204724 384.251968503937 299.21259842519686 91.33858267716535 35.
1847.244094488189 384.251968503937 127.55905511811024 91.33858267716535 —

644.0944881889764 576.3779527559055 459.84251968503935 88.18897637795276 GODIN,
965.3543307086615 576.3779527559055 412.59842519685037 88.18897637795276 Remi,
1240.9448818897638 576.3779527559055 275.59055118110234 88.18897637795276 né
1377.9527559055118 576.3779527559055 229.92125984251967 88.18897637795276 à
1470.8661417322835 576.3779527559055 412.59842519685037 88.18897637795276 Reims
1746.4566929133857 576.3779527559055 551.1811023622047 88.18897637795276 (Marne).
2159.0551181102364 576.3779527559055 229.92125984251967 88.18897637795276 —
2250.3937007874015 576.3779527559055 275.59055118110234 88.18897637795276 6,
2388.9763779527557 576.3779527559055 412.59842519685037 88.18897637795276 villa
2618.8976377952754 576.3779527559055 366.92913385826773 88.18897637795276 Petit,

686.6141732283464 689.7637795275591 503.93700787401576 83.46456692913385 Nanterre.

930.7086614173228 842.5196850393701 574.8031496062993 86.61417322834646 535
1382.6771653543308 842.5196850393701 533.8582677165355 86.61417322834646 Carrières
1793.7007874015749 842.5196850393701 247.24409448818898 86.61417322834646 de
1916.5354330708662 842.5196850393701 492.9133858267717 86.61417322834646 Nanterre
2286.6141732283463 842.5196850393701 247.24409448818898 86.61417322834646 et
2411.0236220472443 842.5196850393701 288.18897637795277 86.61417322834646 des
2533.8582677165355 842.5196850393701 451.9685039370079 86.61417322834646 environs-

937.007874015748 955.9055118110236 541.7322834645669 89.76377952755905 536
1362.2047244094488 955.9055118110236 308.66141732283467 89.76377952755905 Dans
1555.9055118110236 955.9055118110236 270.86614173228344 89.76377952755905 les
1710.236220472441 955.9055118110236 502.3622047244094 89.76377952755905 carrières
2097.6377952755906 955.9055118110236 193.70078740157481 89.76377952755905 à
2135.433070866142 955.9055118110236 425.1968503937008 89.76377952755905 Nanterre.

644.0944881889764 1195.275590551181 677.1653543307086 86.61417322834646 GONDREXON,
1176.3779527559054 1195.275590551181 434.6456692913386 86.61417322834646 Paul,
1466.1417322834645 1195.275590551181 289.76377952755905 86.61417322834646 né
1611.023622047244 1195.275590551181 240.9448818897638 86.61417322834646 à
1707.0866141732283 1195.275590551181 773.2283464566929 86.61417322834646 Charleville.
2335.433070866142 1195.275590551181 240.9448818897638 86.61417322834646 —
2433.0708661417325 1195.275590551181 338.5826771653543 86.61417322834646 10,
2626.771653543307 1195.275590551181 338.5826771653543 86.61417322834646 rue
2771.6535433070867 1195.275590551181 240.9448818897638 86.61417322834646 des

697.6377952755905 1308.6614173228347 382.6771653543307 86.61417322834646 Ecoles.

932.2834645669292 1467.716535433071 510.23622047244095 78.74015748031496 537
1333.8582677165355 1467.716535433071 218.89763779527559 78.74015748031496 Un
1406.2992125984251 1467.716535433071 401.5748031496063 78.74015748031496 Accident.

911.8110236220473 1570.0787401574803 554.3307086614174 88.18897637795276 *538
1354.3307086614172 1570.0787401574803 222.04724409448818 88.18897637795276 Un
1428.3464566929133 1570.0787401574803 332.2834645669291 88.18897637795276 Limeur.

913.3858267716536 1669.291338582677 590.5511811023622 92.91338582677166 *539
1385.8267716535433 1669.291338582677 472.4409448818898 92.91338582677166 Premiers
1738.5826771653544 1669.291338582677 433.07086614173227 92.91338582677166 Rayons.
2014.1732283464567 1669.291338582677 393.7007874015748 92.91338582677166 Paysage.

913.3858267716536 1781.1023622047244 543.3070866141733 89.76377952755905 *540
1348.0314960629921 1781.1023622047244 470.86614173228344 89.76377952755905 Solitude.
1674.015748031496 1781.1023622047244 362.20472440944883 89.76377952755905 Paysage.

905.511811023622 1888.1889763779527 562.2047244094488 99.21259842519684 *541
1355.9055118110236 1888.1889763779527 337.00787401574803 99.21259842519684 Matin
1581.1023622047244 1888.1889763779527 225.1968503937008 99.21259842519684 de
1694.4881889763778 1888.1889763779527 337.00787401574803 99.21259842519684 juin.
1881.8897637795276 1888.1889763779527 374.8031496062992 99.21259842519684 Paysage.

891.3385826771654 2000.0 579.5275590551181 96.06299212598425 *542
1354.3307086614172 2000.0 308.66141732283467 96.06299212598425 Sous
1546.4566929133857 2000.0 348.0314960629921 96.06299212598425 Bois.
1740.1574803149606 2000.0 348.0314960629921 96.06299212598425 Paysage

914.9606299212599 2110.236220472441 559.0551181102362 100.78740157480316 *543
1362.2047244094488 2110.236220472441 297.6377952755906 100.78740157480316 Sous
1548.0314960629921 2110.236220472441 335.43307086614175 100.78740157480316 Bois.
1735.4330708661416 2110.236220472441 371.65354330708664 100.78740157480316 Paysage.

625.1968503937007 2368.503937007874 543.3070866141733 86.61417322834646 GORLIN,
1020.4724409448819 2368.503937007874 543.3070866141733 86.61417322834646 Eugène,
1415.748031496063 2368.503937007874 296.06299212598424 86.61417322834646 né
1563.7795275590552 2368.503937007874 247.24409448818898 86.61417322834646 à
1662.992125984252 2368.503937007874 593.7007874015748 86.61417322834646 Clermont
2108.6614173228345 2368.503937007874 543.3070866141733 86.61417322834646 (Oise).
2503.9370078740158 2368.503937007874 247.24409448818898 86.61417322834646 —
2603.149606299213 2368.503937007874 346.45669291338584 86.61417322834646 32,
2751.181102362205 2368.503937007874 247.24409448818898 86.61417322834646 rue

725.9842519685039 2481.8897637795276 308.66141732283467 86.61417322834646 des
902.3622047244095 2481.8897637795276 927.5590551181102 86.61417322834646 Francs-Bourgeois,
1653.5433070866143 2481.8897637795276 352.755905511811 86.61417322834646 Paris.

908.6614173228346 2633.0708661417325 579.5275590551181 91.33858267716535 544
1363.7795275590552 2633.0708661417325 289.76377952755905 91.33858267716535 Vue
1529.1338582677165 2633.0708661417325 248.8188976377953 91.33858267716535 du
1612.5984251968505 2633.0708661417325 579.5275590551181 91.33858267716535 Puy

918.1102362204724 2746.4566929133857 554.3307086614174 91.33858267716535 545
1354.3307086614172 2746.4566929133857 277.1653543307087 91.33858267716535 Vue
1511.8110236220473 2746.4566929133857 277.1653543307087 91.33858267716535 des
1670.8661417322835 2746.4566929133857 396.8503937007874 91.33858267716535 ruines
1948.0314960629921 2746.4566929133857 237.79527559055117 91.33858267716535 de
2028.3464566929133 2746.4566929133857 554.3307086614174 91.33858267716535 Pierrefonds.

623.6220472440945 3007.8740157480315 555.9055118110236 89.76377952755905 GOUBOT,
1026.7716535433071 3007.8740157480315 555.9055118110236 89.76377952755905 Claude,
1431.4960629921259 3007.8740157480315 302.3622047244094 89.76377952755905 né
1582.6771653543308 3007.8740157480315 251.96850393700788 89.76377952755905 à
1683.4645669291338 3007.8740157480315 505.51181102362204 89.76377952755905 Paris.
1987.4015748031495 3007.8740157480315 151.1811023622047 89.76377952755905 —

2124.4094488188975 3007.8740157480315 280.31496062992125 94.48818897637796 6,
2264.566929133858 3007.8740157480315 327.5590551181102 94.48818897637796 rue
2451.968503937008 3007.8740157480315 280.31496062992125 94.48818897637796 de
2544.8818897637793 3007.8740157480315 420.4724409448819 94.48818897637796 Latour

680.3149606299213 3119.685039370079 581.1023622047244 86.61417322834646 d’Auvergne.

889.7637795275591 3275.5905511811025 604.7244094488188 91.33858267716535 *546
1373.2283464566929 3275.5905511811025 240.9448818897638 91.33858267716535 Le
1494.4881889763778 3275.5905511811025 483.46456692913387 91.33858267716535 Méridien
1856.6929133858268 3275.5905511811025 240.9448818897638 91.33858267716535 de
1977.9527559055118 3275.5905511811025 403.1496062992126 91.33858267716535 France
2259.8425196850394 3275.5905511811025 322.8346456692913 91.33858267716535 (les
2461.417322834646 3275.5905511811025 522.8346456692914 91.33858267716535 pyramides
2823.6220472440946 3275.5905511811025 160.62992125984252 91.33858267716535 de

1311.8110236220473 3390.551181102362 297.6377952755906 88.18897637795276 son
1481.8897637795276 3390.551181102362 467.7165354330709 88.18897637795276 passage
1822.0472440944882 3390.551181102362 212.5984251968504 88.18897637795276 à
1864.5669291338584 3390.551181102362 382.6771653543307 88.18897637795276 Paris).

881.8897637795276 3485.0393700787404 573.2283464566929 102.36220472440945 *547
1340.1574803149606 3485.0393700787404 497.6377952755906 102.36220472440945 Steamers.
1722.8346456692914 3485.0393700787404 190.5511811023622 102.36220472440945 6
1760.6299212598426 3485.0393700787404 344.88188976377955 102.36220472440945 études.

880.3149606299213 3598.4251968503936 584.2519685039371 97.63779527559055 *548
1348.0314960629921 3598.4251968503936 388.9763779527559 97.63779527559055 Dieppe
1620.4724409448818 3598.4251968503936 894.488188976378 97.63779527559055 (Seine-Inférieure),
2398.4251968503936 3598.4251968503936 195.2755905511811 97.63779527559055 3
2437.7952755905512 3598.4251968503936 349.6062992125984 97.63779527559055 études.

900.7874015748032 3714.9606299212596 588.9763779527559 96.06299212598425 *549
1371.6535433070867 3714.9606299212596 274.01574803149606 96.06299212598425 Les
1529.1338582677165 3714.9606299212596 392.12598425196853 96.06299212598425 Filets
1803.1496062992126 3714.9606299212596 470.86614173228344 96.06299212598425 (Dieppe,
2155.9055118110236 3714.9606299212596 862.992125984252 96.06299212598425 Seine-Inférieure),
2861.417322834646 3714.9606299212596 118.11023622047244 96.06299212598425 à

1314.9606299212599 3834.6456692913384 398.4251968503937 85.03937007874016 marée
1535.4330708661416 3834.6456692913384 354.3307086614173 85.03937007874016 basse.

889.7637795275591 3951.181102362205 566.9291338582677 86.61417322834646 550
1335.4330708661416 3951.181102362205 363.7795275590551 86.61417322834646 Seize
1579.5275590551182 3951.181102362205 404.7244094488189 86.61417322834646 francs
1862.992125984252 3951.181102362205 486.61417322834643 86.61417322834646 d’amende
2226.771653543307 3951.181102362205 242.51968503937007 86.61417322834646 et
2348.031496062992 3951.181102362205 283.46456692913387 86.61417322834646 les
2510.236220472441 3951.181102362205 404.7244094488189 86.61417322834646 frais.
2752.755905511811 3951.181102362205 203.1496062992126 86.61417322834646 Ap-

1300.7874015748032 4061.417322834646 524.4094488188977 81.88976377952756 partient
1694.4881889763778 4061.417322834646 218.89763779527559 81.88976377952756 à
1781.1023622047244 4061.417322834646 305.51181102362204 81.88976377952756 Mme
1911.8110236220473 4061.417322834646 349.6062992125984 81.88976377952756 Chéry.

877.1653543307086 4170.078740157481 648.8188976377953 88.18897637795276 *551
1395.275590551181 4170.078740157481 259.84251968503935 88.18897637795276 Le
1524.4094488188975 4170.078740157481 518.1102362204724 88.18897637795276 courrier
1913.3858267716535 4170.078740157481 302.3622047244094 88.18897637795276 des
2086.6141732283463 4170.078740157481 388.9763779527559 88.18897637795276 Indes
2302.3622047244094 4170.078740157481 648.8188976377953 88.18897637795276 Néerlandaises

1307.0866141732283 4281.889763779527 474.01574803149606 89.76377952755905 entrant
1651.9685039370079 4281.889763779527 344.88188976377955 89.76377952755905 dans
1866.1417322834645 4281.889763779527 258.26771653543307 89.76377952755905 le
1952.755905511811 4281.889763779527 560.6299212598425 89.76377952755905 Zuyder
