3609.448818897638 5102.36220472441
1502.3622047244094 357.4803149606299 236.2204724409449 91.33858267716535 —
1596.8503937007874 357.4803149606299 283.46456692913387 91.33858267716535 36

770.0787401574803 546.4566929133858 634.6456692913385 81.88976377952756 *552
1278.740157480315 546.4566929133858 253.54330708661416 81.88976377952756 Le
1404.724409448819 546.4566929133858 549.6062992125984 81.88976377952756 lendemain
1828.3464566929133 546.4566929133858 253.54330708661416 81.88976377952756 de
1955.9055118110236 546.4566929133858 253.54330708661416 81.88976377952756 la
2081.8897637795276 546.4566929133858 508.66141732283467 81.88976377952756 tempête.
2420.472440944882 546.4566929133858 423.62204724409446 81.88976377952756 Souvenir

1163.7795275590552 656.6929133858267 277.1653543307087 89.76377952755905 du
1302.3622047244094 656.6929133858267 277.1653543307087 89.76377952755905 12
1439.3700787401574 656.6929133858267 554.3307086614174 89.76377952755905 novembre
1855.1181102362204 656.6929133858267 415.748031496063 89.76377952755905 1891,
2132.283464566929 656.6929133858267 231.49606299212599 89.76377952755905 à
2177.952755905512 656.6929133858267 415.748031496063 89.76377952755905 Dieppe.

774.8031496062993 768.503937007874 546.4566929133858 83.46456692913385 *553
1212.5984251968505 768.503937007874 218.89763779527559 83.46456692913385 La
1321.259842519685 768.503937007874 365.3543307086614 83.46456692913385 Balise
1576.3779527559054 768.503937007874 765.3543307086615 83.46456692913385 Richelieu
2233.0708661417325 768.503937007874 365.3543307086614 83.46456692913385 Entrée
2488.1889763779527 768.503937007874 218.89763779527559 83.46456692913385 de
2598.4251968503936 768.503937007874 218.89763779527559 83.46456692913385 La
2670.8661417322833 768.503937007874 182.6771653543307 83.46456692913385 Ro-

1190.5511811023623 878.7401574803149 412.59842519685037 89.76377952755905 chelle
1437.7952755905512 878.7401574803149 988.9763779527559 89.76377952755905 (Charente

510.23622047244095 1096.0629921259842 574.8031496062993 88.18897637795276 GREMAIN,
940.1574803149606 1096.0629921259842 861.4173228346457 88.18897637795276 Alexis-Désiré,
1658.267716535433 1096.0629921259842 286.61417322834643 88.18897637795276 né
1801.5748031496064 1096.0629921259842 239.37007874015748 88.18897637795276 à
1848.8188976377953 1096.0629921259842 1004.7244094488188 88.18897637795276 Rosendaël

618.8976377952756 1211.023622047244 448.81889763779526 85.03937007874016 (Nord).
944.8818897637796 1211.023622047244 204.7244094488189 85.03937007874016 —
1026.7716535433071 1211.023622047244 244.09448818897638 85.03937007874016 8,
1149.6062992125985 1211.023622047244 366.92913385826773 85.03937007874016 villa
1393.7007874015749 1211.023622047244 651.9685039370079 85.03937007874016 Michel-Ange,
1883.4645669291338 1211.023622047244 407.87401574803147 85.03937007874016 Auteuil.

776.3779527559055 1344.8818897637796 563.7795275590552 83.46456692913385 554
1220.4724409448818 1344.8818897637796 242.51968503937007 83.46456692913385 En
1300.7874015748032 1344.8818897637796 483.46456692913387 83.46456692913385 Normandie.

776.3779527559055 1448.8188976377953 529.1338582677165 86.61417322834646 *555
1198.4251968503936 1448.8188976377953 316.53543307086613 86.61417322834646 Etude
1374.8031496062993 1448.8188976377953 352.755905511811 86.61417322834646 d'hiver.

795.2755905511812 1562.2047244094488 505.51181102362204 89.76377952755905 556
1193.7007874015749 1562.2047244094488 181.10236220472441 89.76377952755905 A
1228.3464566929133 1562.2047244094488 325.98425196850394 89.76377952755905 Chatou.

792.1259842519685 1675.5905511811025 492.9133858267717 92.91338582677166 557
1171.6535433070867 1675.5905511811025 226.77165354330708 92.91338582677166 Au
1247.244094488189 1675.5905511811025 264.56692913385825 92.91338582677166 bois.

787.4015748031496 1790.5511811023623 489.76377952755905 80.31496062992126 *558
1146.4566929133857 1790.5511811023623 261.4173228346457 80.31496062992126 Etude.

795.2755905511812 1892.9133858267717 538.5826771653543 92.91338582677166 559
1209.4488188976377 1892.9133858267717 373.2283464566929 92.91338582677166 Etude
1456.6929133858268 1892.9133858267717 206.29921259842519 92.91338582677166 à
1499.2125984251968 1892.9133858267717 620.4724409448819 92.91338582677166 Pecquencourt.

811.0236220472441 2011.023622047244 560.6299212598425 92.91338582677166 560
1250.3937007874015 2011.023622047244 319.68503937007875 92.91338582677166 Dans
1450.3937007874015 2011.023622047244 280.31496062992125 92.91338582677166 les
1611.023622047244 2011.023622047244 440.9448818897638 92.91338582677166 champs.
1891.3385826771653 2011.023622047244 319.68503937007875 92.91338582677166 Etude,

776.3779527559055 2119.685039370079 587.4015748031496 94.48818897637796 *561
1245.6692913385828 2119.685039370079 313.38582677165357 94.48818897637796 Deux
1442.5196850393702 2119.685039370079 429.9212598425197 94.48818897637796 études.
1716.5354330708662 2119.685039370079 469.29133858267716 94.48818897637796 Aquarelle.

524.4094488188977 2348.031496062992 708.6614173228346 94.48818897637796 GREILSAMER,
1091.3385826771653 2348.031496062992 614.1732283464567 94.48818897637796 Alphonse,
1563.7795275590552 2348.031496062992 283.46456692913387 94.48818897637796 né
1703.9370078740158 2348.031496062992 236.2204724409449 94.48818897637796 à
1798.4251968503936 2348.031496062992 661.4173228346457 94.48818897637796 St-Etienne
2270.8661417322833 2348.031496062992 472.4409448818898 94.48818897637796 (Loire).

609.4488188976378 2462.9921259842517 281.8897637795276 86.61417322834646 23,
771.6535433070866 2462.9921259842517 281.8897637795276 86.61417322834646 rue
932.2834645669292 2462.9921259842517 483.46456692913387 86.61417322834646 Clauzel,
1253.5433070866143 2462.9921259842517 322.8346456692913 86.61417322834646 Paris.

771.6535433070866 2596.850393700787 596.8503937007874 85.03937007874016 *562
1248.8188976377953 2596.850393700787 237.79527559055117 85.03937007874016 La
1366.9291338582677 2596.850393700787 396.8503937007874 85.03937007874016 Marne,
1645.6692913385828 2596.850393700787 198.4251968503937 85.03937007874016 à
1725.984251968504 2596.850393700787 396.8503937007874 85.03937007874016 Lagny.
1963.7795275590552 2596.850393700787 318.1102362204724 85.03937007874016 Matin.

800.0 2711.8110236220473 559.0551181102362 80.31496062992126 563
1239.3700787401574 2711.8110236220473 280.31496062992125 80.31496062992126 Sur
1398.4251968503936 2711.8110236220473 239.37007874015748 80.31496062992126 la
1518.1102362204724 2711.8110236220473 400.0 80.31496062992126 Berge.
1798.4251968503936 2711.8110236220473 359.0551181102362 80.31496062992126 Temps
1998.4251968503936 2711.8110236220473 439.37007874015745 80.31496062992126 pluvieux.

777.9527559055118 2818.8976377952754 566.9291338582677 88.18897637795276 *564
1231.4960629921259 2818.8976377952754 340.15748031496065 88.18897637795276 Matin
1459.8425196850394 2818.8976377952754 264.56692913385825 88.18897637795276 sur
1611.023622047244 2818.8976377952754 226.77165354330708 88.18897637795276 la
1686.6141732283465 2818.8976377952754 302.3622047244094 88.18897637795276 Marne.

800.0 2930.7086614173227 543.3070866141733 85.03937007874016 565
1228.3464566929133 2930.7086614173227 349.6062992125984 85.03937007874016 Bords
1461.4173228346456 2930.7086614173227 233.0708661417323 85.03937007874016 de
1577.9527559055118 2930.7086614173227 233.0708661417323 85.03937007874016 la
1694.4881889763778 2930.7086614173227 388.9763779527559 85.03937007874016 Marne.
1927.5590551181103 2930.7086614173227 310.23622047244095 85.03937007874016 Matin.

806.2992125984252 3042.51968503937 559.0551181102362 88.18897637795276 566
1245.6692913385828 3042.51968503937 239.37007874015748 88.18897637795276 Au
1365.3543307086613 3042.51968503937 719.6850393700787 88.18897637795276 Mont-Valérien.
1963.7795275590552 3042.51968503937 359.0551181102362 88.18897637795276 Après
2163.779527559055 3042.51968503937 400.0 88.18897637795276 l’orage.

793.7007874015748 3154.3307086614172 571.6535433070866 88.18897637795276 *567
1250.3937007874015 3154.3307086614172 267.7165354330709 88.18897637795276 Sur
1403.1496062992126 3154.3307086614172 228.3464566929134 88.18897637795276 la
1518.1102362204724 3154.3307086614172 381.1023622047244 88.18897637795276 Marne.
1784.251968503937 3154.3307086614172 343.3070866141732 88.18897637795276 Après
2014.1732283464567 3154.3307086614172 228.3464566929134 88.18897637795276 la
2089.763779527559 3154.3307086614172 305.51181102362204 88.18897637795276 pluie.

807.8740157480315 3262.9921259842517 533.8582677165355 89.76377952755905 568
1226.7716535433071 3262.9921259842517 228.3464566929134 89.76377952755905 La
1303.9370078740158 3262.9921259842517 533.8582677165355 89.76377952755905 maisonnette.

532.2834645669292 3450.3937007874015 448.81889763779526 96.06299212598425 GSELL,
845.6692913385826 3450.3937007874015 763.7795275590552 96.06299212598425 Henri-Alfred,
1474.015748031496 3450.3937007874015 269.29133858267716 96.06299212598425 né
1609.4488188976377 3450.3937007874015 269.29133858267716 96.06299212598425 en
1743.3070866141732 3450.3937007874015 494.48818897637796 96.06299212598425 Suisse.
2058.267716535433 3450.3937007874015 135.43307086614172 96.06299212598425 —

2174.803149606299 3447.244094488189 310.23622047244095 100.78740157480316 61,
2351.181102362205 3447.244094488189 310.23622047244095 100.78740157480316 rue
2483.464566929134 3447.244094488189 354.3307086614173 100.78740157480316 Lepic.

823.6220472440945 3588.9763779527557 481.8897637795276 85.03937007874016 569
1203.1496062992126 3588.9763779527557 379.5275590551181 85.03937007874016 Etudes.
1478.740157480315 3588.9763779527557 171.6535433070866 85.03937007874016 4
1513.3858267716535 3588.9763779527557 275.59055118110234 85.03937007874016 têtes.

817.3228346456693 3702.3622047244094 568.503937007874 83.46456692913385 570
1264.5669291338584 3702.3622047244094 406.2992125984252 83.46456692913385 Hiver,
1549.6062992125985 3702.3622047244094 365.3543307086614 83.46456692913385 femme
1793.7007874015749 3702.3622047244094 325.98425196850394 83.46456692913385 près
1955.9055118110236 3702.3622047244094 447.244094488189 83.46456692913385 cheminée.

508.66141732283467 3922.834645669291 623.6220472440945 81.88976377952756 GUÉRARD,
976.3779527559055 3922.834645669291 571.6535433070866 81.88976377952756 Amédée,
1392.1259842519685 3922.834645669291 311.81102362204723 81.88976377952756 né
1548.0314960629921 3922.834645669291 259.84251968503935 81.88976377952756 à
1651.9685039370079 3922.834645669291 415.748031496063 81.88976377952756 Sens
1911.8110236220473 3922.834645669291 623.6220472440945 81.88976377952756 (Yonne).
2379.527559055118 3922.834645669291 259.84251968503935 81.88976377952756 —
2483.464566929134 3922.834645669291 363.7795275590551 81.88976377952756 27,
2639.3700787401576 3922.834645669291 259.84251968503935 81.88976377952756 rue

614.1732283464567 4033.0708661417325 722.8346456692914 83.46456692913385 Caulaincourt,
1166.9291338582677 4033.0708661417325 340.15748031496065 83.46456692913385 Paris.

815.7480314960629 4163.779527559055 563.7795275590552 89.76377952755905 *571
1266.1417322834645 4163.779527559055 225.1968503937008 89.76377952755905 La
1379.5275590551182 4163.779527559055 338.5826771653543 89.76377952755905 leçon
1604.724409448819 4163.779527559055 225.1968503937008 89.76377952755905 de
1678.740157480315 4163.779527559055 338.5826771653543 89.76377952755905 morale.

795.2755905511812 4277.165354330708 544.8818897637796 89.76377952755905 *572
1195.275590551181 4277.165354330708 472.4409448818898 89.76377952755905 Méditation.
