3464.566929133858 5127.55905511811
1770.0787401574803 593.7007874015748 204.7244094488189 91.33858267716535 37

640.9448818897638 779.5275590551181 529.1338582677165 89.76377952755905 GUÉRIN,
1025.1968503937007 779.5275590551181 433.07086614173227 89.76377952755905 René,
1313.3858267716535 779.5275590551181 288.18897637795277 89.76377952755905 né
1456.6929133858268 779.5275590551181 240.9448818897638 89.76377952755905 à
1552.755905511811 779.5275590551181 576.3779527559055 89.76377952755905 Orléans.
1985.8267716535433 779.5275590551181 240.9448818897638 89.76377952755905 —
2081.8897637795276 779.5275590551181 384.251968503937 89.76377952755905 362,
2321.259842519685 779.5275590551181 337.00787401574803 89.76377952755905 rue
2466.1417322834645 779.5275590551181 529.1338582677165 89.76377952755905 Saint-

741.7322834645669 896.0629921259842 365.3543307086614 78.74015748031496 noré.
944.8818897637796 896.0629921259842 324.40944881889766 78.74015748031496 Paris.

943.3070866141733 1064.5669291338584 552.7559055118111 56.69291338582677 573
1377.9527559055118 1064.5669291338584 237.79527559055117 56.69291338582677 Le
1496.0629921259842 1064.5669291338584 395.2755905511811 56.69291338582677 Réveil
1773.2283464566929 1064.5669291338584 355.90551181102364 56.69291338582677 d’une
1970.0787401574803 1064.5669291338584 316.53543307086613 56.69291338582677 Ondine

937.007874015748 1171.6535433070867 489.76377952755905 81.88976377952756 574
1286.6141732283465 1171.6535433070867 384.251968503937 81.88976377952756 Coquette.

655.1181102362204 1444.0944881889764 475.59055118110234 83.46456692913385 GUÉRIN
987.4015748031496 1444.0944881889764 332.2834645669291 83.46456692913385 des
1177.9527559055118 1444.0944881889764 617.3228346456693 83.46456692913385 LONGRAIS,
1653.5433070866143 1444.0944881889764 903.9370078740158 83.46456692913385 Pierre-Charles,
2414.1732283464567 1444.0944881889764 285.03937007874015 83.46456692913385 né
2555.9055118110236 1444.0944881889764 237.79527559055117 83.46456692913385 à
2604.7244094488187 1444.0944881889764 381.1023622047244 83.46456692913385 Vimou-

743.3070866141733 1552.755905511811 404.7244094488189 91.33858267716535 tiers
1014.1732283464567 1552.755905511811 494.48818897637796 91.33858267716535 (Orne).
1373.2283464566929 1552.755905511811 225.1968503937008 91.33858267716535 —
1462.992125984252 1552.755905511811 359.0551181102362 91.33858267716535 174,
1688.1889763779527 1552.755905511811 314.96062992125985 91.33858267716535 rue
1867.716535433071 1552.755905511811 269.29133858267716 91.33858267716535 du
2001.5748031496064 1552.755905511811 538.5826771653543 91.33858267716535 Faubourg
2362.2047244094488 1552.755905511811 628.3464566929134 91.33858267716535 Saint

705.511811023622 1666.1417322834645 332.2834645669291 83.46456692913385 Paris.

929.1338582677165 1822.0472440944882 562.2047244094488 86.61417322834646 *575
1379.5275590551182 1822.0472440944882 337.00787401574803 86.61417322834646 Livre
1603.1496062992126 1822.0472440944882 225.1968503937008 86.61417322834646 X,
1716.5354330708662 1822.0472440944882 448.81889763779526 86.61417322834646 chapitre
2053.5433070866143 1822.0472440944882 299.21259842519686 86.61417322834646 III,
2240.9448818897636 1822.0472440944882 636.2204724409448 86.61417322834646 Notre-Dame
2727.5590551181103 1822.0472440944882 299.21259842519686 86.61417322834646 de

1352.755905511811 1927.5590551181103 492.9133858267717 85.03937007874016 Paris
1754.3307086614172 1927.5590551181103 338.5826771653543 85.03937007874016 (Victor
1970.0787401574803 1927.5590551181103 245.66929133858267 85.03937007874016 Hugo).

918.1102362204724 2040.9448818897638 595.2755905511812 89.76377952755905 *576
1393.7007874015749 2040.9448818897638 357.4803149606299 89.76377952755905 Place
1631.4960629921259 2040.9448818897638 436.2204724409449 89.76377952755905 Clichy,
1948.0314960629921 2040.9448818897638 237.79527559055117 89.76377952755905 de
2067.716535433071 2040.9448818897638 198.4251968503937 89.76377952755905 8
2146.4566929133857 2040.9448818897638 198.4251968503937 89.76377952755905 à
2226.771653543307 2040.9448818897638 198.4251968503937 89.76377952755905 9
2305.511811023622 2040.9448818897638 436.2204724409449 89.76377952755905 heures,
2622.047244094488 2040.9448818897638 237.79527559055117 89.76377952755905 le
2702.3622047244094 2040.9448818897638 316.53543307086613 89.76377952755905 matin.

925.9842519685039 2157.48031496063 647.2440944881889 92.91338582677166 *577
1442.5196850393702 2157.48031496063 302.3622047244094 92.91338582677166 Sur
1615.748031496063 2157.48031496063 258.26771653543307 92.91338582677166 la
1744.8818897637796 2157.48031496063 387.40157480314963 92.91338582677166 route
2003.1496062992126 2157.48031496063 258.26771653543307 92.91338582677166 du
2132.283464566929 2157.48031496063 603.1496062992126 92.91338582677166 pélerinage
2606.299212598425 2157.48031496063 258.26771653543307 92.91338582677166 de
2692.9133858267714 2157.48031496063 344.88188976377955 92.91338582677166 Notre-

1327.5590551181103 2275.5905511811025 877.1653543307086 83.46456692913385 Dame-des-Anges.
2020.4724409448818 2275.5905511811025 738.5826771653543 83.46456692913385 (Montfermeil).

930.7086614173228 2388.9763779527557 548.0314960629921 83.46456692913385 *578
1368.5039370078741 2388.9763779527557 329.13385826771656 83.46456692913385 Libre
1551.1811023622047 2388.9763779527557 365.3543307086614 83.46456692913385 échange.

918.1102362204724 2507.0866141732286 592.1259842519685 100.78740157480316 *579
1390.5511811023623 2507.0866141732286 196.8503937007874 100.78740157480316 A
1470.8661417322835 2507.0866141732286 236.2204724409449 100.78740157480316 la
1588.976377952756 2507.0866141732286 513.3858267716536 100.78740157480316 recherche
1982.6771653543308 2507.0866141732286 354.3307086614173 100.78740157480316 d’une
2218.8976377952754 2507.0866141732286 472.4409448818898 100.78740157480316 position
2535.433070866142 2507.0866141732286 393.7007874015748 100.78740157480316 sociale.

955.9055118110236 2634.6456692913384 543.3070866141733 91.33858267716535 580
1384.251968503937 2634.6456692913384 233.0708661417323 91.33858267716535 Il
1500.7874015748032 2634.6456692913384 193.70078740157481 91.33858267716535 y
1577.9527559055118 2634.6456692913384 193.70078740157481 91.33858267716535 a
1655.1181102362204 2634.6456692913384 466.1417322834646 91.33858267716535 marchand
2004.724409448819 2634.6456692913384 193.70078740157481 91.33858267716535 à
2081.8897637795276 2634.6456692913384 310.23622047244095 91.33858267716535 deux
2237.7952755905512 2634.6456692913384 349.6062992125984 91.33858267716535 francs.

919.6850393700787 2762.2047244094488 664.5669291338583 91.33858267716535 581
1442.5196850393702 2762.2047244094488 285.03937007874015 91.33858267716535 Un
1584.251968503937 2762.2047244094488 711.8110236220473 91.33858267716535 brocanteur.
2154.3307086614172 2762.2047244094488 664.5669291338583 91.33858267716535 Appartient
2677.165354330709 2762.2047244094488 237.79527559055117 91.33858267716535 à
2771.6535433070867 2762.2047244094488 285.03937007874015 91.33858267716535 M.
2867.716535433071 2762.2047244094488 141.73228346456693 91.33858267716535 G

1299.2125984251968 2877.165354330709 377.9527559055118 77.16535433070867 Monier

935.4330708661417 2988.9763779527557 576.3779527559055 92.91338582677166 *582
1395.275590551181 2988.9763779527557 269.29133858267716 92.91338582677166 Sur
1549.6062992125985 2988.9763779527557 269.29133858267716 92.91338582677166 les
1703.9370078740158 2988.9763779527557 346.45669291338584 92.91338582677166 bords
1933.8582677165355 2988.9763779527557 229.92125984251967 92.91338582677166 de
2048.818897637795 2988.9763779527557 229.92125984251967 92.91338582677166 la
2125.984251968504 2988.9763779527557 307.0866141732283 92.91338582677166 Marne.

922.8346456692914 3113.3858267716537 595.2755905511812 94.48818897637796 *583
1398.4251968503936 3113.3858267716537 436.2204724409449 94.48818897637796 L’Etang
1714.9606299212599 3113.3858267716537 277.1653543307087 94.48818897637796 des
1874.015748031496 3113.3858267716537 475.59055118110234 94.48818897637796 Septiles
2190.551181102362 3113.3858267716537 634.6456692913385 94.48818897637796 (Montfermeil).

658.2677165354331 3387.4015748031497 541.7322834645669 81.88976377952756 GUILLOT,
1064.5669291338584 3387.4015748031497 677.1653543307086 81.88976377952756 Jean-Vital,
1606.2992125984251 3387.4015748031497 270.86614173228344 81.88976377952756 né
1741.732283464567 3387.4015748031497 225.1968503937008 81.88976377952756 à
1831.4960629921259 3387.4015748031497 496.06299212598424 81.88976377952756 Issoire
2148.031496062992 3387.4015748031497 677.1653543307086 81.88976377952756 (Puy

735.4330708661417 3499.212598425197 337.00787401574803 83.46456692913385 111,
946.4566929133858 3499.212598425197 379.5275590551181 83.46456692913385 route
1198.4251968503936 3499.212598425197 251.96850393700788 83.46456692913385 de
1325.984251968504 3499.212598425197 631.496062992126 83.46456692913385 Versailles,
1829.9212598425197 3499.212598425197 211.0236220472441 83.46456692913385 à
1914.9606299212599 3499.212598425197 505.51181102362204 83.46456692913385 Boulogne
2251.968503937008 3499.212598425197 420.4724409448819 83.46456692913385 (Seine).

938.5826771653543 3651.968503937008 582.6771653543307 85.03937007874016 *584
1404.724409448819 3651.968503937008 272.4409448818898 85.03937007874016 Les
1560.6299212598426 3651.968503937008 349.6062992125984 85.03937007874016 sœurs
1754.3307086614172 3651.968503937008 426.7716535433071 85.03937007874016 ennemies.

1401.5748031496064 3788.9763779527557 269.29133858267716 75.59055118110236 Voir
1570.0787401574803 3788.9763779527557 201.5748031496063 75.59055118110236 le
1670.8661417322835 3788.9763779527557 404.7244094488189 75.59055118110236 discours
1973.2283464566929 3788.9763779527557 201.5748031496063 75.59055118110236 de
2075.5905511811025 3788.9763779527557 337.00787401574803 75.59055118110236 Thiers
2311.8110236220473 3788.9763779527557 236.2204724409449 75.59055118110236 sur
2445.6692913385828 3788.9763779527557 201.5748031496063 75.59055118110236 le
2546.4566929133857 3788.9763779527557 269.29133858267716 75.59055118110236 sort
2714.9606299212596 3788.9763779527557 201.5748031496063 75.59055118110236 de
2782.6771653543306 3788.9763779527557 236.2204724409449 75.59055118110236 l'œuf

1462.992125984252 3881.8897637795276 206.29921259842519 67.71653543307086 de
1566.9291338582677 3881.8897637795276 206.29921259842519 67.71653543307086 la
1669.291338582677 3881.8897637795276 480.31496062992125 67.71653543307086 République
2047.244094488189 3881.8897637795276 480.31496062992125 67.71653543307086 naissante.
2425.196850393701 3881.8897637795276 240.9448818897638 67.71653543307086 Son
2562.2047244094488 3881.8897637795276 308.66141732283467 67.71653543307086 ombre
2733.8582677165355 3881.8897637795276 275.59055118110234 67.71653543307086 jointe

1462.992125984252 3971.6535433070867 165.35433070866142 69.29133858267717 à
1529.1338582677165 3971.6535433070867 297.6377952755906 69.29133858267717 celle
1727.5590551181103 3971.6535433070867 198.4251968503937 69.29133858267717 de
1826.7716535433071 3971.6535433070867 330.70866141732284 69.29133858267717 Lazare
2058.267716535433 3971.6535433070867 363.7795275590551 69.29133858267717 Carnot,
2322.834645669291 3971.6535433070867 363.7795275590551 69.29133858267717 célèbre
2554.3307086614172 3971.6535433070867 462.99212598425197 69.29133858267717 organisateur

1464.5669291338584 4059.8425196850394 370.0787401574803 72.44094488188976 planent
1732.283464566929 4059.8425196850394 201.5748031496063 72.44094488188976 et
1833.0708661417323 4059.8425196850394 436.2204724409449 72.44094488188976 regardent
2170.0787401574803 4059.8425196850394 370.0787401574803 72.44094488188976 l’œuvre
2437.7952755905512 4059.8425196850394 503.93700787401576 72.44094488188976 s’accomplir
2807.8740157480315 4059.8425196850394 201.5748031496063 72.44094488188976 glo-

1455.1181102362204 4149.606299212598 450.3937007874016 67.71653543307086 rieusement
1776.3779527559054 4149.606299212598 160.62992125984252 67.71653543307086 II!

930.7086614173228 4292.913385826771 548.0314960629921 81.88976377952756 *585
1368.5039370078741 4292.913385826771 218.89763779527559 81.88976377952756 La
1442.5196850393702 4292.913385826771 365.3543307086614 81.88976377952756 baignade

1371.6535433070867 4431.496062992126 214.17322834645668 66.14173228346456 La
1478.740157480315 4431.496062992126 499.21259842519686 66.14173228346456 répression
1872.4409448818897 4431.496062992126 250.39370078740157 66.14173228346456 est
2014.1732283464567 4431.496062992126 392.12598425196853 66.14173228346456 limitée
2300.787401574803 4431.496062992126 250.39370078740157 66.14173228346456 aux
2442.51968503937 4431.496062992126 357.4803149606299 66.14173228346456 bornes
2656.6929133858266 4431.496062992126 357.4803149606299 66.14173228346456 départe-

1448.8188976377953 4521.259842519685 431.496062992126 67.71653543307086 mentales.
1781.1023622047244 4521.259842519685 233.0708661417323 67.71653543307086 les
1913.3858267716535 4521.259842519685 497.6377952755906 67.71653543307086 grenouilles
2311.8110236220473 4521.259842519685 266.1417322834646 67.71653543307086 s’en
2477.165354330709 4521.259842519685 365.3543307086614 67.71653543307086 donnent
2710.236220472441 4521.259842519685 165.35433070866142 67.71653543307086 II)
