3496.0629921259842 5102.36220472441
1595.275590551181 603.1496062992126 198.4251968503937 91.33858267716535 42
1661.4173228346456 603.1496062992126 99.21259842519684 91.33858267716535 —

445.6692913385827 785.8267716535433 609.4488188976378 96.06299212598425 LAGARDE,
902.3622047244095 785.8267716535433 559.0551181102362 96.06299212598425 Lucien,
1310.236220472441 785.8267716535433 305.51181102362204 96.06299212598425 né
1461.4173228346456 785.8267716535433 253.54330708661416 96.06299212598425 à
1563.7795275590552 785.8267716535433 508.66141732283467 96.06299212598425 Vannes
1919.6850393700788 785.8267716535433 762.2047244094488 96.06299212598425 (Morbihan).
2529.1338582677167 785.8267716535433 253.54330708661416 96.06299212598425 —
2581.1023622047246 785.8267716535433 253.54330708661416 96.06299212598425 21,

546.4566929133858 900.7874015748032 343.3070866141732 85.03937007874016 rue
692.9133858267717 900.7874015748032 979.5275590551181 85.03937007874016 Campagne

765.3543307086615 1085.0393700787401 524.4094488188977 96.06299212598425 661
1177.9527559055118 1085.0393700787401 448.81889763779526 96.06299212598425 Portrait
1513.3858267716535 1085.0393700787401 225.1968503937008 96.06299212598425 de
1626.7716535433071 1085.0393700787401 299.21259842519686 96.06299212598425 Mlle
1814.1732283464567 1085.0393700787401 486.61417322834643 96.06299212598425 Françoise
2149.6062992125985 1085.0393700787401 225.1968503937008 96.06299212598425 L...

773.2283464566929 1207.8740157480315 518.1102362204724 96.06299212598425 662
1181.1023622047244 1207.8740157480315 444.09448818897636 96.06299212598425 Portrait
1514.9606299212599 1207.8740157480315 222.04724409448818 96.06299212598425 de
1626.7716535433071 1207.8740157480315 259.84251968503935 96.06299212598425 Mme
1774.8031496062993 1207.8740157480315 296.06299212598424 96.06299212598425 B...
1922.8346456692914 1207.8740157480315 518.1102362204724 96.06299212598425 (Aquarelle).

762.2047244094488 1333.8582677165355 557.4803149606299 91.33858267716535 663
1200.0 1333.8582677165355 359.0551181102362 91.33858267716535 Quand
1437.7952755905512 1333.8582677165355 239.37007874015748 91.33858267716535 le
1557.4803149606298 1333.8582677165355 278.74015748031496 91.33858267716535 vin
1716.5354330708662 1333.8582677165355 278.74015748031496 91.33858267716535 est
1877.1653543307086 1333.8582677165355 318.1102362204724 91.33858267716535 tiré
2075.5905511811025 1333.8582677165355 239.37007874015748 91.33858267716535 il
2195.2755905511813 1333.8582677165355 318.1102362204724 91.33858267716535 faut
2393.700787401575 1333.8582677165355 239.37007874015748 91.33858267716535 le
2474.015748031496 1333.8582677165355 318.1102362204724 91.33858267716535 boire.

1157.4803149606298 1456.6929133858268 596.8503937007874 88.18897637795276 Appartient
1626.7716535433071 1456.6929133858268 212.5984251968504 88.18897637795276 à
1711.8110236220473 1456.6929133858268 255.11811023622047 88.18897637795276 M.
1839.3700787401574 1456.6929133858268 255.11811023622047 88.18897637795276 A.
1924.4094488188975 1456.6929133858268 384.251968503937 88.18897637795276 Pétrot.

754.3307086614174 1579.5275590551182 596.8503937007874 92.91338582677166 664
1223.6220472440946 1579.5275590551182 255.11811023622047 92.91338582677166 La
1351.1811023622047 1579.5275590551182 469.29133858267716 92.91338582677166 Légende
1691.3385826771653 1579.5275590551182 255.11811023622047 92.91338582677166 de
1776.3779527559054 1579.5275590551182 1023.6220472440945 92.91338582677166 Saint

1144.8818897637796 1699.2125984251968 614.1732283464567 100.78740157480316 Appartient
1628.3464566929133 1699.2125984251968 218.89763779527559 100.78740157480316 à
1714.9606299212599 1699.2125984251968 307.0866141732283 100.78740157480316 Mme
1847.244094488189 1699.2125984251968 262.99212598425197 100.78740157480316 U...

760.6299212598425 1822.0472440944882 510.23622047244095 89.76377952755905 665
1160.6299212598426 1822.0472440944882 327.5590551181102 89.76377952755905 Avant
1379.5275590551182 1822.0472440944882 218.89763779527559 89.76377952755905 le
1453.5433070866143 1822.0472440944882 327.5590551181102 89.76377952755905 Départ.

763.7795275590552 1949.6062992125985 551.1811023622047 91.33858267716535 663
1196.8503937007874 1949.6062992125985 275.59055118110234 91.33858267716535 Les
1354.3307086614172 1949.6062992125985 511.81102362204723 91.33858267716535 retraltés
1748.0314960629921 1949.6062992125985 236.2204724409449 91.33858267716535 de
1866.1417322834645 1949.6062992125985 236.2204724409449 91.33858267716535 la
1984.251968503937 1949.6062992125985 393.7007874015748 91.33858267716535 douane
2259.8425196850394 1949.6062992125985 590.5511811023622 91.33858267716535 (appartient
2692.9133858267714 1949.6062992125985 118.11023622047244 91.33858267716535 à

1157.4803149606298 2062.9921259842517 269.29133858267716 96.06299212598425 Mme
1310.236220472441 2062.9921259842517 231.49606299212599 96.06299212598425 J.
1387.4015748031495 2062.9921259842517 308.66141732283467 96.06299212598425 Plet).

743.3070866141733 2195.2755905511813 549.6062992125984 91.33858267716535 667
1174.8031496062993 2195.2755905511813 352.755905511811 91.33858267716535 Etude
1411.023622047244 2195.2755905511813 236.2204724409449 91.33858267716535 de
1529.1338582677165 2195.2755905511813 431.496062992126 91.33858267716535 paysage
1803.1496062992126 2195.2755905511813 549.6062992125984 91.33858267716535 (aquarelle).

469.29133858267716 2508.6614173228345 458.26771653543307 88.18897637795276 LANOÉ,
788.9763779527559 2508.6614173228345 549.6062992125984 88.18897637795276 Georges,
1201.5748031496064 2508.6614173228345 274.01574803149606 88.18897637795276 né
1338.5826771653544 2508.6614173228345 228.3464566929134 88.18897637795276 à
1431.4960629921259 2508.6614173228345 503.93700787401576 88.18897637795276 Nantes.
1796.8503937007874 2508.6614173228345 228.3464566929134 88.18897637795276 —
1888.1889763779527 2508.6614173228345 366.92913385826773 88.18897637795276 203,
2118.1102362204724 2508.6614173228345 595.2755905511812 88.18897637795276 boulevard
2530.7086614173227 2508.6614173228345 274.01574803149606 88.18897637795276 Ras-

557.4803149606299 2622.047244094488 348.0314960629921 91.33858267716535 pail;
749.6062992125984 2622.047244094488 308.66141732283467 91.33858267716535 Paris.

718.1102362204724 2812.5984251968503 648.8188976377953 85.03937007874016 *668
1236.2204724409448 2812.5984251968503 388.9763779527559 85.03937007874016 Etang
1496.0629921259842 2812.5984251968503 475.59055118110234 85.03937007874016 breton,
1842.5196850393702 2812.5984251968503 215.748031496063 85.03937007874016 à
1929.1338582677165 2812.5984251968503 648.8188976377953 85.03937007874016 Lambezellec
2406.299212598425 2812.5984251968503 388.9763779527559 85.03937007874016 (Finis

1086.6141732283465 2921.259842519685 335.43307086614175 94.48818897637796 tère).

453.54330708661416 3214.1732283464567 656.6929133858267 86.61417322834646 LASELLAZ,
959.0551181102362 3214.1732283464567 606.2992125984252 86.61417322834646 Gustave,
1414.1732283464567 3214.1732283464567 303.93700787401576 86.61417322834646 né
1565.3543307086613 3214.1732283464567 251.96850393700788 86.61417322834646 à
1666.1417322834645 3214.1732283464567 505.51181102362204 86.61417322834646 Paris.
2020.4724409448818 3214.1732283464567 251.96850393700788 86.61417322834646 —
2121.259842519685 3214.1732283464567 354.3307086614173 86.61417322834646 23,
2272.4409448818897 3214.1732283464567 555.9055118110236 86.61417322834646 boulevard

510.23622047244095 3325.984251968504 883.4645669291339 86.61417322834646 Gouvion

735.4330708661417 3516.535433070866 618.8976377952756 86.61417322834646 669
1220.4724409448818 3516.535433070866 264.56692913385825 86.61417322834646 La
1354.3307086614172 3516.535433070866 396.8503937007874 86.61417322834646 Faute
1618.8976377952756 3516.535433070866 264.56692913385825 86.61417322834646 de
1751.1811023622047 3516.535433070866 440.9448818897638 86.61417322834646 l’abbé
2059.8425196850394 3516.535433070866 485.03937007874015 86.61417322834646 Mouret.
2414.1732283464567 3516.535433070866 396.8503937007874 86.61417322834646 (Tiré
2634.6456692913384 3516.535433070866 176.3779527559055 86.61417322834646 du

1132.283464566929 3626.771653543307 388.9763779527559 85.03937007874016 roman
1390.5511811023623 3626.771653543307 259.84251968503935 85.03937007874016 de
1521.259842519685 3626.771653543307 259.84251968503935 85.03937007874016 M.
1650.3937007874015 3626.771653543307 259.84251968503935 85.03937007874016 E.
1737.007874015748 3626.771653543307 346.45669291338584 85.03937007874016 Zola).

732.2834645669292 3738.582677165354 631.496062992126 86.61417322834646 670
1228.3464566929133 3738.582677165354 314.96062992125985 86.61417322834646 Fin
1409.4488188976377 3738.582677165354 270.86614173228344 86.61417322834646 du
1544.8818897637796 3738.582677165354 406.2992125984252 86.61417322834646 jour;
1814.1732283464567 3738.582677165354 270.86614173228344 86.61417322834646 au
1949.6062992125985 3738.582677165354 450.3937007874016 86.61417322834646 marché
2266.1417322834645 3738.582677165354 270.86614173228344 86.61417322834646 de
2400.0 3738.582677165354 270.86614173228344 86.61417322834646 la
2491.3385826771655 3738.582677165354 314.96062992125985 86.61417322834646 Made

1114.9606299212599 3850.3937007874015 277.1653543307087 86.61417322834646 leine.

765.3543307086615 3965.3543307086616 522.8346456692914 80.31496062992126 671
1176.3779527559054 3965.3543307086616 223.6220472440945 80.31496062992126 La
1251.9685039370079 3965.3543307086616 448.81889763779526 80.31496062992126 Rencontre.

768.503937007874 4074.015748031496 485.03937007874015 86.61417322834646 672
1149.6062992125985 4074.015748031496 242.51968503937007 86.61417322834646 Les
1253.5433070866143 4074.015748031496 450.3937007874016 86.61417322834646 Confitures.

770.0787401574803 4184.251968503937 453.54330708661416 88.18897637795276 673
1127.5590551181103 4184.251968503937 195.2755905511811 88.18897637795276 Le
1192.1259842519685 4184.251968503937 324.40944881889766 88.18897637795276 Cellier.

779.5275590551181 4296.062992125984 445.6692913385827 85.03937007874016 674
1097.6377952755906 4296.062992125984 286.61417322834643 85.03937007874016 Nérine.

765.3543307086615 4409.4488188976375 527.5590551181102 85.03937007874016 675
1179.5275590551182 4409.4488188976375 451.9685039370079 85.03937007874016 Environs
1518.1102362204724 4409.4488188976375 225.1968503937008 85.03937007874016 de
1593.7007874015749 4409.4488188976375 338.5826771653543 85.03937007874016 Mantes.

757.4803149606299 4524.4094488188975 485.03937007874015 85.03937007874016 676
1138.5826771653544 4524.4094488188975 381.1023622047244 85.03937007874016 Pierres
1382.6771653543308 4524.4094488188975 415.748031496063 85.03937007874016 celtiques.
