3502.3622047244094 5089.763779527559
1642.5196850393702 615.7480314960629 201.5748031496063 99.21259842519684 —
1722.8346456692914 615.7480314960629 240.9448818897638 99.21259842519684 43-

642.5196850393701 806.2992125984252 669.2913385826772 91.33858267716535 LECLERCQ,
1157.4803149606298 806.2992125984252 669.2913385826772 91.33858267716535 Théodore,
1672.4409448818897 806.2992125984252 308.66141732283467 91.33858267716535 né
1826.7716535433071 806.2992125984252 256.6929133858268 91.33858267716535 à
1929.1338582677165 806.2992125984252 617.3228346456693 91.33858267716535 Oresmaux
2341.732283464567 806.2992125984252 462.99212598425197 91.33858267716535 (Somme)

725.9842519685039 914.9606299212599 296.06299212598424 91.33858267716535 10,
896.0629921259842 914.9606299212599 296.06299212598424 91.33858267716535 rue
1064.5669291338584 914.9606299212599 253.54330708661416 91.33858267716535 du
1192.1259842519685 914.9606299212599 466.1417322834646 91.33858267716535 Regard.
1488.1889763779527 914.9606299212599 338.5826771653543 91.33858267716535 Paris.

933.8582677165355 1077.1653543307086 485.03937007874015 85.03937007874016 677
1280.3149606299212 1077.1653543307086 415.748031496063 85.03937007874016 Indécision

925.9842519685039 1185.8267716535433 503.93700787401576 86.61417322834646 678
1321.259842519685 1185.8267716535433 431.496062992126 86.61417322834646 Portrait
1645.6692913385828 1185.8267716535433 215.748031496063 86.61417322834646 de
1752.755905511811 1185.8267716535433 251.96850393700788 86.61417322834646 Mme
1861.4173228346456 1185.8267716535433 215.748031496063 86.61417322834646 L...

929.1338582677165 1299.2125984251968 458.26771653543307 92.91338582677166 679
1256.6929133858268 1299.2125984251968 229.92125984251967 92.91338582677166 Bébé.

640.9448818897638 1584.251968503937 987.4015748031496 86.61417322834646 LEFEBVRE-LOURDET,
1488.1889763779527 1584.251968503937 565.3543307086615 86.61417322834646 Maurice,
1911.8110236220473 1584.251968503937 281.8897637795276 86.61417322834646 né
2051.968503937008 1584.251968503937 234.64566929133858 86.61417322834646 à
2146.4566929133857 1584.251968503937 470.86614173228344 86.61417322834646 Paris.
2475.5905511811025 1584.251968503937 234.64566929133858 86.61417322834646 —
2570.0787401574803 1584.251968503937 329.13385826771656 86.61417322834646 82,
2711.8110236220473 1584.251968503937 281.8897637795276 86.61417322834646 bou-

727.5590551181102 1696.0629921259842 418.8976377952756 83.46456692913385 levard
1022.0472440944882 1696.0629921259842 251.96850393700788 83.46456692913385 de
1105.5118110236222 1696.0629921259842 377.9527559055118 83.46456692913385 Clichy.

908.6614173228346 1847.244094488189 540.1574803149606 88.18897637795276 *680
1341.732283464567 1847.244094488189 288.18897637795277 88.18897637795276 Robe
1485.0393700787401 1847.244094488189 360.62992125984255 88.18897637795276 crevette

910.2362204724409 1960.6299212598426 559.0551181102362 91.33858267716535 *681
1357.4803149606298 1960.6299212598426 297.6377952755906 91.33858267716535 Robe
1507.0866141732283 1960.6299212598426 297.6377952755906 91.33858267716535 mauve.

622.0472440944882 2237.7952755905512 470.86614173228344 94.48818897637796 LEGUAY,
965.3543307086615 2237.7952755905512 771.6535433070866 94.48818897637796 Charles-Henri,
1607.8740157480315 2237.7952755905512 256.6929133858268 94.48818897637796 né
1737.007874015748 2237.7952755905512 214.17322834645668 94.48818897637796 à
1822.0472440944882 2237.7952755905512 428.34645669291336 94.48818897637796 Paris.
2122.834645669291 2237.7952755905512 214.17322834645668 94.48818897637796 —
2207.8740157480315 2237.7952755905512 300.78740157480314 94.48818897637796 29,
2379.527559055118 2237.7952755905512 300.78740157480314 94.48818897637796 rue
2551.181102362205 2237.7952755905512 256.6929133858268 94.48818897637796 de
2636.220472440945 2237.7952755905512 343.3070866141732 94.48818897637796 Turin.

919.6850393700787 2401.5748031496064 524.4094488188977 81.88976377952756 682
1332.283464566929 2401.5748031496064 486.61417322834643 81.88976377952756 Rencontre
1707.0866141732283 2401.5748031496064 225.1968503937008 81.88976377952756 au
1781.1023622047244 2401.5748031496064 262.99212598425197 81.88976377952756 bois.

911.8110236220473 2511.8110236220473 579.5275590551181 88.18897637795276 683
1366.9291338582677 2511.8110236220473 455.11811023622045 88.18897637795276 Grandes
1656.6929133858268 2511.8110236220473 497.6377952755906 88.18897637795276 manœuvres.

645.6692913385826 2803.149606299213 584.2519685039371 86.61417322834646 LEJEUNE,
1083.4645669291338 2803.149606299213 875.5905511811023 86.61417322834646 Edouard-Angel,
1812.5984251968505 2803.149606299213 291.33858267716533 86.61417322834646 né
1959.0551181102362 2803.149606299213 242.51968503937007 86.61417322834646 à
2056.6929133858266 2803.149606299213 388.9763779527559 86.61417322834646 Caen
2250.3937007874015 2803.149606299213 584.2519685039371 86.61417322834646 (Calvados)

737.007874015748 2913.3858267716537 288.18897637795277 85.03937007874016 26,
900.7874015748032 2913.3858267716537 288.18897637795277 85.03937007874016 rue
1066.1417322834645 2913.3858267716537 288.18897637795277 85.03937007874016 des
1229.9212598425197 2913.3858267716537 492.9133858267717 85.03937007874016 Jardies,
1600.0 2913.3858267716537 204.7244094488189 85.03937007874016 à
1681.8897637795276 2913.3858267716537 492.9133858267717 85.03937007874016 Bellevue
2011.023622047244 2913.3858267716537 740.1574803149606 85.03937007874016 (Seine

911.8110236220473 3059.8425196850394 562.2047244094488 99.21259842519684 *684
1362.2047244094488 3059.8425196850394 374.8031496062992 99.21259842519684 Chemin
1625.1968503937007 3059.8425196850394 225.1968503937008 99.21259842519684 de
1737.007874015748 3059.8425196850394 225.1968503937008 99.21259842519684 la
1812.5984251968505 3059.8425196850394 412.59842519685037 99.21259842519684 carrière.

930.7086614173228 3182.6771653543306 585.8267716535433 91.33858267716535 685
1392.1259842519685 3182.6771653543306 250.39370078740157 91.33858267716535 Au
1516.5354330708662 3182.6771653543306 585.8267716535433 91.33858267716535 Bas-Meudon
1977.9527559055118 3182.6771653543306 502.3622047244094 91.33858267716535 (étude).
2311.8110236220473 3182.6771653543306 418.8976377952756 91.33858267716535 Panneau.

927.5590551181102 3288.1889763779527 593.7007874015748 96.06299212598425 *686
1401.5748031496064 3288.1889763779527 237.79527559055117 96.06299212598425 Au
1519.6850393700788 3288.1889763779527 316.53543307086613 96.06299212598425 bois
1718.1102362204724 3288.1889763779527 237.79527559055117 96.06299212598425 de
1836.2204724409448 3288.1889763779527 474.01574803149606 96.06299212598425 Bellevue
2192.1259842519685 3288.1889763779527 474.01574803149606 96.06299212598425 (étude).
2508.6614173228345 3288.1889763779527 395.2755905511811 96.06299212598425 Panneau.

929.1338582677165 3400.0 565.3543307086615 97.63779527559055 *687
1382.6771653543308 3400.0 264.56692913385825 97.63779527559055 Vue
1532.283464566929 3400.0 226.77165354330708 97.63779527559055 de
1645.6692913385828 3400.0 491.33858267716533 97.63779527559055 Bellevue,
2023.6220472440946 3400.0 264.56692913385825 97.63779527559055 sur
2174.803149606299 3400.0 565.3543307086615 97.63779527559055 Billancourt
2588.9763779527557 3400.0 377.9527559055118 97.63779527559055 (étude).

903.9370078740158 3518.1102362204724 661.4173228346457 88.18897637795276 *688
1433.0708661417323 3518.1102362204724 440.9448818897638 88.18897637795276 Chemin
1741.732283464567 3518.1102362204724 308.66141732283467 88.18897637795276 sur
1918.1102362204724 3518.1102362204724 264.56692913385825 88.18897637795276 le
2050.3937007874015 3518.1102362204724 485.03937007874015 88.18897637795276 plateau
2403.149606299213 3518.1102362204724 308.66141732283467 88.18897637795276 des
2535.433070866142 3518.1102362204724 440.9448818897638 88.18897637795276 Bruyères

1332.283464566929 3628.3464566929133 406.2992125984252 85.03937007874016 (petite
1590.5511811023623 3628.3464566929133 332.2834645669291 85.03937007874016 gelée).

900.7874015748032 3743.3070866141734 592.1259842519685 94.48818897637796 *689
1373.2283464566929 3743.3070866141734 354.3307086614173 94.48818897637796 Chène
1611.023622047244 3743.3070866141734 314.96062992125985 94.48818897637796 dans
1807.8740157480315 3743.3070866141734 275.59055118110234 94.48818897637796 les
1965.3543307086613 3743.3070866141734 433.07086614173227 94.48818897637796 taillis
2280.314960629921 3743.3070866141734 236.2204724409449 94.48818897637796 au
2398.4251968503936 3743.3070866141734 314.96062992125985 94.48818897637796 bois
2596.850393700787 3743.3070866141734 236.2204724409449 94.48818897637796 de
2675.5905511811025 3743.3070866141734 314.96062992125985 94.48818897637796 Meudon

1313.3858267716535 3856.6929133858266 555.9055118110236 85.03937007874016 (première
1697.6377952755906 3856.6929133858266 385.8267716535433 85.03937007874016 neige).

913.3858267716536 3970.0787401574803 576.3779527559055 91.33858267716535 690
1357.4803149606298 3970.0787401574803 310.23622047244095 91.33858267716535 Une
1533.8582677165355 3970.0787401574803 354.3307086614173 91.33858267716535 mare
1755.9055118110236 3970.0787401574803 266.1417322834646 91.33858267716535 au
1889.763779527559 3970.0787401574803 354.3307086614173 91.33858267716535 bois
2111.8110236220473 3970.0787401574803 266.1417322834646 91.33858267716535 de
2244.0944881889764 3970.0787401574803 444.09448818897636 91.33858267716535 Meudon
2510.236220472441 3970.0787401574803 488.18897637795277 91.33858267716535 (première

1288.1889763779527 4075.5905511811025 340.15748031496065 86.61417322834646 neige).

940.1574803149606 4196.850393700787 574.8031496062993 86.61417322834646 691
1392.1259842519685 4196.850393700787 245.66929133858267 86.61417322834646 La
1514.9606299212599 4196.850393700787 370.0787401574803 86.61417322834646 neige
1762.2047244094488 4196.850393700787 288.18897637795277 86.61417322834646 sur
1925.984251968504 4196.850393700787 245.66929133858267 86.61417322834646 le
2048.818897637795 4196.850393700787 451.9685039370079 86.61417322834646 plateau
2377.952755905512 4196.850393700787 288.18897637795277 86.61417322834646 des
2541.732283464567 4196.850393700787 492.9133858267717 86.61417322834646 Bruyères
2870.8661417322833 4196.850393700787 122.83464566929133 86.61417322834646 à

1327.5590551181103 4305.511811023622 551.1811023622047 89.76377952755905 Bellevue,
1751.1811023622047 4305.511811023622 636.2204724409448 89.76377952755905 (Appartient
2259.8425196850394 4305.511811023622 212.5984251968504 89.76377952755905 à
2344.8818897637793 4305.511811023622 253.54330708661416 89.76377952755905 M.
2429.9212598425197 4305.511811023622 423.62204724409446 89.76377952755905 Wisler).

908.6614173228346 4418.897637795276 579.5275590551181 89.76377952755905 *692
1373.2283464566929 4418.897637795276 387.40157480314963 89.76377952755905 Chemin
1644.0944881889764 4418.897637795276 308.66141732283467 89.76377952755905 dans
1837.7952755905512 4418.897637795276 231.49606299212599 89.76377952755905 le
1954.3307086614172 4418.897637795276 425.1968503937008 89.76377952755905 taillis
2262.9921259842517 4418.897637795276 425.1968503937008 89.76377952755905 (grande
2533.8582677165355 4418.897637795276 348.0314960629921 89.76377952755905 étude).

922.8346456692914 4530.708661417323 544.8818897637796 92.91338582677166 *693
1359.0551181102362 4530.708661417323 436.2204724409449 92.91338582677166 Toujours
1685.0393700787401 4530.708661417323 217.3228346456693 92.91338582677166 en
1795.275590551181 4530.708661417323 327.5590551181102 92.91338582677166 plein
2012.5984251968505 4530.708661417323 400.0 92.91338582677166 taillis
2303.9370078740158 4530.708661417323 544.8818897637796 92.91338582677166 (Bellevue),
2702.3622047244094 4530.708661417323 291.33858267716533 92.91338582677166 étude.
