3552.755905511811 5102.36220472441
1651.9685039370079 525.9842519685039 267.7165354330709 100.78740157480316 44
1740.1574803149606 525.9842519685039 133.85826771653544 100.78740157480316 —

576.3779527559055 710.2362204724409 503.93700787401576 103.93700787401575 LEMMEN,
941.7322834645669 710.2362204724409 549.6062992125984 103.93700787401575 Georges.
1354.3307086614172 710.2362204724409 228.3464566929134 103.93700787401575 —
1445.6692913385828 710.2362204724409 366.92913385826773 103.93700787401575 220,
1675.5905511811025 710.2362204724409 319.68503937007875 103.93700787401575 rue
1858.267716535433 710.2362204724409 458.26771653543307 103.93700787401575 Verte,
2132.283464566929 710.2362204724409 549.6062992125984 103.93700787401575 Bruxelles.

869.2913385826772 867.7165354330708 525.9842519685039 100.78740157480316 694
1283.4645669291338 867.7165354330708 300.78740157480314 100.78740157480316 Fête
1470.8661417322835 867.7165354330708 412.59842519685037 100.78740157480316 foraine
1771.6535433070867 867.7165354330708 376.37795275590554 100.78740157480316 (motif
2034.6456692913387 867.7165354330708 225.1968503937008 100.78740157480316 de
2108.6614173228345 867.7165354330708 338.5826771653543 100.78740157480316 décor).

881.8897637795276 995.2755905511812 494.48818897637796 94.48818897637796 695
1269.291338582677 995.2755905511812 423.62204724409446 94.48818897637796 Portrait
1587.4015748031495 995.2755905511812 212.5984251968504 94.48818897637796 de
1692.9133858267717 995.2755905511812 318.1102362204724 94.48818897637796 jeune
1870.8661417322835 995.2755905511812 281.8897637795276 94.48818897637796 fille.

886.6141732283464 1116.5354330708662 530.7086614173228 92.91338582677166 696
1303.9370078740158 1116.5354330708662 228.3464566929134 92.91338582677166 M.
1417.3228346456692 1116.5354330708662 341.73228346456693 92.91338582677166 Émile
1607.8740157480315 1116.5354330708662 455.11811023622045 92.91338582677166 Verhaeren.

877.1653543307086 1239.3700787401574 525.9842519685039 92.91338582677166 697
1289.763779527559 1239.3700787401574 225.1968503937008 92.91338582677166 Au
1403.1496062992126 1239.3700787401574 374.8031496062992 92.91338582677166 piano.
1628.3464566929133 1239.3700787401574 337.00787401574803 92.91338582677166 Dessin.

875.5905511811023 1362.2047244094488 563.7795275590552 97.63779527559055 698
1319.6850393700788 1362.2047244094488 442.5196850393701 97.63779527559055 Concert
1640.9448818897638 1362.2047244094488 522.8346456692914 97.63779527559055 maroçain.
2003.1496062992126 1362.2047244094488 604.7244094488188 97.63779527559055 Lithographie.

867.7165354330708 1486.6141732283465 546.4566929133858 94.48818897637796 699
1297.6377952755906 1486.6141732283465 234.64566929133858 94.48818897637796 La
1415.748031496063 1486.6141732283465 390.5511811023622 94.48818897637796 lampe.
1650.3937007874015 1486.6141732283465 546.4566929133858 94.48818897637796 Lithogaphie.

856.6929133858267 1607.8740157480315 595.2755905511812 96.06299212598425 *790
1332.283464566929 1607.8740157480315 833.0708661417323 96.06299212598425 Vaisseau-Fantôme.
2006.2992125984251 1607.8740157480315 595.2755905511812 96.06299212598425 Lithographie.

587.4015748031496 1907.0866141732283 415.748031496063 81.88976377952756 LESSORE,
899.2125984251968 1907.0866141732283 554.3307086614174 81.88976377952756 Henri-Emile,
1349.6062992125985 1907.0866141732283 207.8740157480315 81.88976377952756 né
1451.9685039370079 1907.0866141732283 173.22834645669292 81.88976377952756 à
1521.259842519685 1907.0866141732283 346.45669291338584 81.88976377952756 Paris.
1763.7795275590552 1907.0866141732283 173.22834645669292 81.88976377952756 —
1833.0708661417323 1907.0866141732283 207.8740157480315 81.88976377952756 2,
1937.007874015748 1907.0866141732283 277.1653543307087 81.88976377952756 quai
2075.5905511811025 1907.0866141732283 138.58267716535434 81.88976377952756 de

670.8661417322835 2012.5984251968505 513.3858267716536 86.61417322834646 Gesvres,
1055.1181102362204 2012.5984251968505 470.86614173228344 86.61417322834646 atelier
1398.4251968503936 2012.5984251968505 299.21259842519686 86.61417322834646 21,
1570.0787401574803 2012.5984251968505 341.73228346456693 86.61417322834646 quai
1740.1574803149606 2012.5984251968505 428.34645669291336 86.61417322834646 Bourbon.

877.1653543307086 2163.779527559055 541.7322834645669 100.78740157480316 791
1303.9370078740158 2163.779527559055 233.0708661417323 100.78740157480316 La
1420.4724409448818 2163.779527559055 581.1023622047244 100.78740157480316 Tricoteuse.
1845.6692913385828 2163.779527559055 426.7716535433071 100.78740157480316 Esquisse.

864.5669291338583 2294.488188976378 570.0787401574803 88.18897637795276 702
1313.3858267716535 2294.488188976378 244.09448818897638 88.18897637795276 Le
1434.6456692913387 2294.488188976378 366.92913385826773 88.18897637795276 point
1678.740157480315 2294.488188976378 244.09448818897638 88.18897637795276 de
1801.5748031496064 2294.488188976378 285.03937007874015 88.18897637795276 vue
1963.7795275590552 2294.488188976378 244.09448818897638 88.18897637795276 du
2086.6141732283463 2294.488188976378 407.87401574803147 88.18897637795276 chemin
2371.6535433070867 2294.488188976378 447.244094488189 88.18897637795276 Carnot.
2656.6929133858266 2294.488188976378 285.03937007874015 88.18897637795276 Forêt

1255.1181102362204 2407.8740157480315 266.1417322834646 88.18897637795276 de
1343.3070866141732 2407.8740157480315 711.8110236220473 88.18897637795276 Fontainebleau.

880.3149606299213 2524.4094488188975 505.51181102362204 92.91338582677166 703
1277.1653543307086 2524.4094488188975 433.07086614173227 92.91338582677166 Portrait
1603.1496062992126 2524.4094488188975 217.3228346456693 92.91338582677166 de
1710.236220472441 2524.4094488188975 217.3228346456693 92.91338582677166 M.
1782.6771653543308 2524.4094488188975 144.88188976377953 92.91338582677166 X.

874.0157480314961 2647.244094488189 538.5826771653543 91.33858267716535 704
1296.0629921259842 2647.244094488189 231.49606299212599 91.33858267716535 La
1412.5984251968505 2647.244094488189 308.66141732283467 91.33858267716535 mère
1566.9291338582677 2647.244094488189 384.251968503937 91.33858267716535 Modeste.

870.8661417322835 2770.0787401574803 559.0551181102362 94.48818897637796 705
1310.236220472441 2770.0787401574803 400.0 94.48818897637796 Grands
1590.5511811023623 2770.0787401574803 400.0 94.48818897637796 chènes
1869.291338582677 2770.0787401574803 200.0 94.48818897637796 à
1949.6062992125985 2770.0787401574803 239.37007874015748 94.48818897637796 la
2069.2913385826773 2770.0787401574803 319.68503937007875 94.48818897637796 mare
2269.2913385826773 2770.0787401574803 280.31496062992125 94.48818897637796 aux
2388.9763779527557 2770.0787401574803 280.31496062992125 94.48818897637796 fées.

885.0393700787401 2891.3385826771655 486.61417322834643 94.48818897637796 706
1233.0708661417323 2891.3385826771655 313.38582677165357 94.48818897637796 Charme.

875.5905511811023 3015.748031496063 546.4566929133858 99.21259842519684 797
1305.5118110236222 3015.748031496063 467.7165354330709 99.21259842519684 Diverses
1656.6929133858268 3015.748031496063 467.7165354330709 99.21259842519684 gravures
2007.8740157480315 3015.748031496063 195.2755905511811 99.21259842519684 à
2086.6141732283463 3015.748031496063 234.64566929133858 99.21259842519684 la
2203.149606299213 3015.748031496063 390.5511811023622 99.21259842519684 pointe
2437.7952755905512 3015.748031496063 311.81102362204723 99.21259842519684 sèche.

585.8267716535433 3308.6614173228345 220.4724409448819 81.88976377952756 LE
696.0629921259842 3308.6614173228345 442.5196850393701 81.88976377952756 VILLAIN,
1026.7716535433071 3308.6614173228345 700.7874015748032 81.88976377952756 Auguste-Ernest,
1617.3228346456692 3308.6614173228345 220.4724409448819 81.88976377952756 né
1727.5590551181103 3308.6614173228345 184.251968503937 81.88976377952756 à
1801.5748031496064 3308.6614173228345 368.503937007874 81.88976377952756 Paris.
2059.8425196850394 3308.6614173228345 184.251968503937 81.88976377952756 —
2133.8582677165355 3308.6614173228345 258.26771653543307 81.88976377952756 30,
2244.0944881889764 3308.6614173228345 184.251968503937 81.88976377952756 rue

636.2204724409448 3418.8976377952754 1026.7716535433071 88.18897637795276 Alphonse

844.0944881889764 3554.3307086614172 577.9527559055118 107.08661417322834 *708
1305.5118110236222 3554.3307086614172 269.29133858267716 107.08661417322834 Une
1459.8425196850394 3554.3307086614172 346.45669291338584 107.08661417322834 mare,
1691.3385826771653 3554.3307086614172 192.1259842519685 107.08661417322834 à
1730.708661417323 3554.3307086614172 655.1181102362204 107.08661417322834 Combs

851.9685039370079 3672.4409448818897 584.2519685039371 116.53543307086615 *709
1319.6850393700788 3672.4409448818897 428.34645669291336 116.53543307086615 Marine,
1631.4960629921259 3672.4409448818897 195.2755905511811 116.53543307086615 à
1670.8661417322835 3672.4409448818897 817.3228346456693 116.53543307086615 St

866.1417322834645 3803.149606299213 541.7322834645669 105.51181102362204 *710
1299.2125984251968 3803.149606299213 217.3228346456693 105.51181102362204 La
1407.8740157480315 3803.149606299213 324.40944881889766 105.51181102362204 route
1625.1968503937007 3803.149606299213 217.3228346456693 105.51181102362204 de
1733.8582677165355 3803.149606299213 217.3228346456693 105.51181102362204 la
1804.724409448819 3803.149606299213 253.54330708661416 105.51181102362204 gare.

856.6929133858267 3935.433070866142 549.6062992125984 99.21259842519684 *711
1296.0629921259842 3935.433070866142 292.9133858267717 99.21259842519684 Bord
1478.740157480315 3935.433070866142 220.4724409448819 99.21259842519684 de
1552.755905511811 3935.433070866142 366.92913385826773 99.21259842519684 l’Hyère.

870.8661417322835 4056.6929133858266 510.23622047244095 91.33858267716535 712
1234.6456692913387 4056.6929133858266 365.3543307086614 91.33858267716535 Automne.

864.5669291338583 4188.976377952756 500.78740157480314 81.88976377952756 *713
1248.8188976377953 4188.976377952756 423.62204724409446 81.88976377952756 Coucher
1555.9055118110236 4188.976377952756 231.49606299212599 81.88976377952756 du
1633.0708661417323 4188.976377952756 346.45669291338584 81.88976377952756 soleil.

851.9685039370079 4299.212598425197 588.9763779527559 103.93700787401575 *714
1322.8346456692914 4299.212598425197 236.2204724409449 103.93700787401575 Le
1440.9448818897638 4299.212598425197 392.12598425196853 103.93700787401575 moulin
1677.1653543307086 4299.212598425197 902.3622047244095 103.93700787401575 (St

859.8425196850394 4429.921259842519 565.3543307086615 96.06299212598425 *715
1311.8110236220473 4429.921259842519 527.5590551181102 96.06299212598425 Morsalines
1688.1889763779527 4429.921259842519 414.1732283464567 96.06299212598425 (Manche).
