3483.464566929134 5108.6614173228345
1530.708661417323 530.7086614173228 330.70866141732284 92.91338582677166 —
1596.8503937007874 530.7086614173228 264.56692913385825 92.91338582677166 53

801.5748031496063 699.2125984251968 555.9055118110236 103.93700787401575 *844
1247.244094488189 699.2125984251968 222.04724409448818 103.93700787401575 En
1357.4803149606298 699.2125984251968 481.8897637795276 103.93700787401575 Bretagne,
1729.1338582677165 699.2125984251968 222.04724409448818 103.93700787401575 n°
1803.1496062992126 699.2125984251968 148.03149606299212 103.93700787401575 2.

806.2992125984252 811.0236220472441 560.6299212598425 100.78740157480316 *845
1255.1181102362204 811.0236220472441 223.6220472440945 100.78740157480316 En
1366.9291338582677 811.0236220472441 486.61417322834643 100.78740157480316 Bretagne,
1741.732283464567 811.0236220472441 223.6220472440945 100.78740157480316 n°
1815.748031496063 811.0236220472441 149.60629921259843 100.78740157480316 3.

811.0236220472441 924.4094488188977 577.9527559055118 102.36220472440945 *846
1272.4409448818897 924.4094488188977 231.49606299212599 102.36220472440945 En
1387.4015748031495 924.4094488188977 500.78740157480314 102.36220472440945 Bretagne,
1733.8582677165355 924.4094488188977 231.49606299212599 102.36220472440945 n°4.

822.0472440944882 1033.0708661417323 551.1811023622047 103.93700787401575 *847
1262.992125984252 1033.0708661417323 220.4724409448819 103.93700787401575 En
1373.2283464566929 1033.0708661417323 477.1653543307087 103.93700787401575 Bretagne,
1740.1574803149606 1033.0708661417323 220.4724409448819 103.93700787401575 n°
1814.1732283464567 1033.0708661417323 146.45669291338584 103.93700787401575 5.

815.7480314960629 1149.6062992125985 555.9055118110236 97.63779527559055 *848
1261.4173228346456 1149.6062992125985 370.0787401574803 97.63779527559055 Nature
1521.259842519685 1149.6062992125985 370.0787401574803 97.63779527559055 morte,
1781.1023622047244 1149.6062992125985 222.04724409448818 97.63779527559055 n°
1855.1181102362204 1149.6062992125985 148.03149606299212 97.63779527559055 1.

815.7480314960629 1253.5433070866143 568.503937007874 108.66141732283465 *849
1269.291338582677 1253.5433070866143 377.9527559055118 108.66141732283465 Nature
1535.4330708661416 1253.5433070866143 377.9527559055118 108.66141732283465 morte,
1800.0 1253.5433070866143 226.77165354330708 108.66141732283465 n°
1875.5905511811025 1253.5433070866143 113.38582677165354 108.66141732283465 2

796.8503937007874 1368.5039370078741 562.2047244094488 108.66141732283465 *850
1247.244094488189 1368.5039370078741 374.8031496062992 108.66141732283465 Nature
1510.236220472441 1368.5039370078741 374.8031496062992 108.66141732283465 morte,
1771.6535433070867 1368.5039370078741 225.1968503937008 108.66141732283465 n°
1847.244094488189 1368.5039370078741 149.60629921259843 108.66141732283465 3.

571.6535433070866 1674.015748031496 294.48818897637796 96.06299212598425 OSBERT,
785.8267716535433 1674.015748031496 348.0314960629921 96.06299212598425 Alphonse,
1053.5433070866143 1674.015748031496 160.62992125984252 96.06299212598425 né
1133.8582677165355 1674.015748031496 133.85826771653544 96.06299212598425 à
1187.4015748031495 1674.015748031496 240.9448818897638 96.06299212598425 Paris
1349.6062992125985 1674.015748031496 133.85826771653544 96.06299212598425 —
1403.1496062992126 1674.015748031496 133.85826771653544 96.06299212598425 7
1456.6929133858268 1674.015748031496 160.62992125984252 96.06299212598425 et
1537.007874015748 1674.015748031496 160.62992125984252 96.06299212598425 9,
1617.3228346456692 1674.015748031496 187.4015748031496 96.06299212598425 rue
1697.6377952755906 1674.015748031496 214.17322834645668 96.06299212598425 Alain

617.3228346456693 1790.5511811023623 448.81889763779526 88.18897637795276 Chartier.

842.5196850393701 1985.8267716535433 540.1574803149606 100.78740157480316 851
1267.716535433071 1985.8267716535433 462.99212598425197 100.78740157480316 Couchant
1615.748031496063 1985.8267716535433 270.86614173228344 100.78740157480316 sur
1770.0787401574803 1985.8267716535433 231.49606299212599 100.78740157480316 la
1847.244094488189 1985.8267716535433 231.49606299212599 100.78740157480316 mer.

858.2677165354331 2103.9370078740158 527.5590551181102 105.51181102362204 852
1272.4409448818897 2103.9370078740158 300.78740157480314 105.51181102362204 Dans
1461.4173228346456 2103.9370078740158 262.99212598425197 105.51181102362204 les
1574.8031496062993 2103.9370078740158 338.5826771653543 105.51181102362204 champs.

842.5196850393701 2228.3464566929133 546.4566929133858 100.78740157480316 853
1272.4409448818897 2228.3464566929133 313.38582677165357 100.78740157480316 Dans
1467.716535433071 2228.3464566929133 274.01574803149606 100.78740157480316 les
1625.1968503937007 2228.3464566929133 469.29133858267716 100.78740157480316 bouleaux
1976.3779527559054 2228.3464566929133 234.64566929133858 100.78740157480316 le
2053.5433070866143 2228.3464566929133 313.38582677165357 100.78740157480316 matin.

853.5433070866142 2346.4566929133857 530.7086614173228 100.78740157480316 854
1270.8661417322835 2346.4566929133857 228.3464566929134 100.78740157480316 En
1384.251968503937 2346.4566929133857 266.1417322834646 100.78740157480316 vue
1537.007874015748 2346.4566929133857 228.3464566929134 100.78740157480316 de
1612.5984251968505 2346.4566929133857 417.3228346456693 100.78740157480316 Pontoise.

862.992125984252 2474.015748031496 535.4330708661417 103.93700787401575 855
1283.4645669291338 2474.015748031496 307.0866141732283 103.93700787401575 Dans
1475.5905511811025 2474.015748031496 267.7165354330709 103.93700787401575 les
1628.3464566929133 2474.015748031496 382.6771653543307 103.93700787401575 sables
1896.0629921259842 2474.015748031496 229.92125984251967 103.93700787401575 de
2011.023622047244 2474.015748031496 422.0472440944882 103.93700787401575 Biville
2278.740157480315 2474.015748031496 422.0472440944882 103.93700787401575 (Manche).

861.4173228346457 2592.1259842519685 546.4566929133858 108.66141732283465 856
1291.3385826771653 2592.1259842519685 351.18110236220474 108.66141732283465 Marée
1525.984251968504 2592.1259842519685 351.18110236220474 108.66141732283465 basse
1759.0551181102362 2592.1259842519685 234.64566929133858 108.66141732283465 le
1877.1653543307086 2592.1259842519685 311.81102362204723 108.66141732283465 soir
2072.4409448818897 2592.1259842519685 195.2755905511811 108.66141732283465 à
2149.6062992125985 2592.1259842519685 467.7165354330709 108.66141732283465 Diélette
2461.417322834646 2592.1259842519685 429.9212598425197 108.66141732283465 (Manche).

856.6929133858267 2714.9606299212596 560.6299212598425 105.51181102362204 857
1296.0629921259842 2714.9606299212596 360.62992125984255 105.51181102362204 Route
1537.007874015748 2714.9606299212596 239.37007874015748 105.51181102362204 de
1656.6929133858268 2714.9606299212596 640.9448818897638 105.51181102362204 Chennevières
2137.0078740157483 2714.9606299212596 719.6850393700787 105.51181102362204 (Seine

856.6929133858267 2840.9448818897636 511.81102362204723 102.36220472440945 858
1258.267716535433 2840.9448818897636 218.89763779527559 102.36220472440945 Le
1368.5039370078741 2840.9448818897636 292.9133858267717 102.36220472440945 soir
1551.1811023622047 2840.9448818897636 255.11811023622047 102.36220472440945 sur
1696.0629921259842 2840.9448818897636 218.89763779527559 102.36220472440945 la
1770.0787401574803 2840.9448818897636 218.89763779527559 102.36220472440945 mer.

562.2047244094488 3192.1259842519685 510.23622047244095 96.06299212598425 OSBERT,
932.2834645669292 3192.1259842519685 510.23622047244095 96.06299212598425 Edmond.
1303.9370078740158 3192.1259842519685 231.49606299212599 96.06299212598425 —
1395.275590551181 3192.1259842519685 324.40944881889766 96.06299212598425 38,
1581.1023622047244 3192.1259842519685 324.40944881889766 96.06299212598425 rue
1766.9291338582677 3192.1259842519685 510.23622047244095 96.06299212598425 Singer,
2091.3385826771655 3192.1259842519685 648.8188976377953 96.06299212598425 Paris

853.5433070866142 3343.3070866141734 538.5826771653543 99.21259842519684 859
1275.5905511811025 3343.3070866141734 577.9527559055118 99.21259842519684 Crépuscule.
1699.2125984251968 3343.3070866141734 346.45669291338584 99.21259842519684 Fusain,

845.6692913385826 3464.566929133858 529.1338582677165 100.78740157480316 860
1261.4173228346456 3464.566929133858 226.77165354330708 100.78740157480316 Au
1374.8031496062993 3464.566929133858 377.9527559055118 100.78740157480316 large.
1601.5748031496064 3464.566929133858 340.15748031496065 100.78740157480316 Fuiasn.

557.4803149606299 3851.968503937008 514.9606299212599 99.21259842519684 PAQUEAU,
943.3070866141733 3851.968503937008 472.4409448818898 99.21259842519684 Gaston,
1286.6141732283465 3851.968503937008 258.26771653543307 99.21259842519684 né
1415.748031496063 3851.968503937008 214.17322834645668 99.21259842519684 à
1500.7874015748032 3851.968503937008 686.6141732283464 99.21259842519684 Schiltigheim
2059.8425196850394 3851.968503937008 557.4803149606299 99.21259842519684 (Alsace).
2488.1889763779527 3851.968503937008 214.17322834645668 99.21259842519684 —
2574.803149606299 3851.968503937008 300.78740157480314 99.21259842519684 30,
2703.9370078740158 3851.968503937008 214.17322834645668 99.21259842519684 rue

672.4409448818898 3963.779527559055 1190.5511811023623 91.33858267716535 Notre-Dame-des-Champs,
1678.740157480315 3963.779527559055 366.92913385826773 91.33858267716535 Paris.

855.1181102362204 4166.929133858268 505.51181102362204 96.06299212598425 861
1215.748031496063 4166.929133858268 433.07086614173227 96.06299212598425 «Pensive».

867.7165354330708 4280.314960629921 488.18897637795277 96.06299212598425 862
1251.9685039370079 4280.314960629921 209.4488188976378 96.06299212598425 Au
1321.259842519685 4280.314960629921 384.251968503937 96.06299212598425 Calvaire.

801.5748031496063 4442.51968503937 311.81102362204723 100.78740157480316 .....
1009.4488188976378 4442.51968503937 311.81102362204723 100.78740157480316 «Près
1217.3228346456692 4442.51968503937 207.8740157480315 100.78740157480316 de
1321.259842519685 4442.51968503937 277.1653543307087 100.78740157480316 lui,
1496.0629921259842 4442.51968503937 485.03937007874015 100.78740157480316 lentement,
1877.1653543307086 4442.51968503937 485.03937007874015 100.78740157480316 Magdeleine
2258.267716535433 4442.51968503937 242.51968503937007 100.78740157480316 est
2398.4251968503936 4442.51968503937 381.1023622047244 100.78740157480316 montée»
2675.5905511811025 4442.51968503937 242.51968503937007 100.78740157480316 Ch.
2779.527559055118 4442.51968503937 138.58267716535434 100.78740157480316 P.
