3628.3464566929133 5121.259842519685
1631.4960629921259 453.54330708661416 248.8188976377953 103.93700787401575 62
1713.3858267716535 453.54330708661416 124.40944881889764 103.93700787401575 —

497.6377952755906 639.3700787401575 559.0551181102362 105.51181102362204 ROBERT,
903.9370078740158 639.3700787401575 965.3543307086615 105.51181102362204 Armand-Auguste,
1718.1102362204724 639.3700787401575 305.51181102362204 105.51181102362204 né
1869.291338582677 639.3700787401575 253.54330708661416 105.51181102362204 à
1971.6535433070867 639.3700787401575 305.51181102362204 105.51181102362204 la
2124.4094488188975 639.3700787401575 458.26771653543307 105.51181102362204 Ferté
2377.952755905512 639.3700787401575 508.66141732283467 105.51181102362204 sur

596.8503937007874 762.2047244094488 807.8740157480315 100.78740157480316 (Haute-Marme).
1270.8661417322835 762.2047244094488 225.1968503937008 100.78740157480316 —
1360.6299212598426 762.2047244094488 314.96062992125985 100.78740157480316 45,
1540.1574803149606 762.2047244094488 314.96062992125985 100.78740157480316 rue
1719.6850393700788 762.2047244094488 448.81889763779526 100.78740157480316 Vavin,
1988.976377952756 762.2047244094488 359.0551181102362 100.78740157480316 Paris.

718.1102362204724 935.4330708661417 644.0944881889764 108.66141732283465 1007
1233.0708661417323 935.4330708661417 385.8267716535433 108.66141732283465 Vieux
1489.763779527559 935.4330708661417 428.34645669291336 108.66141732283465 saules
1790.5511811023623 935.4330708661417 300.78740157480314 108.66141732283465 sur
1962.2047244094488 935.4330708661417 300.78740157480314 108.66141732283465 les
2133.8582677165355 935.4330708661417 385.8267716535433 108.66141732283465 bords
2390.551181102362 935.4330708661417 256.6929133858268 108.66141732283465 de
2477.165354330709 935.4330708661417 385.8267716535433 108.66141732283465 l’Aube.

718.1102362204724 1062.992125984252 623.6220472440945 103.93700787401575 1008
1217.3228346456692 1062.992125984252 248.8188976377953 103.93700787401575 La
1341.732283464567 1062.992125984252 374.8031496062992 103.93700787401575 Fosse
1590.5511811023623 1062.992125984252 248.8188976377953 103.93700787401575 de
1714.9606299212599 1062.992125984252 248.8188976377953 103.93700787401575 la
1840.9448818897638 1062.992125984252 499.21259842519686 103.93700787401575 Prairie,
2214.1732283464567 1062.992125984252 207.8740157480315 103.93700787401575 à
2297.6377952755906 1062.992125984252 248.8188976377953 103.93700787401575 la
2381.1023622047246 1062.992125984252 499.21259842519686 103.93700787401575 Ferté

1113.3858267716535 1188.976377952756 370.0787401574803 92.91338582677166 Aube.

485.03937007874015 1472.4409448818897 535.4330708661417 103.93700787401575 ROBERT,
875.5905511811023 1472.4409448818897 535.4330708661417 103.93700787401575 Eugène,
1264.5669291338584 1472.4409448818897 292.9133858267717 103.93700787401575 né
1411.023622047244 1472.4409448818897 244.09448818897638 103.93700787401575 à
1508.6614173228347 1472.4409448818897 486.61417322834643 103.93700787401575 Paris.
1800.0 1472.4409448818897 146.45669291338584 103.93700787401575 —

1930.708661417323 1477.1653543307086 308.66141732283467 100.78740157480316 25,
2107.0866141732286 1477.1653543307086 308.66141732283467 100.78740157480316 rue
2239.3700787401576 1477.1653543307086 529.1338582677165 100.78740157480316 Clapeyron.

741.7322834645669 1656.6929133858268 552.7559055118111 94.48818897637796 1009
1182.6771653543308 1656.6929133858268 368.503937007874 94.48818897637796 L’Oise
1440.9448818897638 1656.6929133858268 184.251968503937 94.48818897637796 à
1478.740157480315 1656.6929133858268 404.7244094488189 94.48818897637796 Pontoise.

743.3070866141733 1779.5275590551182 606.2992125984252 94.48818897637796 1010
1228.3464566929133 1779.5275590551182 242.51968503937007 94.48818897637796 Le
1349.6062992125985 1779.5275590551182 363.7795275590551 94.48818897637796 vieux
1592.1259842519685 1779.5275590551182 403.1496062992126 94.48818897637796 moulin
1874.015748031496 1779.5275590551182 242.51968503937007 94.48818897637796 de
1954.3307086614172 1779.5275590551182 606.2992125984252 94.48818897637796 Villefranche.

744.8818897637796 1900.7874015748032 563.7795275590552 94.48818897637796 1011
1196.8503937007874 1900.7874015748032 225.1968503937008 94.48818897637796 Le
1310.236220472441 1900.7874015748032 300.78740157480314 94.48818897637796 port
1497.6377952755906 1900.7874015748032 225.1968503937008 94.48818897637796 de
1573.2283464566929 1900.7874015748032 262.99212598425197 94.48818897637796 Nice.

719.6850393700787 2028.3464566929133 618.8976377952756 91.33858267716535 1012
1214.1732283464567 2028.3464566929133 247.24409448818898 91.33858267716535 Le
1338.5826771653544 2028.3464566929133 412.59842519685037 91.33858267716535 marché
1626.7716535433071 2028.3464566929133 247.24409448818898 91.33858267716535 du
1751.1811023622047 2028.3464566929133 412.59842519685037 91.33858267716535 Cours,
2039.3700787401574 2028.3464566929133 206.29921259842519 91.33858267716535 à
2081.8897637795276 2028.3464566929133 288.18897637795277 91.33858267716535 Nice.

735.4330708661417 2148.031496062992 527.5590551181102 94.48818897637796 1013
1122.8346456692914 2148.031496062992 352.755905511811 94.48818897637796 Falieou.

721.2598425196851 2272.4409448818897 626.7716535433071 94.48818897637796 1014
1223.6220472440946 2272.4409448818897 418.8976377952756 94.48818897637796 Chemin
1516.5354330708662 2272.4409448818897 250.39370078740157 94.48818897637796 de
1600.0 2272.4409448818897 585.8267716535433 94.48818897637796 Saint

503.93700787401576 2584.251968503937 466.1417322834646 94.48818897637796 ROBIN,
831.496062992126 2584.251968503937 466.1417322834646 94.48818897637796 Louis,
1157.4803149606298 2584.251968503937 280.31496062992125 94.48818897637796 né
1297.6377952755906 2584.251968503937 233.0708661417323 94.48818897637796 à
1390.5511811023623 2584.251968503937 746.4566929133858 94.48818897637796 Villefranche
1996.8503937007874 2584.251968503937 559.0551181102362 94.48818897637796 (Rhône).
2415.748031496063 2584.251968503937 233.0708661417323 94.48818897637796 —
2508.6614173228345 2584.251968503937 325.98425196850394 94.48818897637796 23,
2648.818897637795 2584.251968503937 233.0708661417323 94.48818897637796 rue

611.0236220472441 2707.0866141732286 499.21259842519686 91.33858267716535 Oudinot,
943.3070866141733 2707.0866141732286 332.2834645669291 91.33858267716535 Paris.

722.8346456692914 2883.464566929134 604.7244094488188 94.48818897637796 1015
1207.8740157480315 2883.464566929134 281.8897637795276 94.48818897637796 Une
1368.5039370078741 2883.464566929134 362.20472440944883 94.48818897637796 jeune
1570.0787401574803 2883.464566929134 281.8897637795276 94.48818897637796 mère.

505.51181102362204 3006.299212598425 385.8267716535433 97.63779527559055 ROUGÉ
762.2047244094488 3006.299212598425 341.73228346456693 97.63779527559055 (Mme
976.3779527559055 3006.299212598425 341.73228346456693 97.63779527559055 de),
1188.976377952756 3006.299212598425 428.34645669291336 97.63779527559055 Julie,
1489.763779527559 3006.299212598425 256.6929133858268 97.63779527559055 né
1617.3228346456692 3006.299212598425 214.17322834645668 97.63779527559055 à
1703.9370078740158 3006.299212598425 428.34645669291336 97.63779527559055 Paris.
2003.1496062992126 3006.299212598425 214.17322834645668 97.63779527559055 —
2088.1889763779527 3006.299212598425 299.21259842519686 97.63779527559055 19,
2259.8425196850394 3006.299212598425 341.73228346456693 97.63779527559055 quai
2429.9212598425197 3006.299212598425 428.34645669291336 97.63779527559055 Bourbon.

754.3307086614174 3127.5590551181103 661.4173228346457 103.93700787401575 1016
1283.4645669291338 3127.5590551181103 308.66141732283467 103.93700787401575 Les
1459.8425196850394 3127.5590551181103 617.3228346456693 103.93700787401575 Flammiers,
1943.3070866141732 3127.5590551181103 352.755905511811 103.93700787401575 près
2163.779527559055 3127.5590551181103 396.8503937007874 103.93700787401575 Reims
2384.251968503937 3127.5590551181103 440.9448818897638 103.93700787401575 (Marne).

1196.8503937007874 3251.968503937008 488.18897637795277 94.48818897637796 Aquarelle.

719.6850393700787 3374.803149606299 667.7165354330708 97.63779527559055 1017
1253.5433070866143 3374.803149606299 579.5275590551181 97.63779527559055 Tinqueux,
1699.2125984251968 3374.803149606299 355.90551181102364 97.63779527559055 près
1921.259842519685 3374.803149606299 400.0 97.63779527559055 Reims
2188.9763779527557 3374.803149606299 533.8582677165355 97.63779527559055 (Marne).
2544.8818897637793 3374.803149606299 311.81102362204723 97.63779527559055 Aqua

1135.4330708661416 3500.787401574803 296.06299212598424 94.48818897637796 relle.

492.9133858267717 3811.0236220472443 533.8582677165355 99.21259842519684 ROUILLE,
892.9133858267717 3811.0236220472443 400.0 99.21259842519684 Léon,
1160.6299212598426 3811.0236220472443 267.7165354330709 99.21259842519684 né
1294.4881889763778 3811.0236220472443 222.04724409448818 99.21259842519684 à
1382.6771653543308 3811.0236220472443 533.8582677165355 99.21259842519684 Josselin
1784.251968503937 3811.0236220472443 667.7165354330708 99.21259842519684 (Morbihan).
2318.1102362204724 3811.0236220472443 222.04724409448818 99.21259842519684 —
2406.299212598425 3811.0236220472443 311.81102362204723 99.21259842519684 20,
2540.1574803149606 3811.0236220472443 311.81102362204723 99.21259842519684 place

596.8503937007874 3932.283464566929 291.33858267716533 92.91338582677166 des
762.2047244094488 3932.283464566929 456.6929133858268 92.91338582677166 Halles,
1094.4881889763778 3932.283464566929 456.6929133858268 92.91338582677166 Ancenis
1385.8267716535433 3932.283464566929 872.4409448818898 92.91338582677166 (Loire

711.8110236220473 4110.236220472441 592.1259842519685 96.06299212598425 1018
1185.8267716535433 4110.236220472441 434.6456692913386 96.06299212598425 Matinée
1500.7874015748032 4110.236220472441 236.2204724409449 96.06299212598425 de
1618.8976377952756 4110.236220472441 434.6456692913386 96.06299212598425 juillet
1935.4330708661416 4110.236220472441 236.2204724409449 96.06299212598425 au
2053.5433070866143 4110.236220472441 314.96062992125985 96.06299212598425 bord
2250.3937007874015 4110.236220472441 236.2204724409449 96.06299212598425 de
2368.503937007874 4110.236220472441 236.2204724409449 96.06299212598425 la
2448.818897637795 4110.236220472441 314.96062992125985 96.06299212598425 Loire.

699.2125984251968 4237.795275590551 628.3464566929134 94.48818897637796 1019
1203.1496062992126 4237.795275590551 502.3622047244094 94.48818897637796 Environs
1579.5275590551182 4237.795275590551 544.8818897637796 94.48818897637796 d’Ancenis
2000.0 4237.795275590551 251.96850393700788 94.48818897637796 (4
2124.4094488188975 4237.795275590551 502.3622047244094 94.48818897637796 pochades
2502.3622047244094 4237.795275590551 335.43307086614175 94.48818897637796 dans
2670.8661417322833 4237.795275590551 166.9291338582677 94.48818897637796 un

1099.2125984251968 4360.629921259842 412.59842519685037 99.21259842519684 cadre).
