3294.488188976378 5108.6614173228345
1530.708661417323 489.76377952755905 251.96850393700788 94.48818897637796 —
1631.4960629921259 489.76377952755905 302.3622047244094 94.48818897637796 63
1732.283464566929 489.76377952755905 151.1811023622047 94.48818897637796 —

510.23622047244095 678.7401574803149 537.007874015748 94.48818897637796 ROUSSEAU,
922.8346456692914 678.7401574803149 414.1732283464567 94.48818897637796 Henri,
1212.5984251968505 678.7401574803149 248.8188976377953 94.48818897637796 né
1337.007874015748 678.7401574803149 206.29921259842519 94.48818897637796 à
1420.4724409448818 678.7401574803149 414.1732283464567 94.48818897637796 Laval.
1710.236220472441 678.7401574803149 206.29921259842519 94.48818897637796 —
1792.1259842519685 678.7401574803149 248.8188976377953 94.48818897637796 18
1916.5354330708662 678.7401574803149 620.4724409448819 94.48818897637796 bis,
2412.5984251968503 678.7401574803149 455.11811023622045 94.48818897637796 impasse
2702.3622047244094 678.7401574803149 165.35433070866142 94.48818897637796 du

1209.4488188976377 795.2755905511812 385.8267716535433 85.03937007874016 Maine
1423.6220472440946 795.2755905511812 343.3070866141732 85.03937007874016 Paris.

713.3858267716536 949.6062992125984 648.8188976377953 88.18897637795276 *1020
1240.9448818897638 949.6062992125984 244.09448818897638 88.18897637795276 Un
1362.2047244094488 949.6062992125984 568.503937007874 88.18897637795276 centenaire
1809.4488188976377 949.6062992125984 244.09448818897638 88.18897637795276 de
1889.763779527559 949.6062992125984 689.7637795275591 88.18897637795276 l’indépendance.

1418.8976377952756 1081.8897637795276 212.5984251968504 66.14173228346456 Le
1524.4094488188975 1081.8897637795276 354.3307086614173 66.14173228346456 peuple
1771.6535433070867 1081.8897637795276 318.1102362204724 66.14173228346456 danse
1984.251968503937 1081.8897637795276 354.3307086614173 66.14173228346456 autour
2233.0708661417325 1081.8897637795276 247.24409448818898 66.14173228346456 des
2374.803149606299 1081.8897637795276 283.46456692913387 66.14173228346456 deux
2516.535433070866 1081.8897637795276 247.24409448818898 66.14173228346456 Répu-

1478.740157480315 1170.0787401574803 382.6771653543307 67.71653543307086 bliques,
1765.3543307086613 1170.0787401574803 286.61417322834643 67.71653543307086 celle
1957.4803149606298 1170.0787401574803 192.1259842519685 67.71653543307086 de
2051.968503937008 1170.0787401574803 255.11811023622047 67.71653543307086 1792
2212.5984251968503 1170.0787401574803 192.1259842519685 67.71653543307086 et
2307.0866141732286 1170.0787401574803 286.61417322834643 67.71653543307086 celle
2499.212598425197 1170.0787401574803 192.1259842519685 67.71653543307086 de
2562.2047244094488 1170.0787401574803 192.1259842519685 67.71653543307086 1892

1472.4409448818897 1259.8425196850394 209.4488188976378 64.56692913385827 se
1576.3779527559054 1259.8425196850394 382.6771653543307 64.56692913385827 donnant
1855.1181102362204 1259.8425196850394 209.4488188976378 64.56692913385827 la
1959.0551181102362 1259.8425196850394 278.74015748031496 64.56692913385827 main
2133.8582677165355 1259.8425196850394 244.09448818897638 64.56692913385827 sur
2272.4409448818897 1259.8425196850394 313.38582677165357 64.56692913385827 l’air
2480.314960629921 1259.8425196850394 244.09448818897638 64.56692913385827 de:
2585.8267716535433 1259.8425196850394 173.22834645669292 64.56692913385827 Au-

1497.6377952755906 1349.6062992125985 253.54330708661416 67.71653543307086 près
1655.1181102362204 1349.6062992125985 188.9763779527559 67.71653543307086 de
1751.1811023622047 1349.6062992125985 188.9763779527559 67.71653543307086 ma
1845.6692913385828 1349.6062992125985 348.0314960629921 67.71653543307086 blonde,
2097.6377952755906 1349.6062992125985 285.03937007874015 67.71653543307086 qu’il
2288.1889763779527 1349.6062992125985 253.54330708661416 67.71653543307086 fait
2445.6692913385828 1349.6062992125985 253.54330708661416 67.71653543307086 bon,
2573.228346456693 1349.6062992125985 188.9763779527559 67.71653543307086 fait

1486.6141732283465 1439.3700787401574 244.09448818897638 67.71653543307086 bon,
1639.3700787401574 1439.3700787401574 244.09448818897638 67.71653543307086 fait
1792.1259842519685 1439.3700787401574 244.09448818897638 67.71653543307086 bon,
1913.3858267716535 1439.3700787401574 184.251968503937 67.71653543307086 etc.

744.8818897637796 1596.8503937007874 634.6456692913385 88.18897637795276 1021
1253.5433070866143 1596.8503937007874 508.66141732283467 88.18897637795276 Portrait
1634.6456692913387 1596.8503937007874 253.54330708661416 88.18897637795276 de
1762.2047244094488 1596.8503937007874 338.5826771653543 88.18897637795276 Mlle
1973.2283464566929 1596.8503937007874 423.62204724409446 88.18897637795276 Jeanne
2269.2913385826773 1596.8503937007874 634.6456692913385 88.18897637795276 (Appartient
2735.433070866142 1596.8503937007874 127.55905511811024 88.18897637795276 à

1214.1732283464567 1711.8110236220473 225.1968503937008 85.03937007874016 M.
1289.763779527559 1711.8110236220473 262.99212598425197 85.03937007874016 R...)

759.0551181102362 1820.4724409448818 565.3543307086615 85.03937007874016 1022
1211.023622047244 1820.4724409448818 451.9685039370079 85.03937007874016 Portrait
1551.1811023622047 1820.4724409448818 226.77165354330708 85.03937007874016 de
1664.5669291338584 1820.4724409448818 264.56692913385825 85.03937007874016 Mme
1776.3779527559054 1820.4724409448818 226.77165354330708 85.03937007874016 L...

740.1574803149606 1932.283464566929 681.8897637795276 86.61417322834646 *1023
1294.4881889763778 1932.283464566929 297.6377952755906 86.61417322834646 Vue
1464.5669291338584 1932.283464566929 255.11811023622047 86.61417322834646 de
1592.1259842519685 1932.283464566929 255.11811023622047 86.61417322834646 la
1719.6850393700788 1932.283464566929 384.251968503937 86.61417322834646 porte
1976.3779527559054 1932.283464566929 255.11811023622047 86.61417322834646 du
2103.9370078740158 1932.283464566929 639.3700787401575 86.61417322834646 Bas-Meudon,
2573.228346456693 1932.283464566929 297.6377952755906 86.61417322834646 après

1206.2992125984251 2047.244094488189 220.4724409448819 81.88976377952756 la
1278.740157480315 2047.244094488189 294.48818897637796 81.88976377952756 pluie.

746.4566929133858 2152.755905511811 609.4488188976378 85.03937007874016 1024
1233.0708661417323 2152.755905511811 283.46456692913387 85.03937007874016 Vue
1396.8503937007874 2152.755905511811 244.09448818897638 85.03937007874016 du
1518.1102362204724 2152.755905511811 324.40944881889766 85.03937007874016 pont
1721.259842519685 2152.755905511811 244.09448818897638 85.03937007874016 de
1842.5196850393702 2152.755905511811 486.61417322834643 85.03937007874016 Grenelle
2166.9291338582675 2152.755905511811 568.503937007874 85.03937007874016 (Trocadéro).

719.6850393700787 2269.2913385826773 707.0866141732283 86.61417322834646 1025
1300.7874015748032 2269.2913385826773 623.6220472440945 86.61417322834646 Débardeurs.
1800.0 2269.2913385826773 458.26771653543307 86.61417322834646 Dessin.
2133.8582677165355 2269.2913385826773 623.6220472440945 86.61417322834646 (Appartient
2633.0708661417325 2269.2913385826773 207.8740157480315 86.61417322834646 à
2674.015748031496 2269.2913385826773 207.8740157480315 86.61417322834646 mon

1171.6535433070867 2379.527559055118 329.13385826771656 88.18897637795276 ami
1359.0551181102362 2379.527559055118 469.29133858267716 88.18897637795276 Claude
1642.5196850393702 2379.527559055118 423.62204724409446 88.18897637795276 Goubot.

522.8346456692914 2664.566929133858 480.31496062992125 92.91338582677166 ROUSSEL,
881.8897637795276 2664.566929133858 759.0551181102362 92.91338582677166 Henri-François,
1521.259842519685 2664.566929133858 239.37007874015748 92.91338582677166 né
1640.9448818897638 2664.566929133858 200.0 92.91338582677166 à
1721.259842519685 2664.566929133858 400.0 92.91338582677166 Paris.
2001.5748031496064 2664.566929133858 200.0 92.91338582677166 —
2081.8897637795276 2664.566929133858 319.68503937007875 92.91338582677166 122,
2240.9448818897636 2664.566929133858 200.0 92.91338582677166 rue

571.6535433070866 2779.527559055118 422.0472440944882 89.76377952755905 d’Assas.

770.0787401574803 2935.433070866142 549.6062992125984 89.76377952755905 1026
1209.4488188976377 2935.433070866142 366.92913385826773 89.76377952755905 Saules
1466.1417322834645 2935.433070866142 220.4724409448819 89.76377952755905 et
1540.1574803149606 2935.433070866142 439.37007874015745 89.76377952755905 Peupliers.

748.0314960629921 3048.818897637795 601.5748031496063 89.76377952755905 1027
1228.3464566929133 3048.818897637795 360.62992125984255 89.76377952755905 Champ
1469.291338582677 3048.818897637795 240.9448818897638 89.76377952755905 de
1549.6062992125985 3048.818897637795 562.2047244094488 89.76377952755905 Coquelicots.

751.1811023622047 3159.0551181102364 549.6062992125984 88.18897637795276 1628
1190.5511811023623 3159.0551181102364 330.70866141732284 88.18897637795276 Effet
1411.023622047244 3159.0551181102364 220.4724409448819 88.18897637795276 de
1483.4645669291338 3159.0551181102364 477.1653543307087 88.18897637795276 brouillard.

749.6062992125984 3267.716535433071 593.7007874015748 92.91338582677166 1029
1223.6220472440946 3267.716535433071 355.90551181102364 92.91338582677166 Bords
1461.4173228346456 3267.716535433071 237.79527559055117 92.91338582677166 de
1579.5275590551182 3267.716535433071 237.79527559055117 92.91338582677166 la
1699.2125984251968 3267.716535433071 355.90551181102364 92.91338582677166 Seine
1935.4330708661416 3267.716535433071 198.4251968503937 92.91338582677166 à
1976.3779527559054 3267.716535433071 474.01574803149606 92.91338582677166 Bonnières.

738.5826771653543 3385.8267716535433 581.1023622047244 86.61417322834646 1030
1203.1496062992126 3385.8267716535433 464.56692913385825 86.61417322834646 Barrière
1552.755905511811 3385.8267716535433 310.23622047244095 86.61417322834646 dans
1744.8818897637796 3385.8267716535433 231.49606299212599 86.61417322834646 un
1823.6220472440946 3385.8267716535433 231.49606299212599 86.61417322834646 pré.

741.7322834645669 3496.0629921259842 541.7322834645669 91.33858267716535 1031
1174.8031496062993 3496.0629921259842 324.40944881889766 91.33858267716535 Allée
1392.1259842519685 3496.0629921259842 217.3228346456693 91.33858267716535 de
1464.5669291338584 3496.0629921259842 324.40944881889766 91.33858267716535 jardin.

749.6062992125984 3606.299212598425 584.2519685039371 96.06299212598425 1032
1217.3228346456692 3606.299212598425 428.34645669291336 96.06299212598425 Maisons
1529.1338582677165 3606.299212598425 195.2755905511811 96.06299212598425 à
1566.9291338582677 3606.299212598425 351.18110236220474 96.06299212598425 Glaton.

516.5354330708661 3892.9133858267714 351.18110236220474 103.93700787401575 ROY,
735.4330708661417 3892.9133858267714 439.37007874015745 103.93700787401575 Louis,
1044.0944881889764 3892.9133858267714 262.99212598425197 103.93700787401575 né
1174.8031496062993 3892.9133858267714 218.89763779527559 103.93700787401575 à
1262.992125984252 3892.9133858267714 483.46456692913387 103.93700787401575 Poligny
1614.1732283464567 3892.9133858267714 525.9842519685039 103.93700787401575 (Jura).—
2009.4488188976377 3892.9133858267714 351.18110236220474 103.93700787401575 213,
2228.3464566929133 3892.9133858267714 307.0866141732283 103.93700787401575 rue
2360.6299212598424 3892.9133858267714 525.9842519685039 103.93700787401575 Lafayette,

576.3779527559055 4011.0236220472443 314.96062992125985 89.76377952755905 Paris.

760.6299212598425 4173.228346456693 540.1574803149606 85.03937007874016 1033
1157.4803149606298 4173.228346456693 360.62992125984255 85.03937007874016 Paysans.

737.007874015748 4283.464566929134 606.2992125984252 88.18897637795276 1034
1222.0472440944882 4283.464566929134 242.51968503937007 88.18897637795276 La
1343.3070866141732 4283.464566929134 404.7244094488189 88.18897637795276 Vallée
1626.7716535433071 4283.464566929134 242.51968503937007 88.18897637795276 de
1748.0314960629921 4283.464566929134 322.8346456692913 88.18897637795276 Vaux
1949.6062992125985 4283.464566929134 283.46456692913387 88.18897637795276 sur
2070.8661417322833 4283.464566929134 404.7244094488189 88.18897637795276 Poligny.

735.4330708661417 4392.1259842519685 581.1023622047244 92.91338582677166 1035
1200.0 4392.1259842519685 348.0314960629921 92.91338582677166 Etude
1433.0708661417323 4392.1259842519685 310.23622047244095 92.91338582677166 dans
1626.7716535433071 4392.1259842519685 231.49606299212599 92.91338582677166 le
1703.9370078740158 4392.1259842519685 270.86614173228344 92.91338582677166 Jura.
