3666.1417322834645 5083.464566929134
1551.1811023622047 458.26771653543307 248.8188976377953 88.18897637795276 —
1650.3937007874015 458.26771653543307 297.6377952755906 88.18897637795276 66
1749.6062992125985 458.26771653543307 149.60629921259843 88.18897637795276 —

765.3543307086615 645.6692913385826 574.8031496062993 85.03937007874016 1071
1225.1968503937007 645.6692913385826 307.0866141732283 85.03937007874016 Pour
1415.748031496063 645.6692913385826 229.92125984251967 85.03937007874016 la
1492.9133858267717 645.6692913385826 344.88188976377955 85.03937007874016 France.

771.6535433070866 759.0551181102362 590.5511811023622 85.03937007874016 1072
1244.0944881889764 759.0551181102362 472.4409448818898 85.03937007874016 Portrait
1598.4251968503936 759.0551181102362 236.2204724409449 85.03937007874016 de
1716.5354330708662 759.0551181102362 236.2204724409449 85.03937007874016 M.
1834.6456692913387 759.0551181102362 275.59055118110234 85.03937007874016 Ch.
1952.755905511811 759.0551181102362 314.96062992125985 85.03937007874016 Boyer.

551.1811023622047 1040.9448818897638 516.5354330708661 91.33858267716535 SERRET,
927.5590551181102 1040.9448818897638 987.4015748031496 91.33858267716535 Charles-Emmanuel,
1773.2283464566929 1040.9448818897638 281.8897637795276 91.33858267716535 né
1913.3858267716535 1040.9448818897638 234.64566929133858 91.33858267716535 à
2007.8740157480315 1040.9448818897638 516.5354330708661 91.33858267716535 Aubenas
2337.0078740157483 1040.9448818897638 563.7795275590552 91.33858267716535 (Ardèche).

765.3543307086615 1149.6062992125985 297.6377952755906 86.61417322834646 53,
935.4330708661417 1149.6062992125985 552.7559055118111 86.61417322834646 boulevard
1360.6299212598426 1149.6062992125985 467.7165354330709 86.61417322834646 Bineau,
1658.267716535433 1149.6062992125985 425.1968503937008 86.61417322834646 Neuilly.

777.9527559055118 1313.3858267716535 511.81102362204723 92.91338582677166 1073
1187.4015748031495 1313.3858267716535 204.7244094488189 92.91338582677166 La
1256.6929133858268 1313.3858267716535 272.4409448818898 92.91338582677166 lutte.

771.6535433070866 1433.0708661417323 579.5275590551181 85.03937007874016 1074
1236.2204724409448 1433.0708661417323 231.49606299212599 85.03937007874016 La
1313.3858267716535 1433.0708661417323 579.5275590551181 85.03937007874016 conversation.

774.8031496062993 1543.3070866141732 576.3779527559055 85.03937007874016 1075
1234.6456692913387 1543.3070866141732 461.4173228346457 85.03937007874016 Attendre
1581.1023622047244 1543.3070866141732 269.29133858267716 85.03937007874016 son
1696.0629921259842 1543.3070866141732 269.29133858267716 85.03937007874016 tour.

771.6535433070866 1655.1181102362204 617.3228346456693 85.03937007874016 1076
1264.5669291338584 1655.1181102362204 451.9685039370079 85.03937007874016 Comment
1552.755905511811 1655.1181102362204 658.2677165354331 85.03937007874016 t’appelles

774.8031496062993 1765.3543307086613 570.0787401574803 88.18897637795276 1077
1229.9212598425197 1765.3543307086613 228.3464566929134 88.18897637795276 La
1307.0866141732283 1765.3543307086613 379.5275590551181 88.18897637795276 comédie.

777.9527559055118 1881.8897637795276 596.8503937007874 80.31496062992126 1078
1255.1181102362204 1881.8897637795276 239.37007874015748 80.31496062992126 Le
1374.8031496062993 1881.8897637795276 437.79527559055117 80.31496062992126 journal
1694.4881889763778 1881.8897637795276 198.4251968503937 80.31496062992126 à
1773.2283464566929 1881.8897637795276 239.37007874015748 80.31496062992126 la
1853.5433070866143 1881.8897637795276 437.79527559055117 80.31496062992126 campagne.

777.9527559055118 1988.976377952756 573.2283464566929 81.88976377952756 1079
1236.2204724409448 1988.976377952756 267.7165354330709 81.88976377952756 Les
1388.976377952756 1988.976377952756 420.4724409448819 81.88976377952756 petites
1655.1181102362204 1988.976377952756 573.2283464566929 81.88976377952756 chasseresses.

792.1259842519685 2102.3622047244094 571.6535433070866 89.76377952755905 1080
1250.3937007874015 2102.3622047244094 228.3464566929134 89.76377952755905 La
1363.7795275590552 2102.3622047244094 305.51181102362204 89.76377952755905 sœur
1516.5354330708662 2102.3622047244094 305.51181102362204 89.76377952755905 ainée.

548.0314960629921 2390.551181102362 237.79527559055117 102.36220472440945 ★
642.5196850393701 2390.551181102362 522.8346456692914 102.36220472440945 SEURAT,
1023.6220472440945 2390.551181102362 570.0787401574803 102.36220472440945 Georges.
1450.3937007874015 2390.551181102362 237.79527559055117 102.36220472440945 —
1499.2125984251968 2390.551181102362 570.0787401574803 102.36220472440945 1859

774.8031496062993 2571.6535433070867 612.5984251968504 89.76377952755905 1081
1266.1417322834645 2571.6535433070867 286.61417322834643 89.76377952755905 Une
1428.3464566929133 2571.6535433070867 491.33858267716533 89.76377952755905 Baignade
1796.8503937007874 2571.6535433070867 450.3937007874016 89.76377952755905 (1884),
2124.4094488188975 2571.6535433070867 368.503937007874 89.76377952755905 prété
2370.0787401574803 2571.6535433070867 286.61417322834643 89.76377952755905 par
2532.283464566929 2571.6535433070867 286.61417322834643 89.76377952755905 Mme
2655.1181102362207 2571.6535433070867 245.66929133858267 89.76377952755905 Seu

1236.2204724409448 2688.1889763779527 192.1259842519685 86.61417322834646 rat.

779.5275590551181 2804.7244094488187 644.0944881889764 78.74015748031496 1082
1294.4881889763778 2804.7244094488187 258.26771653543307 78.74015748031496 Un
1423.6220472440946 2804.7244094488187 514.9606299212599 78.74015748031496 Dimanche
1809.4488188976377 2804.7244094488187 214.17322834645668 78.74015748031496 à
1894.4881889763778 2804.7244094488187 258.26771653543307 78.74015748031496 la
2023.6220472440946 2804.7244094488187 729.1338582677165 78.74015748031496 Grande-Jatte,
2581.1023622047246 2804.7244094488187 300.78740157480314 78.74015748031496 1884,

1258.267716535433 2908.6614173228345 406.2992125984252 88.18897637795276 (1886)
1543.3070866141732 2908.6614173228345 365.3543307086614 88.18897637795276 prêté
1787.4015748031495 2908.6614173228345 285.03937007874015 88.18897637795276 par
1949.6062992125985 2908.6614173228345 325.98425196850394 88.18897637795276 Mmne
2113.3858267716537 2908.6614173228345 365.3543307086614 88.18897637795276 Seurat.

793.7007874015748 3023.6220472440946 634.6456692913385 86.61417322834646 1083
1302.3622047244094 3023.6220472440946 508.66141732283467 86.61417322834646 Esquisse
1683.4645669291338 3023.6220472440946 296.06299212598424 86.61417322834646 des
1851.9685039370079 3023.6220472440946 592.1259842519685 86.61417322834646 «Poseuses»
2318.1102362204724 3023.6220472440946 466.1417322834646 86.61417322834646 (1888),
2614.1732283464567 3023.6220472440946 296.06299212598424 86.61417322834646 prêté

1256.6929133858268 3133.8582677165355 299.21259842519686 86.61417322834646 par
1426.7716535433071 3133.8582677165355 256.6929133858268 86.61417322834646 M.
1555.9055118110236 3133.8582677165355 384.251968503937 86.61417322834646 Jules
1768.5039370078741 3133.8582677165355 555.9055118110236 86.61417322834646 Christophe.

770.0787401574803 3242.51968503937 628.3464566929134 91.33858267716535 1084
1272.4409448818897 3242.51968503937 418.8976377952756 91.33858267716535 Parade
1565.3543307086613 3242.51968503937 250.39370078740157 91.33858267716535 de
1691.3385826771653 3242.51968503937 418.8976377952756 91.33858267716535 cirque
1984.251968503937 3242.51968503937 459.84251968503935 91.33858267716535 (1888),
2319.685039370079 3242.51968503937 376.37795275590554 91.33858267716535 prêté
2570.0787401574803 3242.51968503937 292.9133858267717 91.33858267716535 par
2696.0629921259842 3242.51968503937 209.4488188976378 91.33858267716535 Mme

1200.0 3355.9055118110236 377.9527559055118 86.61417322834646 Seurat.

773.2283464566929 3469.2913385826773 642.5196850393701 85.03937007874016 *1085
1294.4881889763778 3469.2913385826773 362.20472440944883 85.03937007874016 Jeune
1535.4330708661416 3469.2913385826773 362.20472440944883 85.03937007874016 femme
1776.3779527559054 3469.2913385826773 240.9448818897638 85.03937007874016 se
1897.6377952755906 3469.2913385826773 481.8897637795276 85.03937007874016 poudrant
2218.8976377952754 3469.2913385826773 362.20472440944883 85.03937007874016 (1889).

768.503937007874 3582.6771653543306 636.2204724409448 86.61417322834646 1086
1278.740157480315 3582.6771653543306 510.23622047244095 86.61417322834646 Esquisse
1659.8425196850394 3582.6771653543306 255.11811023622047 86.61417322834646 du
1787.4015748031495 3582.6771653543306 510.23622047244095 86.61417322834646 «Chahut»
2170.0787401574803 3582.6771653543306 425.1968503937008 86.61417322834646 (1890)
2466.1417322834645 3582.6771653543306 382.6771653543307 86.61417322834646 prêté
2678.740157480315 3582.6771653543306 212.5984251968504 86.61417322834646 par

1262.992125984252 3691.3385826771655 248.8188976377953 89.76377952755905 M.
1387.4015748031495 3691.3385826771655 248.8188976377953 89.76377952755905 P.
1469.291338582677 3691.3385826771655 165.35433070866142 89.76377952755905 S.

801.5748031496063 3806.299212598425 590.5511811023622 85.03937007874016 1087
1274.015748031496 3806.299212598425 393.7007874015748 85.03937007874016 Cirque
1549.6062992125985 3806.299212598425 393.7007874015748 85.03937007874016 (1891)
1826.7716535433071 3806.299212598425 354.3307086614173 85.03937007874016 prêté
2062.9921259842517 3806.299212598425 275.59055118110234 85.03937007874016 par
2220.472440944882 3806.299212598425 275.59055118110234 85.03937007874016 Mme
2338.582677165354 3806.299212598425 354.3307086614173 85.03937007874016 Seurat.

1357.4803149606298 3919.685039370079 451.9685039370079 83.46456692913385 BORDS
1659.8425196850394 3919.685039370079 302.3622047244094 83.46456692913385 DE
1760.6299212598426 3919.685039370079 352.755905511811 83.46456692913385 SEINE

768.503937007874 4031.496062992126 653.5433070866142 85.03937007874016 1088
1291.3385826771653 4031.496062992126 392.12598425196853 85.03937007874016 Etude
1552.755905511811 4031.496062992126 348.0314960629921 85.03937007874016 pour
1771.6535433070867 4031.496062992126 305.51181102362204 85.03937007874016 «Un
1944.8818897637796 4031.496062992126 522.8346456692914 85.03937007874016 dimanche
2337.0078740157483 4031.496062992126 217.3228346456693 85.03937007874016 à
2425.196850393701 4031.496062992126 261.4173228346457 85.03937007874016 la
2511.8110236220473 4031.496062992126 392.12598425196853 85.03937007874016 Grande-

1240.9448818897638 4144.881889763779 425.1968503937008 86.61417322834646 Jatte»
1538.5826771653544 4144.881889763779 467.7165354330709 86.61417322834646 (1884),
1878.740157480315 4144.881889763779 382.6771653543307 86.61417322834646 prêté
2133.8582677165355 4144.881889763779 297.6377952755906 86.61417322834646 par
2303.9370078740158 4144.881889763779 255.11811023622047 86.61417322834646 M.
2388.9763779527557 4144.881889763779 382.6771653543307 86.61417322834646 Appert.

793.7007874015748 4255.118110236221 609.4488188976378 94.48818897637796 1089
1281.8897637795276 4255.118110236221 244.09448818897638 94.48818897637796 La
1403.1496062992126 4255.118110236221 365.3543307086614 94.48818897637796 Seine
1647.244094488189 4255.118110236221 203.1496062992126 94.48818897637796 à
1727.5590551181103 4255.118110236221 568.503937007874 94.48818897637796 Courbevoie
2174.803149606299 4255.118110236221 447.244094488189 94.48818897637796 (1885),
2499.212598425197 4255.118110236221 365.3543307086614 94.48818897637796 prêté
2702.3622047244094 4255.118110236221 203.1496062992126 94.48818897637796 par

1262.992125984252 4370.078740157481 248.8188976377953 86.61417322834646 M.
1387.4015748031495 4370.078740157481 248.8188976377953 86.61417322834646 P.
1469.291338582677 4370.078740157481 165.35433070866142 86.61417322834646 S.
