3540.1574803149606 5165.354330708661
1411.023622047244 596.8503937007874 244.09448818897638 100.78740157480316 —
1508.6614173228347 596.8503937007874 292.9133858267717 100.78740157480316 71
1606.2992125984251 596.8503937007874 146.45669291338584 100.78740157480316 —

365.3543307086614 790.5511811023622 984.2519685039371 91.33858267716535 TOULOUSE-LAUTREC
1201.5748031496064 790.5511811023622 442.5196850393701 91.33858267716535 (de),
1496.0629921259842 790.5511811023622 491.33858267716533 91.33858267716535 Henri,
1840.9448818897638 790.5511811023622 294.48818897637796 91.33858267716535 né
1987.4015748031495 790.5511811023622 245.66929133858267 91.33858267716535 à
2086.6141732283463 790.5511811023622 393.7007874015748 91.33858267716535 Albi
2283.464566929134 790.5511811023622 442.5196850393701 91.33858267716535 (Tarm).

481.8897637795276 907.0866141732283 285.03937007874015 86.61417322834646 27,
644.0944881889764 907.0866141732283 285.03937007874015 86.61417322834646 rue
807.8740157480315 907.0866141732283 650.3937007874016 86.61417322834646 Caulincourt,
1294.4881889763778 907.0866141732283 325.98425196850394 86.61417322834646 Paris.

609.4488188976378 1059.8425196850394 618.8976377952756 85.03937007874016 1167
1103.9370078740158 1059.8425196850394 247.24409448818898 85.03937007874016 La
1228.3464566929133 1059.8425196850394 412.59842519685037 85.03937007874016 Goulue
1516.5354330708662 1059.8425196850394 247.24409448818898 85.03937007874016 et
1640.9448818897638 1059.8425196850394 247.24409448818898 85.03937007874016 sa
1765.3543307086613 1059.8425196850394 330.70866141732284 85.03937007874016 sœur
1929.1338582677165 1059.8425196850394 702.3622047244095 85.03937007874016 (Moulin

598.4251968503937 1174.8031496062993 650.3937007874016 81.88976377952756 1168
1119.6850393700788 1174.8031496062993 259.84251968503935 81.88976377952756 La
1250.3937007874015 1174.8031496062993 477.1653543307087 81.88976377952756 Goulue;
1596.8503937007874 1174.8031496062993 390.5511811023622 81.88976377952756 repos
1856.6929133858268 1174.8031496062993 390.5511811023622 81.88976377952756 entre
2116.535433070866 1174.8031496062993 346.45669291338584 81.88976377952756 deux
2333.8582677165355 1174.8031496062993 390.5511811023622 81.88976377952756 tours
2551.181102362205 1174.8031496062993 173.22834645669292 81.88976377952756 de

1066.1417322834645 1281.8897637795276 382.6771653543307 85.03937007874016 valse
1278.740157480315 1281.8897637795276 724.4094488188977 85.03937007874016 (Moulin

606.2992125984252 1401.5748031496064 622.0472440944882 77.16535433070867 1169
1103.9370078740158 1401.5748031496064 248.8188976377953 77.16535433070867 La
1228.3464566929133 1401.5748031496064 414.1732283464567 77.16535433070867 Goulue
1518.1102362204724 1401.5748031496064 456.6929133858268 77.16535433070867 entrant
1848.8188976377953 1401.5748031496064 248.8188976377953 77.16535433070867 au
1932.283464566929 1401.5748031496064 622.0472440944882 77.16535433070867 Moulin

631.496062992126 1505.5118110236222 560.6299212598425 85.03937007874016 1170
1080.3149606299212 1505.5118110236222 337.00787401574803 85.03937007874016 Celle
1305.5118110236222 1505.5118110236222 261.4173228346457 85.03937007874016 qui
1455.1181102362204 1505.5118110236222 225.1968503937008 85.03937007874016 se
1566.9291338582677 1505.5118110236222 374.8031496062992 85.03937007874016 peigne
1829.9212598425197 1505.5118110236222 261.4173228346457 85.03937007874016 (n°
1941.732283464567 1505.5118110236222 149.60629921259843 85.03937007874016 1)

603.1496062992126 1618.8976377952756 559.0551181102362 88.18897637795276 1171
1050.3937007874015 1618.8976377952756 335.43307086614175 88.18897637795276 Celle
1274.015748031496 1618.8976377952756 259.84251968503935 88.18897637795276 qui
1422.0472440944882 1618.8976377952756 223.6220472440945 88.18897637795276 se
1533.8582677165355 1618.8976377952756 371.65354330708664 88.18897637795276 peigne
1795.275590551181 1618.8976377952756 259.84251968503935 88.18897637795276 (n°
1907.0866141732283 1618.8976377952756 185.82677165354332 88.18897637795276 2).

604.7244094488188 1735.4330708661416 622.0472440944882 81.88976377952756 1172
1102.3622047244094 1735.4330708661416 373.2283464566929 81.88976377952756 Femme
1310.236220472441 1735.4330708661416 289.76377952755905 81.88976377952756 brune

601.5748031496063 1845.6692913385828 615.7480314960629 83.46456692913385 1173
1092.9133858267717 1845.6692913385828 450.3937007874016 83.46456692913385 Affiche
1422.0472440944882 1845.6692913385828 327.5590551181102 83.46456692913385 pour
1626.7716535433071 1845.6692913385828 245.66929133858267 83.46456692913385 le
1749.6062992125985 1845.6692913385828 656.6929133858267 83.46456692913385 Moulin-Rouge
2283.464566929134 1845.6692913385828 286.61417322834643 83.46456692913385 (2e
2406.299212598425 1845.6692913385828 286.61417322834643 83.46456692913385 état)

388.9763779527559 2061.417322834646 584.2519685039371 91.33858267716535 TRAVERS,
826.7716535433071 2061.417322834646 826.7716535433071 91.33858267716535 Désiré-Louis,
1508.6614173228347 2061.417322834646 291.33858267716533 91.33858267716535 né
1653.5433070866143 2061.417322834646 242.51968503937007 91.33858267716535 à
1751.1811023622047 2061.417322834646 486.61417322834643 91.33858267716535 Brest.
2091.3385826771655 2061.417322834646 242.51968503937007 91.33858267716535 —
2188.9763779527557 2061.417322834646 340.15748031496065 91.33858267716535 12,
2384.251968503937 2061.417322834646 340.15748031496065 91.33858267716535 rue
2529.1338582677167 2061.417322834646 195.2755905511811 91.33858267716535 de

472.4409448818898 2177.952755905512 500.78740157480314 88.18897637795276 Chabrol,
807.8740157480315 2177.952755905512 333.8582677165354 88.18897637795276 Paris.

587.4015748031496 2365.3543307086616 629.9212598425197 70.86614173228347 *1174
1099.2125984251968 2365.3543307086616 314.96062992125985 70.86614173228347 Baie
1296.0629921259842 2365.3543307086616 236.2204724409449 70.86614173228347 de
1414.1732283464567 2365.3543307086616 551.1811023622047 70.86614173228347 Bertheaume
1848.8188976377953 2365.3543307086616 629.9212598425197 70.86614173228347 (Finistère).
2321.259842519685 2365.3543307086616 393.7007874015748 70.86614173228347 Division

1062.992125984252 2453.5433070866143 544.8818897637796 72.44094488188976 cuirassée
1483.4645669291338 2453.5433070866143 503.93700787401576 72.44094488188976 rentrant
1859.8425196850394 2453.5433070866143 209.4488188976378 72.44094488188976 à
1902.3622047244094 2453.5433070866143 335.43307086614175 72.44094488188976 Brest.

568.503937007874 2557.48031496063 648.8188976377953 81.88976377952756 *1175
1096.0629921259842 2557.48031496063 486.61417322834643 81.88976377952756 Division
1459.8425196850394 2557.48031496063 527.5590551181102 81.88976377952756 cuirassée
1866.1417322834645 2557.48031496063 445.6692913385827 81.88976377952756 engagée
2190.551181102362 2557.48031496063 324.40944881889766 81.88976377952756 dans
2392.1259842519685 2557.48031496063 242.51968503937007 81.88976377952756 le
2474.015748031496 2557.48031496063 242.51968503937007 81.88976377952756 pas-

1059.8425196850394 2670.8661417322833 325.98425196850394 86.61417322834646 sage
1262.992125984252 2670.8661417322833 244.09448818897638 86.61417322834646 du
1385.8267716535433 2670.8661417322833 325.98425196850394 86.61417322834646 Four
1588.976377952756 2670.8661417322833 650.3937007874016 86.61417322834646 (Finistère).
2118.1102362204724 2670.8661417322833 365.3543307086614 86.61417322834646 Effet
2360.6299212598424 2670.8661417322833 244.09448818897638 86.61417322834646 de
2442.51968503937 2670.8661417322833 244.09448818897638 86.61417322834646 nuit

587.4015748031496 2785.8267716535433 623.6220472440945 81.88976377952756 1176
1085.0393700787401 2785.8267716535433 456.6929133858268 81.88976377952756 Cuisine
1418.8976377952756 2785.8267716535433 248.8188976377953 81.88976377952756 en
1543.3070866141732 2785.8267716535433 499.21259842519686 81.88976377952756 sous-sol
1916.5354330708662 2785.8267716535433 248.8188976377953 81.88976377952756 au
2042.5196850393702 2785.8267716535433 456.6929133858268 81.88976377952756 château
2374.803149606299 2785.8267716535433 248.8188976377953 81.88976377952756 du
2458.267716535433 2785.8267716535433 248.8188976377953 81.88976377952756 Che-

1044.0944881889764 2891.3385826771655 338.5826771653543 86.61417322834646 vain
1256.6929133858268 2891.3385826771655 551.1811023622047 86.61417322834646 (Sarthe).
1680.3149606299212 2891.3385826771655 593.7007874015748 86.61417322834646 Appartient
2146.4566929133857 2891.3385826771655 212.5984251968504 86.61417322834646 à
2231.496062992126 2891.3385826771655 296.06299212598424 86.61417322834646 Mme
2359.0551181102364 2891.3385826771655 338.5826771653543 86.61417322834646 Levas

1009.4488188976378 3006.299212598425 656.6929133858267 86.61417322834646 seur

565.3543307086615 3119.685039370079 681.8897637795276 81.88976377952756 *1177
1119.6850393700788 3119.685039370079 1151.1811023622047 81.88976377952756 Saint-Valery-sur-Somme.
2141.732283464567 3119.685039370079 297.6377952755906 81.88976377952756 Vue
2311.8110236220473 3119.685039370079 384.251968503937 81.88976377952756 prise
2525.984251968504 3119.685039370079 170.07874015748033 81.88976377952756 du

1009.4488188976378 3229.9212598425197 359.0551181102362 85.03937007874016 Crotoy

576.3779527559055 3344.8818897637793 685.0393700787401 86.61417322834646 *1178
1132.283464566929 3344.8818897637793 256.6929133858268 86.61417322834646 Le
1261.4173228346456 3344.8818897637793 385.8267716535433 86.61417322834646 petit
1518.1102362204724 3344.8818897637793 341.73228346456693 86.61417322834646 port
1732.283464566929 3344.8818897637793 256.6929133858268 86.61417322834646 du
1859.8425196850394 3344.8818897637793 428.34645669291336 86.61417322834646 Crotoy
2160.6299212598424 3344.8818897637793 513.3858267716536 86.61417322834646 (Somme).
2502.3622047244094 3344.8818897637793 214.17322834645668 86.61417322834646 Vue

1055.1181102362204 3455.1181102362207 376.37795275590554 86.61417322834646 prise
1305.5118110236222 3455.1181102362207 250.39370078740157 86.61417322834646 de
1429.9212598425197 3455.1181102362207 250.39370078740157 86.61417322834646 la
1513.3858267716535 3455.1181102362207 333.8582677165354 86.61417322834646 Digue.

366.92913385826773 3677.165354330709 529.1338582677165 86.61417322834646 TRILHE,
751.1811023622047 3677.165354330709 817.3228346456693 86.61417322834646 Ernest-Félix,
1423.6220472440946 3677.165354330709 288.18897637795277 86.61417322834646 né
1566.9291338582677 3677.165354330709 240.9448818897638 86.61417322834646 à
1662.992125984252 3677.165354330709 480.31496062992125 86.61417322834646 Paris.
2000.0 3677.165354330709 240.9448818897638 86.61417322834646 —
2096.0629921259842 3677.165354330709 337.00787401574803 86.61417322834646 54,
2288.1889763779527 3677.165354330709 433.07086614173227 86.61417322834646 route
2527.5590551181103 3677.165354330709 192.1259842519685 86.61417322834646 de

464.56692913385825 3788.9763779527557 488.18897637795277 88.18897637795276 Chatou,
818.8976377952756 3788.9763779527557 266.1417322834646 88.18897637795276 Le
907.0866141732283 3788.9763779527557 444.09448818897636 88.18897637795276 Vésinet.

584.2519685039371 3922.834645669291 598.4251968503937 86.61417322834646 1179
1062.992125984252 3922.834645669291 478.74015748031496 86.61417322834646 Portrait
1422.0472440944882 3922.834645669291 239.37007874015748 86.61417322834646 de
1541.732283464567 3922.834645669291 398.4251968503937 86.61417322834646 Madame
1820.4724409448818 3922.834645669291 239.37007874015748 86.61417322834646 B.
1900.7874015748032 3922.834645669291 239.37007874015748 86.61417322834646 L...

598.4251968503937 4036.220472440945 581.1023622047244 89.76377952755905 1189
1062.992125984252 4036.220472440945 231.49606299212599 89.76377952755905 Le
1179.5275590551182 4036.220472440945 348.0314960629921 89.76377952755905 matin
1412.5984251968505 4036.220472440945 231.49606299212599 89.76377952755905 du
1489.763779527559 4036.220472440945 348.0314960629921 89.76377952755905 départ.

343.3070866141732 4256.692913385827 418.8976377952756 92.91338582677166 URBAN
623.6220472440945 4256.692913385827 466.1417322834646 92.91338582677166 (Mme),
949.6062992125984 4256.692913385827 559.0551181102362 92.91338582677166 Ernesta,
1368.5039370078741 4256.692913385827 325.98425196850394 92.91338582677166 née
1554.3307086614172 4256.692913385827 233.0708661417323 92.91338582677166 à
1647.244094488189 4256.692913385827 466.1417322834646 92.91338582677166 Vienne
1927.5590551181103 4256.692913385827 604.7244094488188 92.91338582677166 (Autriche).

464.56692913385825 4370.078740157481 244.09448818897638 92.91338582677166 7,
587.4015748031496 4370.078740157481 365.3543307086614 92.91338582677166 villa
829.9212598425197 4370.078740157481 648.8188976377953 92.91338582677166 Michel-Ange,
1316.5354330708662 4370.078740157481 406.2992125984252 92.91338582677166 Auteuil.

562.2047244094488 4503.937007874016 571.6535433070866 86.61417322834646 *1181
990.5511811023622 4503.937007874016 464.56692913385825 86.61417322834646 Pensierosa.
